2434 3925
365 224 453 273 nusn.
470 223 620 274 cunnos.
637 225 705 273 nna.
721 224 775 291 rx,
791 220 817 274 4.
960 190 962 193 ⁵
1028 211 1087 272 135

87 380 214 442 eflicitur
230 371 397 458 spedibus,
416 370 565 440 conclusio
580 396 686 444 nomen
700 378 815 456 aliquod
831 376 985 438 desiderat.
1013 376 1088 452 Quid

86 466 227 540 sitigitur
246 464 443 541 potiusquam
465 482 651 539 numerus,
677 472 707 523 et
729 463 871 522 oratorius
891 481 1040 541 numerus,
1059 473 1090 522 ut

87 548 270 622 enthymema
290 547 452 606 rhetoricus
474 544 682 624 syllogismus?
726 545 792 622 Ego
815 555 912 622 certe,
934 562 971 605 ne
992 549 1019 605 iu
1042 566 1088 607 ca-

87 632 222 692 lumniam
236 632 351 705 oadam,
369 649 424 709 qua
439 649 475 690 ne
491 631 528 690 nt.
546 632 660 708 quidem
676 629 785 690 Tullius
802 630 909 705 caruit,
926 648 1017 708 posco
1032 631 1090 690 hoc

85 716 172 791 milti,
192 723 238 791 ut,
262 731 395 792 cumpro
418 717 579 793 composito
601 715 702 774 dixero
719 731 865 789 numerum
882 722 911 773 et
926 713 1090 794 ubicunque

86 802 146 859 iarn
160 799 235 874 dixi,
258 799 462 875 oratorium
482 799 580 858 dicere
596 794 752 875 intelligar.

74 931 76 936 .
175 881 339 942 Collocatio
360 892 454 942 autem
476 883 566 942 verba
586 883 642 942 iam
659 882 828 961 probatum
850 881 945 941 electa
962 890 990 940 et
1009 880 1132 944 velutdss

87 967 235 1043 assignata
250 966 304 1025 sibi
320 965 409 1026 debet
424 977 617 1035 connectere;
641 985 705 1025 nam
718 966 767 1026 vel
784 966 854 1026 dure
873 967 947 1024 iuter
963 984 995 1023 se
1013 983 1088 1024 com-

86 1052 175 1109 missa
196 1052 310 1128 potiora
332 1059 397 1111 suut
419 1051 575 1111 inutilibus.
621 1050 728 1110 Tamen
752 1059 781 1109 et
802 1050 914 1127 eligere
938 1049 1089 1126 quaedam,

87 1134 155 1192 dum
176 1151 214 1192 ex
231 1135 282 1209 iis,
307 1152 381 1212 quae
399 1133 474 1194 idem
493 1135 657 1211 significent
676 1145 763 1213 atque
785 1134 860 1194 idem
874 1133 1004 1208 valeant,
1022 1151 1089 1211 per·

86 1218 231 1294 miserim,
255 1226 285 1276 et
305 1217 432 1277 adiicere
447 1218 512 1278 dum
526 1236 584 1278 non
600 1221 712 1294 otiosa,
735 1228 763 1278 et
779 1217 931 1278 detrahere
948 1218 1012 1277 dum
1032 1234 1090 1276 non

86 1302 265 1361 necessaria.
308 1302 367 1361 Sed
383 1302 486 1379 liguris
502 1312 612 1362 mutare
630 1321 715 1362 casus
737 1312 824 1380 atquc
845 1318 998 1378 numeros,
1018 1318 1089 1379 quo-

87 1403 151 1444 rum
168 1387 293 1445 varietas
317 1384 486 1464 frequenter
506 1389 599 1464 gratia
623 1387 841 1465 compositionis
866 1387 972 1460 ascita,
1004 1387 1089 1444 etiam

88 1486 143 1528 suo
161 1470 276 1528 nomine
291 1469 367 1529 solet
383 1488 450 1530 esse
465 1471 627 1530 iucundum.
665 1469 758 1530 Etiam
771 1469 820 1529 ubi
836 1469 913 1530 aliud
925 1470 999 1529 ratio
1015 1468 1132 1531 alludis

88 1554 270 1613 consuetudo
291 1563 410 1631 poscet:
439 1563 531 1613 utrum
551 1548 648 1630 volet,
677 1555 981 1636 sumatoompositio,
1006 1551 1091 1614 Vdu-

86 1639 169 1698 or‘sse
183 1638 232 1698 vel
252 1639 383 1714 citasse,
408 1637 611 1715 Deprendere
630 1637 679 1698 vel
703 1639 943 1717 deprehendere.
989 1635 1089 1697 (loitus

87 1722 175 1780 etiam
192 1721 368 1797 syllabarum
383 1739 441 1781 uon
454 1722 586 1799 negabo,
603 1731 633 1782 et
648 1722 784 1802 quidquid
799 1723 948 1781 sententiis
964 1730 1012 1780 aut
1028 1721 1088 1781 elo·

87 1805 197 1864 cutioui
216 1823 274 1864 non
301 1805 428 1866 nocebit.
470 1805 660 1884 Praecipuum
682 1816 777 1866 tamen
801 1806 830 1864 in
856 1806 914 1865 hoc
938 1822 1011 1883 opus
1033 1814 1132 1880 est,6o

87 1890 166 1948 scire
189 1889 264 1967 quod
283 1906 398 1968 quoque
420 1891 487 1950 loco
503 1888 657 1949 verborum
672 1892 794 1950 maxime
817 1891 957 1968 quadret.¹
992 1889 1089 1967 Atque

86 1975 113 2032 is
130 1974 237 2051 optime
257 1984 428 2053 componet,
451 1977 499 2054 qui
523 1974 580 2035 hoo
600 1993 659 2034 non
676 1976 769 2035 solum
787 1974 980 2053 componendi
996 1975 1090 2051 gratia

86 2056 168 2116 iacit.
819 2112 822 2118 .

172 2140 257 2201 Ratio
281 2159 353 2201 vero
373 2141 478 2220 pedum
492 2144 522 2201 iu
537 2144 669 2202 oratione
684 2151 729 2202 est
744 2142 832 2202 multo
853 2157 937 2221 quam
957 2143 986 2200 in
1001 2158 1089 2201 versu

88 2222 251 2284 difficilior:
269 2228 389 2303 primum
405 2226 482 2303 quod
493 2244 596 2285 versus
611 2228 711 2305 paucis
727 2229 904 2302 continetur,
918 2226 1011 2285 oratio
1027 2225 1088 2285 lon·

87 2308 188 2384 giores
203 2308 291 2369 habet
304 2327 395 2388 saepe
411 2311 560 2378 circuitum
583 2310 687 2369 deinde
707 2311 784 2389 quod
799 2328 902 2370 versus
917 2327 1035 2388 semper
1050 2311 1097 2368 si·⁴

86 2391 164 2451 milis
183 2392 238 2452 sibi
259 2401 304 2452 est
327 2403 356 2452 et
377 2411 432 2453 uua
451 2396 563 2454 ratione
580 2392 722 2471 decurrit,
750 2395 888 2453 orationis
904 2395 1088 2473 compositio,

86 2476 143 2534 nisi
160 2478 240 2535 varia
263 2485 324 2552 est,
348 2486 378 2537 et
397 2478 516 2537 odendit
532 2478 715 2538 similitudine
738 2487 768 2539 et
788 2480 817 2538 iu
834 2479 1018 2539 affectatione
1040 2478 1089 2538 dc-

87 2558 286 2638 prahenditur.
335 2559 373 2620 Et
395 2563 519 2622 inomni
546 2562 661 2640 quidem
682 2580 808 2641 corpore
835 2572 956 2641 totoque
984 2564 1029 2641 (ut
1050 2563 1131 2622 ita61

88 2643 335 2722 dixerim).tractu
350 2663 483 2705 uumerus
498 2648 622 2706 insertus
639 2656 693 2706 est.
720 2646 823 2725 Neque
836 2650 910 2707 enim
925 2647 1005 2724 loqui
1021 2662 1088 2723 pos·

88 2745 186 2786 sumus
204 2728 258 2786 nisi
274 2728 394 2803 syllabis
409 2729 546 2790 brevibus
563 2749 598 2790 ac
611 2730 725 2808 longis,
742 2750 779 2791 ex
792 2732 893 2809 quibus
905 2731 996 2809 pedes
1009 2728 1087 2787 liunt.

88 2808 182 2888 Magis
197 2820 292 2871 tamen
313 2821 343 2872 et
359 2812 540 2873 desideratur
555 2815 584 2873 iu
601 2814 739 2875 clausulis
764 2824 794 2873 et
814 2822 950 2893 apparet;
970 2813 1090 2891 primum

88 2896 157 2974 quia
172 2913 274 2955 sensus
290 2897 381 2956 omnis
393 2895 480 2957 habet
494 2916 575 2956 suum
590 2898 675 2957 linem
690 2900 843 2977 poscitque
857 2895 986 2956 naturale
1002 2897 1088 2954 iuter-

87 2978 211 3055 vallum,
229 2996 286 3059 quo
311 2997 327 3039 a
345 2982 492 3058 sequentis
509 2982 589 3041 initio
604 2982 761 3051 dividaturq
786 2981 889 3041 deiude
905 2980 984 3059 quod
1004 2997 1088 3040 aures

89 3065 251 3123 continuam
270 3080 374 3124 vocem
395 3074 514 3124 secutae
537 3065 700 3144 ductaeque
719 3065 801 3125 uelut
819 3081 912 3143 prono
934 3065 1087 3124 decumeu-

88 3146 127 3206 tls
148 3148 286 3207 orationis
312 3148 426 3208 domine
447 3157 504 3208 tum
525 3152 618 3227 magis
638 3150 779 3223 iudicant,
808 3167 878 3218 cum
892 3149 943 3208 ille
965 3151 1088 3227 impetus

89 3231 170 3289 stetit
192 3240 222 3290 et
242 3232 368 3291 intuendi
386 3242 498 3311 tempus
517 3232 604 3293 dedit.
648 3233 714 3292 Non
728 3234 816 3309 igitur
831 3233 929 3292 durum
945 3234 981 3293 sit
995 3236 1131 3310 nequedl

90 3312 257 3393 abruptum,
286 3332 343 3393 quo
364 3318 448 3375 animi
468 3316 548 3375 velut
567 3318 712 3394 respirant
733 3334 767 3376 ac
789 3316 965 3377 reficiuntur.
1008 3313 1089 3375 Haec

91 3405 137 3457 est
158 3398 246 3458 sedes
269 3399 422 3476 orationis,
450 3400 507 3460 hoo
529 3400 641 3460 auditor
668 3409 818 3479 expectat,
846 3400 893 3460 hio
916 3402 979 3460 laus
997 3400 1088 3459 omnis

89 3481 242 3544 declamat.
286 3482 447 3545 Proximam
468 3484 604 3545 clausulis
626 3483 803 3563 diligentiam
821 3484 975 3565 'postulant
997 3485 1086 3559 initia,
