2434 3925
348 213 781 284 naeu.onuuon.u1u.1V,3.
1002 203 1060 267 183

5 364 6 367 ¹
77 374 189 457 quldem
204 382 298 433 uatum
313 370 349 432 ab
364 373 556 432 ostentatione
570 370 773 431 declamatoria
786 371 842 430 iam
855 371 888 430 in.
898 370 990 431 lorum
1009 392 1060 433 ue·

76 465 126 535 uit,
149 466 300 537 postquam
315 473 404 533 egere
419 473 520 516 causas
535 472 592 514 nou
607 454 642 514 ad
657 455 805 514 utilitatem
819 455 993 532 litigatorum
1008 457 1060 519 sed

77 545 112 605 ad
127 552 310 620 patronorum
325 542 505 599 iactationem
525 547 672 617 repertum
686 547 744 604 est;
760 555 811 612 ue,
830 540 855 596 si
871 557 991 616 pressae
1007 541 1060 617 illi,

77 627 170 707 qualis
191 626 306 703 saepius
325 624 519 698 desideratur,
544 624 714 681 narrationis
738 621 890 698 gracilitati
911 626 1061 684 coniuncta

77 718 307 786 argumentorum
325 709 492 786 pugnacitas
512 706 614 780 fuerit,
636 705 731 765 dilatis
749 706 853 764 diutius
875 705 987 766 dicendi
1009 726 1061 767 vo·

77 792 232 873 luptatibus
252 792 344 851 oratio
363 791 544 868 refrigescat.
577 789 609 849 lu
630 806 687 866 quo
702 790 799 848 vitium
813 788 883 849 illud
901 800 961 865 est,
984 792 1089 868 quod3

76 880 138 938 siue
153 877 314 936 discrimiue
329 892 477 934 causaruru
499 883 584 952 atque
598 872 727 932 utilitatis
742 871 814 947 boc,
834 882 966 950 tauquam
986 893 1060 935 sem·
1076 908 1078 913 ·

76 979 130 1041 per
145 958 279 1038 expediat
298 967 345 1018 aut
365 960 449 1018 etiam
466 975 588 1017 necesse
603 959 654 1031 sit,
678 957 797 1023 faciuut3
818 973 913 1034 eoque
935 967 1062 1036 sumptas

77 1064 115 1104 ex
128 1043 171 1103 bis
186 1043 331 1121 partibus,
349 1059 464 1121 quarum
480 1042 552 1101 alius
570 1050 632 1101 erat
646 1040 745 1115 loeus,
770 1042 926 1100 sententias
947 1043 975 1101 in
990 1042 1064 1101 hauc

77 1135 245 1203 congerunt,
263 1134 293 1185 ut
307 1125 426 1203 plurima
441 1134 488 1183 aut
502 1128 603 1185 iterum
614 1123 734 1184 dicenda
747 1125 802 1183 siut
813 1133 871 1199 aut,
890 1126 954 1203 quia
966 1125 1060 1185 alieno

76 1213 144 1272 loco
163 1211 237 1270 dicta
253 1218 333 1284 sunt,
354 1208 410 1269 dici
425 1225 478 1268 suo
493 1226 550 1268 nou
566 1210 688 1286 possint.
722 1206 787 1284 Ego
803 1216 896 1266 autem
911 1209 1090 1286 confiteor,4

75 1295 134 1356 boc
154 1293 315 1372 expatiandi
336 1311 427 1369 genus
446 1309 503 1351 uon
522 1296 607 1355 modo
630 1293 783 1351 narrationi
805 1292 957 1351 sedetiam
975 1311 1062 1370 quae·

75 1378 226 1453 stionlbus,
242 1377 290 1436 vel
304 1379 443 1436 universis
458 1376 506 1436 vel
521 1377 633 1436 iuterim
644 1376 775 1453 singulis,
792 1384 953 1454 opportune
973 1393 1062 1456 posse

76 1462 218 1538 subiungi,
236 1479 299 1520 cum
318 1478 366 1519 res
381 1459 508 1538 postulat
522 1469 570 1520 aut
585 1469 665 1520 certe
679 1461 832 1537 permittit,
854 1468 940 1538 utque
963 1478 999 1520 eo
1015 1462 1063 1521 vel

75 1549 195 1606 maxime
216 1545 352 1604 illustrari
373 1545 526 1621 ornarique
547 1545 720 1611 orationem
748 1543 801 1602 sed
826 1545 850 1602 si
874 1545 1013 1604 cohaeret
1033 1554 1065 1605 ει

76 1632 219 1707 sequitur,
241 1645 299 1686 nou
324 1630 421 1706 siper
446 1630 501 1686 viru
522 1636 658 1688 cuneatur
680 1636 725 1702 et,
753 1644 827 1704 quae
846 1635 945 1687 natura
967 1630 1062 1689 iuncta

77 1723 172 1787 erant,
189 1710 327 1772 distrahit.
362 1710 438 1770 Nihil
454 1713 528 1770 euim
542 1720 599 1770 tam
614 1720 658 1770 est
673 1727 854 1788 consequeus
868 1728 952 1788 quam
964 1721 1089 1772 narra-5

75 1798 146 1856 tioui
159 1795 307 1874 probatio,
332 1796 386 1854 nisi
408 1812 547 1854 excursus
569 1795 621 1854 ille
645 1794 693 1852 vel
713 1796 794 1871 quasi
815 1793 877 1852 linis
892 1797 1061 1855 narrationis

75 1880 124 1939 vel
140 1882 220 1958 quasi
233 1881 340 1938 initium
357 1878 534 1957 probationis
552 1887 606 1937 est.
643 1876 707 1937 Erit
721 1894 792 1953 ergo
806 1876 849 1936 illi
863 1895 1062 1955 nonuunquam

76 1964 169 2039 locus,
184 1973 226 2038 ut,
241 1966 265 2022 si
281 1965 425 2042 expositio
443 1964 520 2023 cirea
535 1963 619 2022 duem
633 1970 717 2020 atrox
733 1961 832 2038 luerit,
854 1979 1062 2040 prosequamur

76 2066 139 2107 eam
158 2046 238 2106 velut
261 2056 427 2125 erumpente
454 2048 582 2125 protinus
603 2046 807 2122 indignatione.
856 2043 941 2118 Quod
967 2054 1089 2110 taneuo

75 2134 113 2191 ita
129 2132 191 2190 lieri
206 2130 364 2209 oportebit,
387 2132 411 2189 si
425 2148 479 2189 res
494 2130 697 2190 dubitationem
711 2146 767 2188 nou
781 2128 907 2190 babebit.
943 2129 1061 2208 Alioqui

75 2217 154 2294 prius
170 2222 224 2289 εει,
247 2215 322 2292 quod
339 2214 474 2288 obiicias,
489 2231 588 2273 verum
601 2213 721 2273 efficere
736 2231 819 2291 quam
834 2230 979 2289 maguum,
995 2216 1061 2290 quia
1142 2251 1147 2268 t

77 2300 221 2358 criminum
243 2298 346 2358 invidia
366 2315 419 2377 pro
440 2314 493 2357 reo
515 2307 576 2374 est,
599 2299 763 2376 priusquam
782 2295 964 2374 probabitur;
987 2297 1060 2356 dilli-

58 2381 180 2441 ‘cillima
200 2390 245 2442 εει
278 2383 351 2441 euim
371 2383 531 2459 gravissimi
558 2383 696 2458 cuiusque
718 2380 840 2439 sceleris
861 2379 943 2439 fides.
985 2379 1099 2447 ldeml

75 2465 138 2524 lieri
145 2482 209 2524 ¹nou
224 2465 361 2524 inutiliter
374 2474 487 2543 potest,
503 2472 548 2539 ut,
563 2467 587 2524 si
601 2465 701 2524 merita
715 2466 744 2522 ia
759 2464 951 2523 adversarium
967 2463 1061 2542 aliqua

76 2550 272 2626 exposueris,
285 2549 313 2606 iu
327 2551 466 2625 ingratum
479 2547 641 2617 inveharis;
663 2557 727 2622 aut,
742 2550 767 2606 si
783 2549 951 2607 varietatem
968 2550 1059 2608 crimi-

75 2650 140 2690 num
165 2633 327 2691 narratione
348 2633 604 2707 demonstraveris,
631 2640 764 2711 quantum
784 2631 821 2691 ob
843 2649 878 2690 ea
899 2632 1058 2708 periculum

75 2716 242 2791 intentetur,
268 2716 412 2775 ostendas.
456 2711 563 2775 Verum
582 2714 655 2774 baec
678 2715 807 2774 breviter
828 2716 930 2776 omnia.
971 2714 1090 2777 ludex&

75 2801 165 2875 enim,
192 2799 291 2862 urdine
311 2799 422 2874 audito,
444 2800 561 2859 festinat
585 2797 841 2878 adprobationem
864 2807 894 2857 et
919 2801 1060 2875 quampri-

75 2899 150 2941 mum
165 2891 261 2942 certus
277 2900 343 2942 esse
360 2885 519 2943 sententiae
536 2884 623 2960 cupit.
658 2882 813 2942 Praeterea
829 2881 986 2941 cauendum
1004 2890 1059 2956 est,

75 2984 112 3024 ne
127 2968 190 3044 ipsa
205 2968 348 3045 expositio
363 2976 514 3043 vanescat,
540 2967 651 3025 aversis
672 2967 700 3024 iu
721 2965 798 3026 aliud
821 2967 920 3025 animis
940 2973 970 3023 ει
986 2967 1069 3025 inani

74 3065 153 3108 mora
172 3050 307 3126 fatigatis.

158 3133 258 3193 Sedet
271 3150 328 3192 uon
342 3150 459 3211 semper
477 3142 523 3193 est
537 3134 703 3193 necessaria
724 3140 791 3210 post
805 3133 995 3192 narrationem
1010 3132 1089 3194 illas

5 3225 6 3232 ’
75 3218 237 3295 procursio,
251 3218 291 3276 ita
309 3217 476 3295 frequenter
490 3217 567 3278 utilis
579 3225 645 3276 aute
657 3217 854 3294 quaestionem
865 3218 1058 3293 praeparatio,

74 3300 172 3378 utique
189 3301 214 3358 si
231 3301 319 3377 prima
334 3303 434 3378 specie
448 3303 539 3360 minus
559 3303 615 3359 erit
630 3299 807 3374 favorabilis,
824 3301 848 3358 si
864 3299 959 3376 legem
975 3317 1058 3376 espe-

73 3400 134 3442 ram
155 3400 190 3443 ac
213 3384 365 3461 poenarias
388 3386 519 3444 actiones
540 3383 689 3443 tuebimur.
732 3382 786 3443 Est
806 3383 853 3444 bic
875 3384 958 3443 locus
979 3382 1059 3442 velut

73 3468 221 3548 sequentis
245 3467 413 3530 exordiiad
436 3468 645 3529 conciliandum
663 3468 877 3548 probationibus
896 3466 1002 3527 uostris
1016 3466 1057 3524 iu·
