2434 3925
344 197 432 248 nasa.
451 198 598 249 caunos.
614 201 683 248 ιιι.
698 200 754 268 111,
768 196 795 251 a.
1008 189 1064 250 141

76 353 208 416 Rontaui
227 371 269 414 aa
290 349 471 430 Fidenates,
490 354 604 417 Graeci
619 372 661 415 an
681 354 825 430 barbari,
849 355 920 413 etin
935 354 1065 432 singulis,

7 416 9 485 b
77 436 192 499 Catoni
202 436 350 516 petendos
367 437 497 498 bonores
511 439 698 499 suadeamus
714 456 755 497 an
771 435 804 497 0.
821 436 938 515 Mario,
960 441 999 499 de
1015 458 1065 499 ra-

76 523 158 583 tione
175 521 246 583 betti
263 519 367 598 Scipio
382 523 471 598 prior
490 539 532 583 an
553 519 667 583 dubius
689 522 841 583 deliberet.
885 521 1006 581 Proinde
1025 525 1109 581 ιιι-38

76 604 184 665 tuenda
201 621 304 678 sexus,
325 602 463 680 dignitas,
484 614 575 663 aetas.
613 604 670 664 Sed
685 621 780 663 mores
795 606 953 683 praecipue
967 605 1066 666 discri-

77 706 144 747 men
159 686 273 746 dabunt.
303 686 341 746 Et
357 687 478 747 honesta
494 688 606 766 quidem
622 688 749 747 honestis
765 688 887 747 suadere
903 689 1067 749 facillimum

78 781 138 840 est;
163 771 277 831 sivero
300 770 374 853 apud
397 779 495 848 turpes
515 781 594 831 recta
618 771 749 830 obtinere
770 771 949 847 conabimur,
973 792 1009 831 ne
1023 774 1065 831 vi·

78 855 198 916 deamur
214 854 393 932 exprobrare
417 854 560 914 diversam
580 856 658 915 vitae
673 864 798 930 sectam,
822 856 988 915 cavendum.
1029 855 1107 916 Et39

6 972 8 1007 r
78 940 188 999 animus
218 938 402 998 deliberantis
432 954 489 996 non
518 940 580 1017 ipsa
610 938 723 997 honesti
752 947 869 1014 natura,
904 956 986 1016 quam
1015 939 1066 998 ille

78 1039 136 1082 non
156 1022 291 1100 respicit,
314 1021 541 1099 permovendas,
558 1022 620 1083 sed
637 1021 737 1097 laudo,
760 1023 840 1099 vulgi
862 1024 1011 1101 opinione,
1037 1032 1066 1081 et

36 1106 46 1114 ‘
78 1107 224 1183 siparum
248 1105 381 1184 proficiet
404 1104 477 1164 haec
497 1107 626 1181 vanitas,
653 1114 786 1165 secutura
809 1124 846 1165 ex
866 1107 909 1165 his
931 1106 1064 1181 utilitate,

78 1189 225 1267 aliquanto
247 1205 319 1248 vero
342 1191 433 1265 magis
457 1188 619 1249 obiiciendo
646 1190 774 1267 aliquos,
802 1191 827 1248 si
852 1190 965 1250 diversa
986 1191 1064 1250 lece-

78 1274 150 1348 rint,
173 1282 275 1331 metus.
310 1269 440 1349 Namque
455 1282 571 1350 praeter
590 1272 636 1348 id,
658 1272 735 1351 quod
752 1273 795 1333 his
816 1274 953 1333 levissimi
971 1276 1108 1334 cuius-lb

79 1374 137 1434 que
159 1357 266 1415 animus
291 1355 427 1415 lacillime
448 1365 590 1432 terretur,
618 1358 717 1416 nescio
738 1359 878 1417 an-etiam
899 1357 1066 1417 naturaliter

79 1438 155 1518 apud
175 1439 312 1517 plurimos
329 1439 394 1517 plus
410 1439 507 1500 valeat
521 1440 660 1500 malorum
676 1442 760 1501 timor
781 1459 865 1518 quarn
886 1459 954 1520 spes
975 1441 1065 1500 bono-

48 1573 65 1600 „
79 1526 156 1598 rum,
178 1523 253 1582 sicut
268 1522 382 1583 facilior
403 1524 511 1583 eisdem
527 1525 650 1603 turpium
672 1542 755 1602 quam
776 1525 961 1584 honestorum
983 1525 1105 1585 intel-41

80 1606 173 1666 lectus
195 1615 249 1665 est.
292 1605 454 1684 Aliquando
478 1607 560 1666 bonis
582 1625 698 1686 quoque
720 1609 874 1668 suadentur
893 1626 992 1688 parum
1016 1608 1065 1668 de·

80 1707 165 1764 cora,
193 1689 294 1749 dantur
316 1707 415 1767 parum
438 1691 521 1750 bonis
541 1691 677 1767 consilia,
701 1693 729 1749 in
751 1691 852 1768 quibus
873 1694 1000 1771 ipsorum
1017 1694 1065 1769 qni

79 1772 232 1849 consulunt
261 1783 408 1851 spectatur
437 1775 554 1834 utilitas.
600 1773 663 1834 Nec
685 1793 731 1834 me
754 1774 844 1850 fallit,
874 1793 948 1853 quae
971 1777 1065 1835 statim

78 1856 218 1934 cogitatio
241 1857 338 1916 subire
360 1860 453 1935 possit
473 1857 633 1934 legentem:
662 1857 725 1917 lloc
746 1875 818 1934 ergo
840 1855 1005 1937 praecipis?
1035 1867 1064 1917 et
1096 1890 1100 1899 ι

78 1939 137 2000 boc
158 1940 202 2000 las
225 1937 330 2020 putas?
357 1939 474 2004 Poterat
493 1959 539 2002 me
560 1941 685 2001 liberare
701 1938 822 2017 Cicero,
845 1943 892 2020 qui
908 1943 945 2002 ita
966 1941 1107 2007 scribitaa

78 2024 114 2085 ad
128 2023 261 2101 Brutum,
278 2027 452 2104 praepositis
469 2025 614 2104 plurimis,
636 2043 710 2103 quae
724 2024 847 2085 honeste
861 2027 975 2086 suaderi
992 2023 1064 2084 Gae-

78 2109 139 2168 sari
166 2109 292 2187 possint:
325 2107 431 2171 Sirone
449 2110 544 2171 bouus
563 2110 628 2186 cir,
654 2110 780 2171 ethaeo
799 2111 970 2171 suadeam?
1006 2107 1064 2169 Mi-

77 2193 168 2253 nime.
207 2190 353 2255 Suasoris
373 2195 450 2254 euim
469 2194 540 2272 finis
560 2202 604 2253 est
628 2194 742 2254 utilitas
763 2195 846 2270 eius,
869 2196 920 2255 cui
940 2195 1066 2272 quisque

76 2277 198 2337 suadet.
230 2272 271 2336 At
289 2285 376 2337 reeta
396 2284 474 2341 suat.
509 2274 584 2350 Quis
600 2278 713 2355 aequi?
732 2277 790 2337 sed
802 2296 861 2337 nou
881 2285 926 2339 est
946 2296 1066 2356 semper

77 2360 173 2421 rectis
188 2360 221 2420 s'u
237 2361 398 2421 suadendo
418 2361 512 2425 heus.
549 2359 607 2422 Sed
624 2361 688 2438 quia
701 2369 749 2419 est
763 2360 849 2420 altior
863 2362 994 2438 quaestio
1011 2378 1065 2419 neo

78 2450 187 2503 tantum
203 2439 238 2501 ad
255 2444 401 2503 suasorias
416 2446 558 2521 pertinet,
580 2444 741 2503 destinatus·
760 2454 804 2504 est
826 2444 893 2503 mihi
915 2445 961 2504 hic
982 2445 1064 2504 locus

79 2524 269 2602 duodecimo,
292 2528 340 2604 qui
364 2545 487 2588 summus
503 2528 614 2588 iuturus
630 2537 689 2603 est,
713 2527 797 2587 libro.
833 2527 896 2587 Nec
912 2545 968 2605 ego
987 2527 1107 2606 quid-ss

80 2628 165 2688 qnam
181 2609 242 2668 lieri
257 2612 379 2689 turpiter
392 2612 488 2670 velim.
526 2611 633 2670 Verum
648 2612 759 2670 interim
773 2611 846 2671 haec
859 2612 908 2671 vel
928 2611 963 2671 ad
979 2611 1064 2670 scho-

79 2693 170 2754 larum
188 2694 410 2754 exercitationes
427 2695 573 2773 pertinere
595 2696 762 2771 credantur,
784 2714 848 2755 nam
864 2704 893 2755 et
907 2697 1066 2773 iniquorum

78 2777 153 2837 ratio
180 2777 326 2837 noscenda
349 2786 409 2857 cst,
439 2786 470 2838 nt
486 2778 591 2838 melius
611 2796 703 2860 aequa
727 2787 864 2838 tueamur.
907 2777 1021 2837 lnterim
1042 2777 1109 2837 si44

80 2862 144 2939 quis
165 2859 243 2919 bono
263 2860 413 2948 inhonesta
436 2862 582 2922 suadebit:
605 2863 764 2922 meminerit
784 2880 841 2922 non
862 2862 985 2921 suadere
1005 2870 1066 2922 tan·
1147 2869 1150 2874 ’

80 2961 165 3023 quam
182 2944 347 3021 inhonesta,
367 2955 397 3005 ut
415 2946 527 3023 quidam
542 2946 751 3026 declamatores
767 2947 885 3006 Sextum
902 2944 1068 3022 Pompeium

78 3028 115 3090 ad
139 3029 304 3106 piraticam,
326 3039 446 3108 propter
467 3029 523 3089 hoc
545 3031 652 3108 ipsum,
673 3031 749 3108 quad
770 3031 860 3107 turpis
885 3037 914 3087 et
941 3027 1067 3094 crudelis

79 3112 133 3186 sit,
147 3112 312 3190 impellunt;
329 3113 381 3172 sed
398 3113 506 3173 dandus
520 3113 577 3172 illis
593 3113 768 3173 delormibns
785 3112 867 3172 color
882 3112 967 3190 idque
983 3114 1068 3171 etiam

79 3194 156 3273 apud
171 3191 272 3255 malos.
302 3195 405 3273 Neque
421 3198 495 3257 enim
510 3199 660 3275 quisquam
677 3206 723 3257 est
738 3206 794 3256 tarn
810 3196 914 3271 malus,
931 3204 962 3256 ut
975 3194 1068 3254 videri

78 3277 162 3338 velit.
194 3279 245 3338 Sic
257 3276 383 3340 'Catilina
404 3281 480 3360 apud
494 3281 660 3341 Sallustium
684 3277 826 3358 loquitur,
849 3289 879 3339 ut
897 3297 958 3338 rem
973 3278 1109 3339 scole-45

77 3362 251 3423 ratissimam
265 3380 322 3422 non
336 3364 442 3425 malitia
457 3364 509 3424 sed
524 3364 718 3441 indignatione
732 3362 862 3423 videatur
877 3363 993 3423 andere.
1018 3362 1067 3423 Sic

77 3445 187 3507 Atreus
208 3447 284 3526 apud
302 3447 433 3507 Varium:
456 3480 499 3495 -
525 3447 593 3511 lam
610 3448 679 3526 fero
701 3448 821 3527 (inquit)
840 3446 1067 3526 infandissima,
