2434 3925
132 173 190 236 198
446 184 809 245 suumomni-summ

129 345 213 402 etiarn
232 339 433 417 dignitatibus,
454 348 485 399 ut
509 338 650 400 libertatis
676 346 793 400 nostrae
818 340 892 399 ratio
912 339 1080 419 reddatur,
1112 362 1158 405 ne

128 429 192 504 quis
207 442 260 484 uos
276 433 324 484 aut
337 423 499 503 petulantes
514 426 542 483 in
563 423 711 484 laedendis
732 425 775 483 eis
796 432 844 483 aut
859 425 943 483 etiam
958 424 1155 489 ambitiosos

128 517 220 589 putet.
258 508 357 585 ltaque
376 505 498 583 Cicero,
522 524 682 586 quanquam
704 509 811 567 eratin
829 505 1153 585 Guttangravissime

127 594 271 668 dicturus,
293 610 388 671 neque
405 591 490 651 aliter
505 594 553 668 agi
569 591 600 651 P.
617 590 703 670 Oppii
721 608 809 652 causa
830 600 960 669 poterat,
981 591 1084 670 longa
1103 604 1150 657 ta·

86 687 191 742 68men
206 676 386 755 praelatione
402 678 552 736 excusavit
566 672 656 735 oiflcii
668 677 712 735 sui
723 677 938 736 necessitatem.
961 675 1148 755 Aliquando

127 763 211 821 etiam
233 760 417 820 inferioribus
442 761 658 839 praecipueque
679 759 907 819 adolescentulis
930 776 1064 838 parcere
1092 773 1148 823 aut
1199 830 1200 841 ,

126 846 217 905 videri
233 845 328 904 decet.
359 844 453 904 Utitur
469 844 524 905 bac
539 843 736 904 moderatione
752 840 857 903 Gicerc
872 860 925 922 pro
940 842 1044 904 Caelio
1064 864 1146 907 con·
1199 848 1200 905 l

126 939 170 990 tra
184 928 354 1002 Atratinum,
372 937 403 987 ut
417 945 480 987 eum
494 944 551 986 uon
562 927 676 987 inimice
691 929 842 1005 corripere
857 927 909 987 sed
924 943 1018 1007 paene
1033 933 1146 1007 patrie

125 1031 244 1072 monere
264 1012 404 1071 videatur.
439 1010 513 1071 Nam
536 1020 566 1071 et
589 1010 693 1072 nobilis
715 1021 746 1072 et
763 1012 875 1072 iuvenis
897 1020 927 1071 at
947 1028 1005 1071 nou
1019 1014 1142 1075 iniusto

125 1097 228 1157 dolore
243 1104 363 1155 uenerat
378 1095 414 1156 ad
429 1096 629 1156 accusandum.

209 1179 267 1240 Sed
283 1182 310 1239 in
327 1179 371 1237 luis
386 1179 516 1257 quidem,
532 1181 560 1239 in
576 1178 679 1259 quibus
695 1180 744 1240 vel
759 1178 846 1240 iudici
863 1179 911 1239 vel
931 1181 1016 1240 etiam
1030 1190 1140 1242 astau-

125 1265 201 1324 tibus
226 1265 299 1323 ratio
325 1271 442 1323 nostrae
464 1263 669 1324 moderationis
694 1263 811 1342 probari
833 1264 935 1341 debet,
964 1265 1060 1324 minor
1086 1274 1139 1326 est
1200 1314 1201 1329 ι

125 1348 223 1414 labor:
242 1347 302 1407 illic
319 1346 384 1424 plus
401 1344 594 1423 difficultatis,
613 1348 660 1407 ubi
675 1349 773 1426 ipsos,
790 1357 890 1408 contra
905 1365 979 1425 quos
992 1348 1135 1425 dicimus,
1200 1348 1201 1381 ⁴

78 1437 117 1493 ‘69
126 1448 259 1491 veremur
272 1430 429 1491 offendere.
457 1430 540 1492 Duae
554 1432 637 1492 simul
651 1431 812 1492 huiusmodi
825 1449 970 1510 personae
987 1428 1135 1492 Ciceroni

126 1533 179 1594 pro
194 1514 311 1574 liusena
326 1515 432 1574 dicenti
447 1515 628 1592 obstiterunt,
644 1515 682 1575 tl
696 1515 813 1577 Catonis
825 1517 976 1594 Serviique
991 1516 1131 1594 Sulpicii.

126 1599 217 1673 Quam
231 1599 370 1659 decenter
384 1607 476 1659 tamen
491 1600 638 1678 Sulpicio,
656 1618 719 1660 cum
733 1616 833 1659 omues
851 1601 1048 1660 concessisset
1066 1603 1128 1660 vir·

125 1692 213 1758 tutes,
228 1684 376 1742 scientiam
393 1683 510 1761 petendi
526 1684 693 1744 consulatus
710 1680 837 1744 ademit?
866 1682 940 1756 Quid
956 1686 1031 1743 enim
1046 1684 1129 1745 aliud

126 1774 221 1841 esset,
249 1784 306 1845 quo
332 1785 365 1826 se
386 1769 492 1828 victum
512 1768 598 1827 bomo
627 1767 732 1827 nobilis
753 1777 783 1828 et
804 1769 874 1827 iuris
895 1769 1015 1827 antistes
1031 1770 1126 1844 magis

117 1848 235 1910 derret?
269 1850 306 1911 Ut
319 1868 391 1910 vero
406 1852 546 1911 rationem
562 1851 739 1911 defensionis
759 1868 829 1911 suae
849 1851 987 1927 reddidit,
1010 1870 1075 1910 cum
1091 1870 1125 1911 se

126 1934 270 1995 studuisse
284 1936 414 2013 petitioni
427 1935 547 2014 Sulpicii
559 1937 810 1997 coutra'houcrem
821 1934 967 2011 llureuae,
979 1936 1124 1996 nunidem

83 2026 117 2081 to
125 2019 234 2079 debere
259 2021 364 2079 actioni
391 2028 491 2079 contra
513 2029 616 2098 caput,
643 2016 775 2080 diceret?
817 2019 909 2093 Quam
928 2020 1009 2079 molli
1027 2028 1123 2080 auteur

126 2104 247 2163 articulo
262 2106 395 2163 tractavit
410 2101 570 2163 Catonem?
598 2105 679 2163 cuius
699 2112 826 2164 naturam
845 2121 953 2162 summe
968 2104 1123 2163 admiratus

124 2204 182 2245 nou
195 2188 285 2264 ipsius
299 2189 369 2246 vitio
385 2186 437 2246 sed
452 2188 569 2247 Stoicae
584 2195 684 2247 sectae
698 2186 866 2265 quibusdam
880 2189 908 2246 in
919 2187 1006 2247 rebus
1017 2187 1123 2247 iactum

125 2271 269 2330 duriorem
284 2271 377 2330 videri
393 2270 526 2340 volebam
548 2280 579 2330 ut
599 2274 674 2331 inter
692 2288 745 2330 eos
764 2287 822 2329 nou
840 2271 985 2330 forensem
1003 2280 1120 2330 conten·

36 2425 39 2436 ¹
83 2362 116 2418 71
124 2349 229 2413 tionem
240 2355 293 2414 sed
310 2355 466 2415 studiosam
481 2351 700 2433 disputationem
716 2354 854 2415 crederes
867 2355 1013 2415 incidisse.
1040 2353 1122 2415 llaec

125 2446 172 2497 est
185 2437 319 2515 prolecto
333 2440 423 2511 ratio,
445 2448 474 2499 et
495 2440 684 2499 certissimum
698 2447 921 2517 praeceptorum
935 2455 1027 2516 genus
1043 2437 1121 2497 illius

123 2522 177 2580 viri
192 2521 376 2597 observatio,
397 2531 444 2598 ut,
467 2540 530 2582 cum
544 2523 651 2601 aliquid
666 2522 818 2583 detrahere
833 2523 914 2583 salva
928 2524 1020 2600 qratia
1035 2520 1120 2598 velis,

124 2604 269 2665 concedas
284 2605 339 2665 alia
355 2606 465 2666 omnia:
487 2608 515 2665 in
534 2607 590 2666 lucc
607 2606 673 2666 solo
686 2605 734 2665 vol
748 2607 839 2665 miuus
854 2608 976 2686 peritum
994 2623 1077 2685 quam
1092 2606 1121 2664 iu

124 2692 247 2765 ceteris,
265 2689 392 2765 adiecta,
414 2692 438 2749 si
459 2691 566 2768 poterit
582 2690 661 2764 lieri,
684 2692 770 2750 etiam
784 2707 886 2765 causa,
905 2707 957 2749 cur
972 2689 1000 2749 id
1015 2691 1054 2749 ita
1070 2691 1118 2764 sit,

123 2774 170 2833 vel
186 2774 273 2851 paulo
288 2776 509 2852 pertinaciorem
520 2773 571 2833 'vel
591 2773 738 2834 credulum
754 2773 803 2833 vel
817 2775 934 2849 iratum,
955 2772 1004 2832 vel
1019 2772 1118 2851 impul·

82 2863 182 2918 lasum
199 2857 234 2916 ab
255 2857 327 2917 aliis.
359 2857 423 2917 lloc
439 2859 496 2917 illis
518 2874 667 2918 commune
684 2858 840 2918 remedium
862 2865 923 2932 est,
945 2858 1000 2915 nisi
1014 2858 1117 2916 intuta

50 2936 52 2940 ’
122 2943 237 3000 actione
252 2941 412 3020 aequaliter
428 2951 568 3021 appareat
590 2959 649 3000 non
668 2939 762 3001 bonor
775 2940 860 3000 modo
877 2940 929 3000 sed
945 2941 1029 3000 etiam
1044 2941 1117 2999 cari·

123 3032 176 3083 tas.
219 3024 375 3105 Praeterea
397 3044 483 3085 causa
504 3027 541 3084 sit
560 3024 644 3084 nobis
664 3026 739 3085 iusta
758 3026 801 3084 sic
822 3024 953 3099 dicendi,
973 3040 1068 3101 neque
1087 3023 1118 3083 id

81 3107 270 3172 lssmoderate
290 3117 396 3168 tautum
418 3109 554 3169 iaciamus
575 3107 628 3167 sed
649 3109 735 3169 etiam
755 3109 932 3168 necessario.
966 3106 1117 3166 Diversum

123 3190 158 3252 ab
179 3190 236 3249 hoc
255 3191 307 3250 sed
331 3192 462 3268 facilius,
489 3210 552 3253 curn
573 3191 717 3251 bominum
737 3201 785 3253 aut
803 3191 911 3269 alioqui
934 3192 1055 3269 turpium
1069 3198 1117 3250 aut

122 3275 205 3333 nobis
226 3276 381 3334 invisorum
401 3275 540 3352 quaedam
564 3276 641 3336 lacta
661 3275 801 3336 laudanda
823 3284 897 3335 suut.
927 3273 1022 3333 Decet
1043 3274 1116 3332 euim

122 3377 182 3418 rem
197 3359 288 3437 ipsam
303 3357 427 3436 probare
442 3361 470 3418 in
485 3359 676 3438 qualicunque
690 3376 824 3439 persona.
852 3358 930 3418 Dixit
945 3355 1050 3417 Cicero
1063 3373 1115 3435 pru

123 3442 242 3503 Gabinio
258 3451 288 3503 et
303 3442 334 3502 P.
349 3441 474 3521 Vatinio,
490 3444 689 3504 inimicissimis
703 3453 786 3504 autea
801 3443 855 3503 sibi
870 3440 1028 3502 bominibus
1043 3448 1072 3501 et
1086 3440 1116 3500 iu
1153 3487 1157 3494 .
