<?xml version="1.0" encoding="UTF-8"?>
<!DOCTYPE html PUBLIC "-//W3C//DTD XHTML 1.0 Transitional//EN"
    "http://www.w3.org/TR/xhtml1/DTD/xhtml1-transitional.dtd">
<html xmlns="http://www.w3.org/1999/xhtml" xml:lang="en" lang="en">
 <head>
  <title>
</title>
<meta http-equiv="Content-Type" content="text/html;charset=utf-8" />
  <meta name='ocr-system' content='tesseract 3.04.00' />
  <meta name='ocr-capabilities' content='ocr_page ocr_carea ocr_par ocr_line ocrx_word'/>
</head>
<body>
  <div class='ocr_page' id='page_1' title='image "./mfabiiquintilia08bonngoog_0452.png"; bbox 0 0 2434 3925; ppageno 0'>
   <div class='ocr_carea' id='block_1_1' title="bbox 456 217 815 280">
    <p class='ocr_par' dir='ltr' id='par_1_1' title="bbox 456 217 815 280">
     <span class='ocr_line' id='line_1_1' title="bbox 456 217 815 280; baseline -0.008 -11"><span class='ocrx_word' id='word_1_1' title='bbox 456 222 492 269; x_wconf 79' lang='lat' dir='ltr'>un</span> <span class='ocrx_word' id='word_1_2' title='bbox 505 221 583 271; x_wconf 75' lang='lat' dir='ltr'>nus.</span> <span class='ocrx_word' id='word_1_3' title='bbox 598 217 815 280; x_wconf 79' lang='lat' dir='ltr'>Qumurnmm</span> 
     </span>
    </p>
   </div>
   <div class='ocr_carea' id='block_1_2' title="bbox 414 444 869 495">
    <p class='ocr_par' dir='ltr' id='par_1_2' title="bbox 414 444 869 495">
     <span class='ocr_line' id='line_1_2' title="bbox 414 444 869 495; baseline -0.004 -1"><span class='ocrx_word' id='word_1_4' title='bbox 414 445 468 494; x_wconf 85' lang='lat' dir='ltr'>DE</span> <span class='ocrx_word' id='word_1_5' title='bbox 501 444 869 495; x_wconf 79' lang='lat' dir='ltr'><strong>PERSPIGUITATE.</strong></span> 
     </span>
    </p>
   </div>
   <div class='ocr_carea' id='block_1_3' title="bbox 95 539 1214 3555">
    <p class='ocr_par' dir='ltr' id='par_1_3' title="bbox 145 539 1148 787">
     <span class='ocr_line' id='line_1_3' title="bbox 228 539 1148 619; baseline 0.002 -19"><span class='ocrx_word' id='word_1_6' title='bbox 228 540 264 600; x_wconf 89' lang='lat' dir='ltr'>ll.</span> <span class='ocrx_word' id='word_1_7' title='bbox 295 540 487 618; x_wconf 89' lang='lat' dir='ltr'>Perspiouitas</span> <span class='ocrx_word' id='word_1_8' title='bbox 508 542 537 599; x_wconf 90' lang='lat' dir='ltr'>in</span> <span class='ocrx_word' id='word_1_9' title='bbox 551 541 648 601; x_wconf 82' lang='lat' dir='ltr'>uerbis</span> <span class='ocrx_word' id='word_1_10' title='bbox 663 542 848 619; x_wconf 85' lang='lat' dir='ltr'>praecipuam</span> <span class='ocrx_word' id='word_1_11' title='bbox 865 539 952 598; x_wconf 87' lang='lat' dir='ltr'>habet</span> <span class='ocrx_word' id='word_1_12' title='bbox 973 542 1148 618; x_wconf 90' lang='lat' dir='ltr'>proprie·</span> 
     </span>
     <span class='ocr_line' id='line_1_4' title="bbox 145 624 1148 703; baseline 0 -18"><span class='ocrx_word' id='word_1_13' title='bbox 145 632 272 699; x_wconf 83' lang='lat' dir='ltr'>tatem,</span> <span class='ocrx_word' id='word_1_14' title='bbox 290 624 342 683; x_wconf 91' lang='lat' dir='ltr'>sed</span> <span class='ocrx_word' id='word_1_15' title='bbox 356 627 519 703; x_wconf 79' lang='lat' dir='ltr'>proprietas</span> <span class='ocrx_word' id='word_1_16' title='bbox 535 627 597 703; x_wconf 90' lang='lat' dir='ltr'>ipsa</span> <span class='ocrx_word' id='word_1_17' title='bbox 608 642 666 683; x_wconf 89' lang='lat' dir='ltr'>uon</span> <span class='ocrx_word' id='word_1_18' title='bbox 681 625 849 703; x_wconf 86' lang='lat' dir='ltr'>simpliciter</span> <span class='ocrx_word' id='word_1_19' title='bbox 862 625 1010 701; x_wconf 76' lang='lat' dir='ltr'>accipitur.</span> <span class='ocrx_word' id='word_1_20' title='bbox 1029 624 1148 685; x_wconf 83' lang='lat' dir='ltr'>Primus</span> 
     </span>
     <span class='ocr_line' id='line_1_5' title="bbox 146 706 1147 787; baseline 0 -19"><span class='ocrx_word' id='word_1_21' title='bbox 146 710 221 768; x_wconf 88' lang='lat' dir='ltr'>enim</span> <span class='ocrx_word' id='word_1_22' title='bbox 242 708 409 768; x_wconf 88' lang='lat' dir='ltr'>intellectus</span> <span class='ocrx_word' id='word_1_23' title='bbox 431 718 477 768; x_wconf 88' lang='lat' dir='ltr'>est</span> <span class='ocrx_word' id='word_1_24' title='bbox 497 728 549 769; x_wconf 90' lang='lat' dir='ltr'>sua</span> <span class='ocrx_word' id='word_1_25' title='bbox 571 710 708 787; x_wconf 87' lang='lat' dir='ltr'>cuiusque</span> <span class='ocrx_word' id='word_1_26' title='bbox 734 710 777 767; x_wconf 94' lang='lat' dir='ltr'>rei</span> <span class='ocrx_word' id='word_1_27' title='bbox 799 706 974 786; x_wconf 81' lang='lat' dir='ltr'>appellatio,</span> <span class='ocrx_word' id='word_1_28' title='bbox 1003 725 1059 785; x_wconf 83' lang='lat' dir='ltr'>qua</span> <span class='ocrx_word' id='word_1_29' title='bbox 1085 727 1147 768; x_wconf 92' lang='lat' dir='ltr'>non</span> 
     </span>
    </p>

    <p class='ocr_par' dir='ltr' id='par_1_4' title="bbox 95 791 1214 3555">
     <span class='ocr_line' id='line_1_6' title="bbox 117 791 1145 870; baseline 0 -19"><span class='ocrx_word' id='word_1_30' title='bbox 117 806 262 870; x_wconf 71' lang='lat' dir='ltr'>asemper</span> <span class='ocrx_word' id='word_1_31' title='bbox 273 802 393 851; x_wconf 89' lang='lat' dir='ltr'>utemur.</span> <span class='ocrx_word' id='word_1_32' title='bbox 421 792 492 851; x_wconf 86' lang='lat' dir='ltr'>Nam</span> <span class='ocrx_word' id='word_1_33' title='bbox 514 803 542 851; x_wconf 90' lang='lat' dir='ltr'>et</span> <span class='ocrx_word' id='word_1_34' title='bbox 560 792 686 851; x_wconf 89' lang='lat' dir='ltr'>obscena</span> <span class='ocrx_word' id='word_1_35' title='bbox 702 791 851 851; x_wconf 84' lang='lat' dir='ltr'>vitabimus</span> <span class='ocrx_word' id='word_1_36' title='bbox 870 800 898 849; x_wconf 89' lang='lat' dir='ltr'>et</span> <span class='ocrx_word' id='word_1_37' title='bbox 913 792 1028 852; x_wconf 93' lang='lat' dir='ltr'>sordida</span> <span class='ocrx_word' id='word_1_38' title='bbox 1044 802 1075 851; x_wconf 86' lang='lat' dir='ltr'>et</span> <span class='ocrx_word' id='word_1_39' title='bbox 1090 793 1145 851; x_wconf 89' lang='lat' dir='ltr'>hu·</span> 
     </span>
     <span class='ocr_line' id='line_1_7' title="bbox 146 873 1143 953; baseline -0.002 -18"><span class='ocrx_word' id='word_1_40' title='bbox 146 877 233 936; x_wconf 88' lang='lat' dir='ltr'>milia.</span> <span class='ocrx_word' id='word_1_41' title='bbox 263 877 335 935; x_wconf 87' lang='lat' dir='ltr'>Sunt</span> <span class='ocrx_word' id='word_1_42' title='bbox 350 885 443 936; x_wconf 90' lang='lat' dir='ltr'>autem</span> <span class='ocrx_word' id='word_1_43' title='bbox 454 876 567 936; x_wconf 89' lang='lat' dir='ltr'>humilia</span> <span class='ocrx_word' id='word_1_44' title='bbox 582 876 655 936; x_wconf 88' lang='lat' dir='ltr'>inira</span> <span class='ocrx_word' id='word_1_45' title='bbox 671 876 834 953; x_wconf 81' lang='lat' dir='ltr'>dignitatem</span> <span class='ocrx_word' id='word_1_46' title='bbox 849 893 943 934; x_wconf 88' lang='lat' dir='ltr'>rerum</span> <span class='ocrx_word' id='word_1_47' title='bbox 954 885 1001 933; x_wconf 91' lang='lat' dir='ltr'>aut</span> <span class='ocrx_word' id='word_1_48' title='bbox 1019 873 1143 935; x_wconf 85' lang='lat' dir='ltr'>ordinis.</span> 
     </span>
     <span class='ocr_line' id='line_1_8' title="bbox 146 959 1214 1039; baseline 0.003 -19"><span class='ocrx_word' id='word_1_49' title='bbox 146 959 179 1020; x_wconf 90' lang='lat' dir='ltr'>ln</span> <span class='ocrx_word' id='word_1_50' title='bbox 195 977 252 1039; x_wconf 89' lang='lat' dir='ltr'>quo</span> <span class='ocrx_word' id='word_1_51' title='bbox 272 962 341 1019; x_wconf 89' lang='lat' dir='ltr'>vitio</span> <span class='ocrx_word' id='word_1_52' title='bbox 358 961 488 1019; x_wconf 90' lang='lat' dir='ltr'>cavendo</span> <span class='ocrx_word' id='word_1_53' title='bbox 512 978 569 1019; x_wconf 86' lang='lat' dir='ltr'>non</span> <span class='ocrx_word' id='word_1_54' title='bbox 585 960 771 1019; x_wconf 84' lang='lat' dir='ltr'>mediocriter</span> <span class='ocrx_word' id='word_1_55' title='bbox 786 976 884 1018; x_wconf 88' lang='lat' dir='ltr'>errare</span> <span class='ocrx_word' id='word_1_56' title='bbox 900 960 1014 1037; x_wconf 87' lang='lat' dir='ltr'>quidam</span> <span class='ocrx_word' id='word_1_57' title='bbox 1031 960 1145 1035; x_wconf 83' lang='lat' dir='ltr'>solent,</span> <span class='ocrx_word' id='word_1_58' title='bbox 1209 1018 1214 1023; x_wconf 85' lang='lat'><strong>.</strong></span> 
     </span>
     <span class='ocr_line' id='line_1_9' title="bbox 148 1045 1146 1122; baseline 0.001 -20"><span class='ocrx_word' id='word_1_59' title='bbox 148 1046 195 1121; x_wconf 85' lang='lat' dir='ltr'>qui</span> <span class='ocrx_word' id='word_1_60' title='bbox 210 1046 318 1119; x_wconf 90' lang='lat' dir='ltr'>omnia,</span> <span class='ocrx_word' id='word_1_61' title='bbox 335 1062 408 1122; x_wconf 89' lang='lat' dir='ltr'>quae</span> <span class='ocrx_word' id='word_1_62' title='bbox 422 1053 486 1103; x_wconf 88' lang='lat' dir='ltr'>sunt</span> <span class='ocrx_word' id='word_1_63' title='bbox 500 1046 607 1120; x_wconf 84' lang='lat' dir='ltr'>inusn,</span> <span class='ocrx_word' id='word_1_64' title='bbox 623 1045 732 1103; x_wconf 91' lang='lat' dir='ltr'>etiamsi</span> <span class='ocrx_word' id='word_1_65' title='bbox 749 1061 853 1102; x_wconf 91' lang='lat' dir='ltr'>causae</span> <span class='ocrx_word' id='word_1_66' title='bbox 864 1045 1026 1102; x_wconf 80' lang='lat' dir='ltr'>necessitas</span> <span class='ocrx_word' id='word_1_67' title='bbox 1040 1054 1146 1122; x_wconf 88' lang='lat' dir='ltr'>postu-</span> 
     </span>
     <span class='ocr_line' id='line_1_10' title="bbox 147 1125 1150 1206; baseline 0.002 -19"><span class='ocrx_word' id='word_1_68' title='bbox 147 1128 204 1203; x_wconf 79' lang='lat' dir='ltr'>let,</span> <span class='ocrx_word' id='word_1_69' title='bbox 233 1127 436 1188; x_wconf 85' lang='lat' dir='ltr'>reformident:</span> <span class='ocrx_word' id='word_1_70' title='bbox 460 1137 491 1187; x_wconf 92' lang='lat' dir='ltr'>ut</span> <span class='ocrx_word' id='word_1_71' title='bbox 513 1128 581 1204; x_wconf 80' lang='lat' dir='ltr'>ille,</span> <span class='ocrx_word' id='word_1_72' title='bbox 607 1129 655 1206; x_wconf 85' lang='lat' dir='ltr'>qui</span> <span class='ocrx_word' id='word_1_73' title='bbox 673 1130 701 1186; x_wconf 88' lang='lat' dir='ltr'>iu</span> <span class='ocrx_word' id='word_1_74' title='bbox 726 1128 839 1187; x_wconf 89' lang='lat' dir='ltr'>actione</span> <span class='ocrx_word' id='word_1_75' title='bbox 857 1125 998 1188; x_wconf 79' lang='lat' dir='ltr'>ibericus</span> <span class='ocrx_word' id='word_1_76' title='bbox 1019 1125 1150 1204; x_wconf 61' lang='lat' dir='ltr'>becbuc,</span> 
     </span>
     <span class='ocr_line' id='line_1_11' title="bbox 146 1210 1152 1289; baseline 0.003 -20"><span class='ocrx_word' id='word_1_77' title='bbox 146 1230 180 1270; x_wconf 90' lang='lat' dir='ltr'>se</span> <span class='ocrx_word' id='word_1_78' title='bbox 203 1211 269 1270; x_wconf 95' lang='lat' dir='ltr'>solo</span> <span class='ocrx_word' id='word_1_79' title='bbox 284 1213 474 1289; x_wconf 85' lang='lat' dir='ltr'>nequicquam</span> <span class='ocrx_word' id='word_1_80' title='bbox 488 1212 686 1289; x_wconf 73' lang='lat' dir='ltr'>intelligente,</span> <span class='ocrx_word' id='word_1_81' title='bbox 708 1210 841 1286; x_wconf 82' lang='lat' dir='ltr'>dicebat,</span> <span class='ocrx_word' id='word_1_82' title='bbox 857 1212 911 1270; x_wconf 88' lang='lat' dir='ltr'>nisi</span> <span class='ocrx_word' id='word_1_83' title='bbox 930 1210 1052 1270; x_wconf 86' lang='lat' dir='ltr'>irridens</span> <span class='ocrx_word' id='word_1_84' title='bbox 1071 1212 1152 1272; x_wconf 88' lang='lat' dir='ltr'>banc</span> 
     </span>
     <span class='ocr_line' id='line_1_12' title="bbox 146 1293 1151 1374; baseline 0 -19"><span class='ocrx_word' id='word_1_85' title='bbox 146 1298 299 1355; x_wconf 89' lang='lat' dir='ltr'>vanitatem</span> <span class='ocrx_word' id='word_1_86' title='bbox 321 1293 437 1354; x_wconf 80' lang='lat' dir='ltr'>Cassius</span> <span class='ocrx_word' id='word_1_87' title='bbox 460 1296 586 1356; x_wconf 86' lang='lat' dir='ltr'>Severus</span> <span class='ocrx_word' id='word_1_88' title='bbox 607 1301 746 1374; x_wconf 73' lang='lat' dir='ltr'>oportum</span> <span class='ocrx_word' id='word_1_89' title='bbox 766 1294 865 1353; x_wconf 85' lang='lat' dir='ltr'>dicere</span> <span class='ocrx_word' id='word_1_90' title='bbox 887 1313 951 1354; x_wconf 88' lang='lat' dir='ltr'>eum</span> <span class='ocrx_word' id='word_1_91' title='bbox 970 1295 1049 1355; x_wconf 88' lang='lat' dir='ltr'>velle</span> <span class='ocrx_word' id='word_1_92' title='bbox 1074 1295 1151 1355; x_wconf 90' lang='lat' dir='ltr'>indi·</span> 
     </span>
     <span class='ocr_line' id='line_1_13' title="bbox 118 1378 1153 1457; baseline -0.001 -16"><span class='ocrx_word' id='word_1_93' title='bbox 118 1387 254 1442; x_wconf 85' lang='lat' dir='ltr'>3casset.</span> <span class='ocrx_word' id='word_1_94' title='bbox 299 1378 363 1437; x_wconf 84' lang='lat' dir='ltr'>Nec</span> <span class='ocrx_word' id='word_1_95' title='bbox 387 1379 490 1457; x_wconf 86' lang='lat' dir='ltr'>video,</span> <span class='ocrx_word' id='word_1_96' title='bbox 520 1398 610 1457; x_wconf 86' lang='lat' dir='ltr'>quare</span> <span class='ocrx_word' id='word_1_97' title='bbox 640 1379 733 1439; x_wconf 86' lang='lat' dir='ltr'>clarus</span> <span class='ocrx_word' id='word_1_98' title='bbox 762 1387 861 1437; x_wconf 93' lang='lat' dir='ltr'>orator</span> <span class='ocrx_word' id='word_1_99' title='bbox 885 1380 1013 1440; x_wconf 79' lang='lat' dir='ltr'>duratos</span> <span class='ocrx_word' id='word_1_100' title='bbox 1043 1382 1153 1441; x_wconf 77' lang='lat' dir='ltr'>muria</span> 
     </span>
     <span class='ocr_line' id='line_1_14' title="bbox 144 1462 1151 1542; baseline -0.001 -20"><span class='ocrx_word' id='word_1_101' title='bbox 144 1465 249 1541; x_wconf 78' lang='lat' dir='ltr'>pisces</span> <span class='ocrx_word' id='word_1_102' title='bbox 269 1462 383 1521; x_wconf 89' lang='lat' dir='ltr'>nitidius</span> <span class='ocrx_word' id='word_1_103' title='bbox 401 1480 467 1521; x_wconf 89' lang='lat' dir='ltr'>esse</span> <span class='ocrx_word' id='word_1_104' title='bbox 485 1464 640 1523; x_wconf 87' lang='lat' dir='ltr'>crediderit</span> <span class='ocrx_word' id='word_1_105' title='bbox 656 1481 738 1542; x_wconf 87' lang='lat' dir='ltr'>quam</span> <span class='ocrx_word' id='word_1_106' title='bbox 755 1464 846 1540; x_wconf 89' lang='lat' dir='ltr'>ipsum</span> <span class='ocrx_word' id='word_1_107' title='bbox 862 1463 906 1538; x_wconf 76' lang='lat' dir='ltr'>id,</span> <span class='ocrx_word' id='word_1_108' title='bbox 928 1462 1004 1541; x_wconf 89' lang='lat' dir='ltr'>quod</span> <span class='ocrx_word' id='word_1_109' title='bbox 1024 1464 1151 1524; x_wconf 88' lang='lat' dir='ltr'>vitabat.</span> 
     </span>
     <span class='ocr_line' id='line_1_15' title="bbox 148 1545 1152 1626; baseline 0.001 -21"><span class='ocrx_word' id='word_1_110' title='bbox 148 1545 180 1605; x_wconf 95' lang='lat' dir='ltr'>ln</span> <span class='ocrx_word' id='word_1_111' title='bbox 196 1545 251 1605; x_wconf 88' lang='lat' dir='ltr'>hac</span> <span class='ocrx_word' id='word_1_112' title='bbox 263 1555 355 1604; x_wconf 88' lang='lat' dir='ltr'>autem</span> <span class='ocrx_word' id='word_1_113' title='bbox 370 1548 556 1625; x_wconf 83' lang='lat' dir='ltr'>proprietatis</span> <span class='ocrx_word' id='word_1_114' title='bbox 568 1548 685 1626; x_wconf 83' lang='lat' dir='ltr'>specie,</span> <span class='ocrx_word' id='word_1_115' title='bbox 705 1564 777 1623; x_wconf 88' lang='lat' dir='ltr'>quae</span> <span class='ocrx_word' id='word_1_116' title='bbox 789 1547 948 1606; x_wconf 87' lang='lat' dir='ltr'>nominibus</span> <span class='ocrx_word' id='word_1_117' title='bbox 963 1548 1033 1625; x_wconf 94' lang='lat' dir='ltr'>ipsis</span> <span class='ocrx_word' id='word_1_118' title='bbox 1050 1551 1152 1607; x_wconf 89' lang='lat' dir='ltr'>cuius·</span> 
     </span>
     <span class='ocr_line' id='line_1_16' title="bbox 148 1630 1153 1708; baseline 0.003 -20"><span class='ocrx_word' id='word_1_119' title='bbox 148 1632 263 1708; x_wconf 84' lang='lat' dir='ltr'>querci</span> <span class='ocrx_word' id='word_1_120' title='bbox 284 1632 386 1705; x_wconf 86' lang='lat' dir='ltr'>utitur,</span> <span class='ocrx_word' id='word_1_121' title='bbox 409 1630 486 1690; x_wconf 88' lang='lat' dir='ltr'>nulla</span> <span class='ocrx_word' id='word_1_122' title='bbox 500 1633 590 1691; x_wconf 87' lang='lat' dir='ltr'>virtus</span> <span class='ocrx_word' id='word_1_123' title='bbox 607 1641 668 1707; x_wconf 73' lang='lat' dir='ltr'>est,</span> <span class='ocrx_word' id='word_1_124' title='bbox 687 1638 731 1706; x_wconf 79' lang='lat' dir='ltr'>at,</span> <span class='ocrx_word' id='word_1_125' title='bbox 752 1631 830 1708; x_wconf 90' lang='lat' dir='ltr'>quod</span> <span class='ocrx_word' id='word_1_126' title='bbox 851 1632 877 1690; x_wconf 89' lang='lat' dir='ltr'>ei</span> <span class='ocrx_word' id='word_1_127' title='bbox 893 1632 1083 1706; x_wconf 80' lang='lat' dir='ltr'>contrarium,</span> <span class='ocrx_word' id='word_1_128' title='bbox 1102 1641 1153 1691; x_wconf 87' lang='lat' dir='ltr'>est</span> 
     </span>
     <span class='ocr_line' id='line_1_17' title="bbox 148 1708 1151 1794; baseline 0.002 -22"><span class='ocrx_word' id='word_1_129' title='bbox 148 1716 255 1773; x_wconf 86' lang='lat' dir='ltr'>vitium.</span> <span class='ocrx_word' id='word_1_130' title='bbox 295 1714 327 1774; x_wconf 94' lang='lat' dir='ltr'>ld</span> <span class='ocrx_word' id='word_1_131' title='bbox 348 1716 423 1792; x_wconf 91' lang='lat' dir='ltr'>apud</span> <span class='ocrx_word' id='word_1_132' title='bbox 444 1733 496 1774; x_wconf 85' lang='lat' dir='ltr'>nos</span> <span class='ocrx_word' id='word_1_133' title='bbox 518 1718 767 1794; x_wconf 81' lang='lat' dir='ltr'>improprium,</span> <span class='ocrx_word' id='word_1_134' title='bbox 795 1708 908 1794; x_wconf 70' lang='grc' dir='ltr'><strong><em>ἄκυρον</em></strong></span> <span class='ocrx_word' id='word_1_135' title='bbox 922 1714 997 1792; x_wconf 93' lang='lat' dir='ltr'>apud</span> <span class='ocrx_word' id='word_1_136' title='bbox 1012 1714 1151 1774; x_wconf 87' lang='lat' dir='ltr'>Graecos</span> 
     </span>
     <span class='ocr_line' id='line_1_18' title="bbox 120 1798 1149 1877; baseline -0.001 -19"><span class='ocrx_word' id='word_1_137' title='bbox 120 1807 285 1867; x_wconf 66' lang='lat' dir='ltr'>crocatur:</span> <span class='ocrx_word' id='word_1_138' title='bbox 307 1798 392 1876; x_wconf 89' lang='lat' dir='ltr'>quale</span> <span class='ocrx_word' id='word_1_139' title='bbox 414 1807 475 1873; x_wconf 84' lang='lat' dir='ltr'>est,</span> <span class='ocrx_word' id='word_1_140' title='bbox 498 1834 541 1846; x_wconf 74' lang='lat'><em>-</em></span> <span class='ocrx_word' id='word_1_141' title='bbox 561 1833 602 1847; x_wconf 68' lang='lat'><em>-</em></span> <span class='ocrx_word' id='word_1_142' title='bbox 623 1808 737 1860; x_wconf 81' lang='lat' dir='ltr'>tuntum</span> <span class='ocrx_word' id='word_1_143' title='bbox 757 1805 887 1877; x_wconf 63' lang='lat' dir='ltr'>sperare</span> <span class='ocrx_word' id='word_1_144' title='bbox 908 1799 1061 1866; x_wconf 64' lang='lat' dir='ltr'>dotorem·</span> <span class='ocrx_word' id='word_1_145' title='bbox 1085 1808 1149 1874; x_wconf 89' lang='lat' dir='ltr'>aut,</span> 
     </span>
     <span class='ocr_line' id='line_1_19' title="bbox 150 1880 1148 1963; baseline 0 -22"><span class='ocrx_word' id='word_1_146' title='bbox 150 1882 226 1963; x_wconf 86' lang='lat' dir='ltr'>quod</span> <span class='ocrx_word' id='word_1_147' title='bbox 242 1884 269 1941; x_wconf 92' lang='lat' dir='ltr'>iu</span> <span class='ocrx_word' id='word_1_148' title='bbox 285 1884 414 1943; x_wconf 90' lang='lat' dir='ltr'>oratione</span> <span class='ocrx_word' id='word_1_149' title='bbox 426 1882 598 1943; x_wconf 88' lang='lat' dir='ltr'>Dolabellae</span> <span class='ocrx_word' id='word_1_150' title='bbox 615 1882 794 1941; x_wconf 90' lang='lat' dir='ltr'>emendatum</span> <span class='ocrx_word' id='word_1_151' title='bbox 810 1900 826 1942; x_wconf 95' lang='lat' dir='ltr'>a</span> <span class='ocrx_word' id='word_1_152' title='bbox 842 1880 984 1941; x_wconf 80' lang='lat' dir='ltr'>Cicerone</span> <span class='ocrx_word' id='word_1_153' title='bbox 1000 1884 1148 1957; x_wconf 84' lang='lat' dir='ltr'>annotavi,</span> 
     </span>
     <span class='ocr_line' id='line_1_20' title="bbox 148 1967 1149 2047; baseline -0.006 -16"><span class='ocrx_word' id='word_1_154' title='bbox 148 1977 272 2031; x_wconf 83' lang='lat' dir='ltr'>mortem</span> <span class='ocrx_word' id='word_1_155' title='bbox 284 1969 388 2047; x_wconf 53' lang='lat' dir='ltr'>serra·</span> <span class='ocrx_word' id='word_1_156' title='bbox 403 1978 465 2043; x_wconf 86' lang='lat' dir='ltr'>aut,</span> <span class='ocrx_word' id='word_1_157' title='bbox 483 1969 576 2045; x_wconf 89' lang='lat' dir='ltr'>qualia</span> <span class='ocrx_word' id='word_1_158' title='bbox 593 1986 667 2026; x_wconf 91' lang='lat' dir='ltr'>nuuc</span> <span class='ocrx_word' id='word_1_159' title='bbox 684 1967 833 2026; x_wconf 89' lang='lat' dir='ltr'>laudantur</span> <span class='ocrx_word' id='word_1_160' title='bbox 848 1967 1055 2046; x_wconf 76' lang='lat' dir='ltr'>a‘quibusdam</span> <span class='ocrx_word' id='word_1_161' title='bbox 1073 1985 1149 2044; x_wconf 89' lang='lat' dir='ltr'>quo-</span> 
     </span>
     <span class='ocr_line' id='line_1_21' title="bbox 149 2050 1151 2128; baseline 0 -19"><span class='ocrx_word' id='word_1_162' title='bbox 149 2071 210 2110; x_wconf 93' lang='lat' dir='ltr'>rum</span> <span class='ocrx_word' id='word_1_163' title='bbox 225 2061 285 2127; x_wconf 86' lang='lat' dir='ltr'>est,</span> <span class='ocrx_word' id='word_1_164' title='bbox 310 2052 349 2111; x_wconf 89' lang='lat' dir='ltr'>de</span> <span class='ocrx_word' id='word_1_165' title='bbox 366 2072 459 2113; x_wconf 80' lang='lat' dir='ltr'>cruce</span> <span class='ocrx_word' id='word_1_166' title='bbox 476 2054 572 2115; x_wconf 81' lang='lat' dir='ltr'>verbo</span> <span class='ocrx_word' id='word_1_167' title='bbox 594 2053 781 2113; x_wconf 82' lang='lat' dir='ltr'>ceciderunt.</span> <span class='ocrx_word' id='word_1_168' title='bbox 814 2050 878 2110; x_wconf 87' lang='lat' dir='ltr'>Nou</span> <span class='ocrx_word' id='word_1_169' title='bbox 893 2060 988 2110; x_wconf 89' lang='lat' dir='ltr'>tamen</span> <span class='ocrx_word' id='word_1_170' title='bbox 1009 2050 1151 2128; x_wconf 89' lang='lat' dir='ltr'>quidquid</span> 
     </span>
     <span class='ocr_line' id='line_1_22' title="bbox 150 2134 1151 2214; baseline 0.001 -21"><span class='ocrx_word' id='word_1_171' title='bbox 150 2154 207 2193; x_wconf 90' lang='lat' dir='ltr'>non</span> <span class='ocrx_word' id='word_1_172' title='bbox 222 2137 276 2194; x_wconf 86' lang='lat' dir='ltr'>erit</span> <span class='ocrx_word' id='word_1_173' title='bbox 289 2138 454 2213; x_wconf 88' lang='lat' dir='ltr'>proprium,</span> <span class='ocrx_word' id='word_1_174' title='bbox 469 2137 597 2214; x_wconf 88' lang='lat' dir='ltr'>protinus</span> <span class='ocrx_word' id='word_1_175' title='bbox 613 2145 642 2194; x_wconf 91' lang='lat' dir='ltr'>et</span> <span class='ocrx_word' id='word_1_176' title='bbox 656 2136 804 2213; x_wconf 88' lang='lat' dir='ltr'>improprii</span> <span class='ocrx_word' id='word_1_177' title='bbox 816 2137 886 2194; x_wconf 89' lang='lat' dir='ltr'>vitio</span> <span class='ocrx_word' id='word_1_178' title='bbox 900 2134 1057 2209; x_wconf 76' lang='lat' dir='ltr'>laborabit,</span> <span class='ocrx_word' id='word_1_179' title='bbox 1079 2136 1151 2212; x_wconf 86' lang='lat' dir='ltr'>quia</span> 
     </span>
     <span class='ocr_line' id='line_1_23' title="bbox 149 2217 1150 2297; baseline -0.001 -21"><span class='ocrx_word' id='word_1_180' title='bbox 149 2221 270 2297; x_wconf 89' lang='lat' dir='ltr'>primum</span> <span class='ocrx_word' id='word_1_181' title='bbox 286 2221 407 2277; x_wconf 91' lang='lat' dir='ltr'>omnium</span> <span class='ocrx_word' id='word_1_182' title='bbox 428 2220 515 2278; x_wconf 89' lang='lat' dir='ltr'>multa</span> <span class='ocrx_word' id='word_1_183' title='bbox 529 2228 593 2278; x_wconf 89' lang='lat' dir='ltr'>sunt</span> <span class='ocrx_word' id='word_1_184' title='bbox 615 2228 643 2279; x_wconf 92' lang='lat' dir='ltr'>et</span> <span class='ocrx_word' id='word_1_185' title='bbox 659 2219 769 2279; x_wconf 86' lang='lat' dir='ltr'>Graece</span> <span class='ocrx_word' id='word_1_186' title='bbox 786 2228 814 2278; x_wconf 87' lang='lat' dir='ltr'>et</span> <span class='ocrx_word' id='word_1_187' title='bbox 828 2217 926 2278; x_wconf 87' lang='lat' dir='ltr'>Latine</span> <span class='ocrx_word' id='word_1_188' title='bbox 942 2236 997 2277; x_wconf 90' lang='lat' dir='ltr'>non</span> <span class='ocrx_word' id='word_1_189' title='bbox 1018 2218 1150 2277; x_wconf 91' lang='lat' dir='ltr'>denomi-</span> 
     </span>
     <span class='ocr_line' id='line_1_24' title="bbox 122 2302 1153 2380; baseline -0.001 -20"><span class='ocrx_word' id='word_1_190' title='bbox 122 2312 225 2371; x_wconf 83' lang='lat' dir='ltr'>5nata.</span> <span class='ocrx_word' id='word_1_191' title='bbox 262 2302 334 2361; x_wconf 91' lang='lat' dir='ltr'>Nam</span> <span class='ocrx_word' id='word_1_192' title='bbox 361 2313 405 2377; x_wconf 82' lang='lat' dir='ltr'>et,</span> <span class='ocrx_word' id='word_1_193' title='bbox 432 2305 479 2380; x_wconf 88' lang='lat' dir='ltr'>qui</span> <span class='ocrx_word' id='word_1_194' title='bbox 505 2303 628 2362; x_wconf 89' lang='lat' dir='ltr'>iaculum</span> <span class='ocrx_word' id='word_1_195' title='bbox 655 2304 771 2377; x_wconf 84' lang='lat' dir='ltr'>emittit,</span> <span class='ocrx_word' id='word_1_196' title='bbox 796 2303 932 2363; x_wconf 78' lang='lat' dir='ltr'>iaculari</span> <span class='ocrx_word' id='word_1_197' title='bbox 953 2303 1068 2368; x_wconf 70' lang='lat' dir='ltr'>diuitum</span> <span class='ocrx_word' id='word_1_198' title='bbox 1099 2303 1153 2379; x_wconf 87' lang='lat' dir='ltr'>qui</span> 
     </span>
     <span class='ocr_line' id='line_1_25' title="bbox 151 2385 1151 2465; baseline -0.001 -21"><span class='ocrx_word' id='word_1_199' title='bbox 151 2386 239 2464; x_wconf 89' lang='lat' dir='ltr'>pilum</span> <span class='ocrx_word' id='word_1_200' title='bbox 254 2395 301 2445; x_wconf 89' lang='lat' dir='ltr'>aut</span> <span class='ocrx_word' id='word_1_201' title='bbox 314 2386 429 2461; x_wconf 74' lang='lat' dir='ltr'>sudem,</span> <span class='ocrx_word' id='word_1_202' title='bbox 452 2387 648 2464; x_wconf 89' lang='lat' dir='ltr'>appellatione</span> <span class='ocrx_word' id='word_1_203' title='bbox 662 2388 793 2465; x_wconf 88' lang='lat' dir='ltr'>privatim</span> <span class='ocrx_word' id='word_1_204' title='bbox 813 2385 867 2445; x_wconf 89' lang='lat' dir='ltr'>sibi</span> <span class='ocrx_word' id='word_1_205' title='bbox 889 2388 1032 2463; x_wconf 86' lang='lat' dir='ltr'>assignata</span> <span class='ocrx_word' id='word_1_206' title='bbox 1049 2394 1151 2452; x_wconf 87' lang='lat' dir='ltr'>caret;</span> 
     </span>
     <span class='ocr_line' id='line_1_26' title="bbox 152 2469 1152 2547; baseline -0.002 -19"><span class='ocrx_word' id='word_1_207' title='bbox 152 2480 181 2528; x_wconf 91' lang='lat' dir='ltr'>et</span> <span class='ocrx_word' id='word_1_208' title='bbox 196 2479 242 2544; x_wconf 78' lang='lat' dir='ltr'>ut,</span> <span class='ocrx_word' id='word_1_209' title='bbox 258 2471 401 2547; x_wconf 83' lang='lat' dir='ltr'>lapidare</span> <span class='ocrx_word' id='word_1_210' title='bbox 417 2471 484 2547; x_wconf 90' lang='lat' dir='ltr'>quid</span> <span class='ocrx_word' id='word_1_211' title='bbox 500 2473 549 2545; x_wconf 76' lang='lat' dir='ltr'>sit,</span> <span class='ocrx_word' id='word_1_212' title='bbox 568 2472 748 2530; x_wconf 85' lang='lat' dir='ltr'>manifestum</span> <span class='ocrx_word' id='word_1_213' title='bbox 764 2478 822 2529; x_wconf 87' lang='lat' dir='ltr'>est:</span> <span class='ocrx_word' id='word_1_214' title='bbox 838 2472 877 2528; x_wconf 88' lang='lat' dir='ltr'>ita</span> <span class='ocrx_word' id='word_1_215' title='bbox 892 2469 1042 2546; x_wconf 84' lang='lat' dir='ltr'>glebarum</span> <span class='ocrx_word' id='word_1_216' title='bbox 1056 2477 1152 2527; x_wconf 88' lang='lat' dir='ltr'>testa-</span> 
     </span>
     <span class='ocr_line' id='line_1_27' title="bbox 151 2546 1153 2630; baseline 0 -19"><span class='ocrx_word' id='word_1_217' title='bbox 151 2571 271 2630; x_wconf 87' lang='lat' dir='ltr'>rumque</span> <span class='ocrx_word' id='word_1_218' title='bbox 287 2554 377 2612; x_wconf 88' lang='lat' dir='ltr'>iaetus</span> <span class='ocrx_word' id='word_1_219' title='bbox 393 2558 449 2612; x_wconf 90' lang='lat' dir='ltr'>non</span> <span class='ocrx_word' id='word_1_220' title='bbox 470 2553 557 2614; x_wconf 90' lang='lat' dir='ltr'>habet</span> <span class='ocrx_word' id='word_1_221' title='bbox 571 2572 684 2613; x_wconf 90' lang='lat' dir='ltr'>nomen.</span> <span class='ocrx_word' id='word_1_222' title='bbox 721 2553 803 2613; x_wconf 85' lang='lat' dir='ltr'>Unde</span> <span class='ocrx_word' id='word_1_223' title='bbox 828 2552 944 2629; x_wconf 76' lang='lat' dir='ltr'>abusio,</span> <span class='ocrx_word' id='word_1_224' title='bbox 966 2570 1039 2630; x_wconf 90' lang='lat' dir='ltr'>quae</span> <span class='ocrx_word' id='word_1_225' title='bbox 1056 2546 1153 2611; x_wconf 74' lang='lat' dir='ltr'>cnud-</span> 
     </span>
     <span class='ocr_line' id='line_1_28' title="bbox 123 2635 1152 2716; baseline -0.001 -20"><span class='ocrx_word' id='word_1_226' title='bbox 123 2653 251 2716; x_wconf 69' lang='grc' dir='ltr'>θχρησις</span> <span class='ocrx_word' id='word_1_227' title='bbox 268 2637 386 2712; x_wconf 77' lang='lat' dir='ltr'>dicitur,</span> <span class='ocrx_word' id='word_1_228' title='bbox 412 2640 589 2697; x_wconf 88' lang='lat' dir='ltr'>necessaria.</span> <span class='ocrx_word' id='word_1_229' title='bbox 635 2637 794 2698; x_wconf 84' lang='lat' dir='ltr'>&#39;l&#39;ranslatio</span> <span class='ocrx_word' id='word_1_230' title='bbox 817 2655 950 2716; x_wconf 85' lang='lat' dir='ltr'>quoque,</span> <span class='ocrx_word' id='word_1_231' title='bbox 970 2639 999 2695; x_wconf 89' lang='lat' dir='ltr'>in</span> <span class='ocrx_word' id='word_1_232' title='bbox 1020 2653 1074 2713; x_wconf 89' lang='lat' dir='ltr'>qua</span> <span class='ocrx_word' id='word_1_233' title='bbox 1098 2635 1152 2695; x_wconf 88' lang='lat' dir='ltr'>vel</span> 
     </span>
     <span class='ocr_line' id='line_1_29' title="bbox 151 2719 1152 2797; baseline -0.002 -17"><span class='ocrx_word' id='word_1_234' title='bbox 151 2723 288 2780; x_wconf 86' lang='lat' dir='ltr'>maximus</span> <span class='ocrx_word' id='word_1_235' title='bbox 307 2729 352 2779; x_wconf 86' lang='lat' dir='ltr'>est</span> <span class='ocrx_word' id='word_1_236' title='bbox 367 2723 505 2780; x_wconf 88' lang='lat' dir='ltr'>orationis</span> <span class='ocrx_word' id='word_1_237' title='bbox 525 2731 660 2797; x_wconf 85' lang='lat' dir='ltr'>ornatus,</span> <span class='ocrx_word' id='word_1_238' title='bbox 678 2721 767 2781; x_wconf 85' lang='lat' dir='ltr'>verba</span> <span class='ocrx_word' id='word_1_239' title='bbox 781 2739 839 2779; x_wconf 88' lang='lat' dir='ltr'>non</span> <span class='ocrx_word' id='word_1_240' title='bbox 854 2722 912 2778; x_wconf 91' lang='lat' dir='ltr'>suis</span> <span class='ocrx_word' id='word_1_241' title='bbox 928 2719 1015 2779; x_wconf 90' lang='lat' dir='ltr'>rebus</span> <span class='ocrx_word' id='word_1_242' title='bbox 1031 2736 1152 2779; x_wconf 90' lang='lat' dir='ltr'>accom-</span> 
     </span>
     <span class='ocr_line' id='line_1_30' title="bbox 151 2804 1150 2883; baseline -0.003 -19"><span class='ocrx_word' id='word_1_243' title='bbox 151 2806 258 2864; x_wconf 92' lang='lat' dir='ltr'>modat.</span> <span class='ocrx_word' id='word_1_244' title='bbox 304 2804 399 2878; x_wconf 79' lang='lat' dir='ltr'>Quare</span> <span class='ocrx_word' id='word_1_245' title='bbox 421 2806 584 2883; x_wconf 86' lang='lat' dir='ltr'>proprietas</span> <span class='ocrx_word' id='word_1_246' title='bbox 600 2823 656 2864; x_wconf 92' lang='lat' dir='ltr'>non</span> <span class='ocrx_word' id='word_1_247' title='bbox 674 2805 827 2864; x_wconf 89' lang='lat' dir='ltr'>adnomen</span> <span class='ocrx_word' id='word_1_248' title='bbox 846 2805 899 2863; x_wconf 91' lang='lat' dir='ltr'>sed</span> <span class='ocrx_word' id='word_1_249' title='bbox 916 2805 951 2864; x_wconf 92' lang='lat' dir='ltr'>ad</span> <span class='ocrx_word' id='word_1_250' title='bbox 966 2807 1022 2862; x_wconf 85' lang='lat' dir='ltr'>vim</span> <span class='ocrx_word' id='word_1_251' title='bbox 1037 2804 1150 2879; x_wconf 79' lang='lat' dir='ltr'>signill-</span> 
     </span>
     <span class='ocr_line' id='line_1_31' title="bbox 95 2886 1150 2967; baseline -0.005 -16"><span class='ocrx_word' id='word_1_252' title='bbox 95 2946 98 2951; x_wconf 25' lang='lat'><strong>⁴</strong></span> <span class='ocrx_word' id='word_1_253' title='bbox 153 2891 235 2949; x_wconf 90' lang='lat' dir='ltr'>caudi</span> <span class='ocrx_word' id='word_1_254' title='bbox 255 2890 396 2964; x_wconf 79' lang='lat' dir='ltr'>refertur,</span> <span class='ocrx_word' id='word_1_255' title='bbox 418 2907 474 2948; x_wconf 88' lang='lat' dir='ltr'>nec</span> <span class='ocrx_word' id='word_1_256' title='bbox 499 2889 593 2949; x_wconf 92' lang='lat' dir='ltr'>auditu</span> <span class='ocrx_word' id='word_1_257' title='bbox 620 2891 672 2950; x_wconf 90' lang='lat' dir='ltr'>sed</span> <span class='ocrx_word' id='word_1_258' title='bbox 692 2890 842 2948; x_wconf 89' lang='lat' dir='ltr'>intellectu</span> <span class='ocrx_word' id='word_1_259' title='bbox 865 2886 1069 2967; x_wconf 73' lang='lat' dir='ltr'>perpendenda</span> <span class='ocrx_word' id='word_1_260' title='bbox 1091 2896 1150 2946; x_wconf 87' lang='lat' dir='ltr'>est.</span> 
     </span>
     <span class='ocr_line' id='line_1_32' title="bbox 124 2970 1158 3052; baseline -0.003 -21"><span class='ocrx_word' id='word_1_261' title='bbox 124 2974 286 3041; x_wconf 75' lang='lat' dir='ltr'>usecundo</span> <span class='ocrx_word' id='word_1_262' title='bbox 301 2973 387 3032; x_wconf 91' lang='lat' dir='ltr'>modo</span> <span class='ocrx_word' id='word_1_263' title='bbox 403 2973 506 3032; x_wconf 90' lang='lat' dir='ltr'>dicitur</span> <span class='ocrx_word' id='word_1_264' title='bbox 520 2975 667 3052; x_wconf 90' lang='lat' dir='ltr'>proprium</span> <span class='ocrx_word' id='word_1_265' title='bbox 687 2976 762 3032; x_wconf 91' lang='lat' dir='ltr'>inter</span> <span class='ocrx_word' id='word_1_266' title='bbox 775 2973 872 3051; x_wconf 76' lang='lat' dir='ltr'>plura,</span> <span class='ocrx_word' id='word_1_267' title='bbox 896 2990 969 3050; x_wconf 90' lang='lat' dir='ltr'>quae</span> <span class='ocrx_word' id='word_1_268' title='bbox 991 2980 1056 3030; x_wconf 90' lang='lat' dir='ltr'>sunt</span> <span class='ocrx_word' id='word_1_269' title='bbox 1071 2970 1158 3029; x_wconf 46' lang='lat' dir='ltr'>eius-⁷</span> 
     </span>
     <span class='ocr_line' id='line_1_33' title="bbox 152 3056 1150 3133; baseline -0.003 -19"><span class='ocrx_word' id='word_1_270' title='bbox 152 3056 217 3114; x_wconf 93' lang='lat' dir='ltr'>dem</span> <span class='ocrx_word' id='word_1_271' title='bbox 230 3058 367 3133; x_wconf 88' lang='lat' dir='ltr'>nominis,</span> <span class='ocrx_word' id='word_1_272' title='bbox 383 3057 428 3133; x_wconf 81' lang='lat' dir='ltr'>id,</span> <span class='ocrx_word' id='word_1_273' title='bbox 446 3057 521 3116; x_wconf 91' lang='lat' dir='ltr'>unde</span> <span class='ocrx_word' id='word_1_274' title='bbox 538 3068 637 3117; x_wconf 89' lang='lat' dir='ltr'>cetera</span> <span class='ocrx_word' id='word_1_275' title='bbox 655 3057 739 3116; x_wconf 87' lang='lat' dir='ltr'>ducta</span> <span class='ocrx_word' id='word_1_276' title='bbox 751 3066 828 3121; x_wconf 87' lang='lat' dir='ltr'>sunt:</span> <span class='ocrx_word' id='word_1_277' title='bbox 850 3065 881 3114; x_wconf 92' lang='lat' dir='ltr'>ut</span> <span class='ocrx_word' id='word_1_278' title='bbox 894 3065 1001 3117; x_wconf 75' lang='lat' dir='ltr'>uertex</span> <span class='ocrx_word' id='word_1_279' title='bbox 1017 3064 1062 3114; x_wconf 89' lang='lat' dir='ltr'>est</span> <span class='ocrx_word' id='word_1_280' title='bbox 1077 3072 1150 3113; x_wconf 91' lang='lat' dir='ltr'>con-</span> 
     </span>
     <span class='ocr_line' id='line_1_34' title="bbox 153 3137 1151 3219; baseline 0 -22"><span class='ocrx_word' id='word_1_281' title='bbox 153 3148 228 3198; x_wconf 92' lang='lat' dir='ltr'>torta</span> <span class='ocrx_word' id='word_1_282' title='bbox 253 3142 281 3197; x_wconf 92' lang='lat' dir='ltr'>in</span> <span class='ocrx_word' id='word_1_283' title='bbox 306 3158 338 3198; x_wconf 91' lang='lat' dir='ltr'>se</span> <span class='ocrx_word' id='word_1_284' title='bbox 361 3159 434 3219; x_wconf 88' lang='lat' dir='ltr'>aqua</span> <span class='ocrx_word' id='word_1_285' title='bbox 455 3141 503 3200; x_wconf 85' lang='lat' dir='ltr'>vel</span> <span class='ocrx_word' id='word_1_286' title='bbox 525 3142 661 3219; x_wconf 86' lang='lat' dir='ltr'>quidquid</span> <span class='ocrx_word' id='word_1_287' title='bbox 682 3140 758 3201; x_wconf 93' lang='lat' dir='ltr'>aliud</span> <span class='ocrx_word' id='word_1_288' title='bbox 781 3140 912 3199; x_wconf 83' lang='lat' dir='ltr'>similiter</span> <span class='ocrx_word' id='word_1_289' title='bbox 926 3141 1061 3212; x_wconf 75' lang='lat' dir='ltr'>vertitur,</span> <span class='ocrx_word' id='word_1_290' title='bbox 1080 3137 1151 3197; x_wconf 86' lang='lat' dir='ltr'>inde</span> 
     </span>
     <span class='ocr_line' id='line_1_35' title="bbox 151 3221 1150 3303; baseline -0.003 -22"><span class='ocrx_word' id='word_1_291' title='bbox 151 3232 273 3301; x_wconf 87' lang='lat' dir='ltr'>propter</span> <span class='ocrx_word' id='word_1_292' title='bbox 293 3223 398 3283; x_wconf 83' lang='lat' dir='ltr'>flexum</span> <span class='ocrx_word' id='word_1_293' title='bbox 420 3225 589 3303; x_wconf 89' lang='lat' dir='ltr'>capillorum</span> <span class='ocrx_word' id='word_1_294' title='bbox 614 3244 680 3303; x_wconf 89' lang='lat' dir='ltr'>pars</span> <span class='ocrx_word' id='word_1_295' title='bbox 701 3243 808 3284; x_wconf 92' lang='lat' dir='ltr'>summa</span> <span class='ocrx_word' id='word_1_296' title='bbox 832 3225 951 3301; x_wconf 83' lang='lat' dir='ltr'>capitis,</span> <span class='ocrx_word' id='word_1_297' title='bbox 979 3241 1016 3282; x_wconf 85' lang='lat' dir='ltr'>ex</span> <span class='ocrx_word' id='word_1_298' title='bbox 1039 3222 1096 3281; x_wconf 88' lang='lat' dir='ltr'>hoc</span> <span class='ocrx_word' id='word_1_299' title='bbox 1119 3221 1150 3279; x_wconf 93' lang='lat' dir='ltr'>id</span> 
     </span>
     <span class='ocr_line' id='line_1_36' title="bbox 152 3306 1150 3384; baseline 0 -20"><span class='ocrx_word' id='word_1_300' title='bbox 152 3306 229 3384; x_wconf 89' lang='lat' dir='ltr'>quod</span> <span class='ocrx_word' id='word_1_301' title='bbox 243 3309 272 3365; x_wconf 87' lang='lat' dir='ltr'>in</span> <span class='ocrx_word' id='word_1_302' title='bbox 286 3308 427 3366; x_wconf 89' lang='lat' dir='ltr'>montibus</span> <span class='ocrx_word' id='word_1_303' title='bbox 444 3310 703 3368; x_wconf 87' lang='lat' dir='ltr'>eminentissimum.</span> <span class='ocrx_word' id='word_1_304' title='bbox 732 3307 825 3367; x_wconf 85' lang='lat' dir='ltr'>Recte</span> <span class='ocrx_word' id='word_1_305' title='bbox 842 3307 949 3366; x_wconf 86' lang='lat' dir='ltr'>dixeris</span> <span class='ocrx_word' id='word_1_306' title='bbox 965 3306 1150 3365; x_wconf 84' lang='lat' dir='ltr'>haecomnia</span> 
     </span>
     <span class='ocr_line' id='line_1_37' title="bbox 124 3390 1150 3469; baseline -0.005 -18"><span class='ocrx_word' id='word_1_307' title='bbox 124 3392 294 3459; x_wconf 63' lang='lat' dir='ltr'>&amp;verticem</span> <span class='ocrx_word' id='word_1_308' title='bbox 322 3393 440 3469; x_wconf 90' lang='lat' dir='ltr'>proprie</span> <span class='ocrx_word' id='word_1_309' title='bbox 465 3401 573 3468; x_wconf 77' lang='lat' dir='ltr'>tamen,</span> <span class='ocrx_word' id='word_1_310' title='bbox 601 3394 677 3452; x_wconf 90' lang='lat' dir='ltr'>unde</span> <span class='ocrx_word' id='word_1_311' title='bbox 702 3394 808 3451; x_wconf 90' lang='lat' dir='ltr'>initium</span> <span class='ocrx_word' id='word_1_312' title='bbox 833 3400 886 3450; x_wconf 87' lang='lat' dir='ltr'>est.</span> <span class='ocrx_word' id='word_1_313' title='bbox 929 3392 978 3450; x_wconf 85' lang='lat' dir='ltr'>Sic</span> <span class='ocrx_word' id='word_1_314' title='bbox 996 3390 1099 3452; x_wconf 82' lang='lat' dir='ltr'>soleae</span> <span class='ocrx_word' id='word_1_315' title='bbox 1118 3397 1150 3447; x_wconf 92' lang='lat' dir='ltr'>et</span> 
     </span>
     <span class='ocr_line' id='line_1_38' title="bbox 152 3474 1148 3555; baseline -0.004 -19"><span class='ocrx_word' id='word_1_316' title='bbox 152 3477 236 3536; x_wconf 81' lang='lat' dir='ltr'>turdi</span> <span class='ocrx_word' id='word_1_317' title='bbox 257 3477 365 3555; x_wconf 86' lang='lat' dir='ltr'>pisces.</span> <span class='ocrx_word' id='word_1_318' title='bbox 403 3474 440 3534; x_wconf 88' lang='lat' dir='ltr'>Et</span> <span class='ocrx_word' id='word_1_319' title='bbox 459 3477 559 3536; x_wconf 88' lang='lat' dir='ltr'>tertius</span> <span class='ocrx_word' id='word_1_320' title='bbox 582 3485 627 3540; x_wconf 88' lang='lat' dir='ltr'>est</span> <span class='ocrx_word' id='word_1_321' title='bbox 647 3476 712 3538; x_wconf 90' lang='lat' dir='ltr'>huic</span> <span class='ocrx_word' id='word_1_322' title='bbox 734 3475 864 3538; x_wconf 86' lang='lat' dir='ltr'>diversus</span> <span class='ocrx_word' id='word_1_323' title='bbox 879 3475 997 3553; x_wconf 85' lang='lat' dir='ltr'>modus,</span> <span class='ocrx_word' id='word_1_324' title='bbox 1019 3490 1081 3534; x_wconf 87' lang='lat' dir='ltr'>cum</span> <span class='ocrx_word' id='word_1_325' title='bbox 1097 3489 1148 3533; x_wconf 90' lang='lat' dir='ltr'>res</span> 
     </span>
    </p>
   </div>
   <div class='ocr_carea' id='block_1_4' title="bbox 0 0 1224 3925">
    <p class='ocr_par' dir='ltr' id='par_1_5' title="bbox 0 0 1224 3925">
     <span class='ocr_line' id='line_1_39' title="bbox 0 0 1224 3925; baseline 0 0"><span class='ocrx_word' id='word_1_326' title='bbox 0 0 1224 3925; x_wconf 95' lang='lat' dir='ltr'> </span> 
     </span>
    </p>
   </div>
  </div>
 </body>
</html>
