2434 3925
160 205 222 271 280
464 220 502 269 u.
523 218 601 267 ssa.
623 217 839 278 consummor

161 377 301 456 rupicum
339 374 419 449 Quae
441 375 533 432 omnia
555 380 621 431 suut
644 373 751 450 optimo
771 372 861 438 dicta;
883 372 935 431 sed
956 389 1007 432 cur
1028 374 1148 450 proprie

104 474 264 528 nonomen
283 458 447 519 urbanitatis
463 457 622 534 accipiant,
643 471 700 514 non
714 455 810 514 video.
845 455 969 528 Quodsi
987 473 1044 515 non
1058 466 1146 531 totus,

161 554 191 604 ut
209 544 275 603 milri
291 543 421 616 ridetur,
450 540 585 599 orationis
602 539 685 598 color
699 548 839 613 meretur,
858 538 911 598 sed
927 541 1011 599 etiam
1026 541 1147 617 singulis

161 628 245 688 dictis
260 624 437 686 tribuendum
456 632 516 682 est:
538 623 588 682 illa
607 624 703 701 potius
715 622 822 681 urbana
838 622 972 698 dixerim,
991 633 1147 701 quaesunt

160 712 276 788 generis
292 710 429 781 eiusdem,
447 723 504 785 quo
518 706 639 766 ridicula
656 706 786 765 dicuntur
801 715 830 764 et
844 715 938 767 tamen
954 706 1075 767 ridicula
1088 725 1146 765 non

162 804 241 870 sunt,
265 804 296 853 ut
319 794 355 853 de
380 791 509 851 Pollione
532 789 631 849 Asinio
654 791 737 849 seriis
758 791 888 867 iocisque
907 791 1016 867 pariter
1032 808 1145 850 accom-

104 878 275 948 111modato
302 878 406 937 dictum
432 883 492 950 est,
522 870 600 934 ane
620 892 688 934 eum
712 876 841 934 omnuim
863 874 1027 942 totamm
1057 873 1145 935 etde

161 971 260 1022 actore
282 960 369 1020 facile
391 958 503 1018 dicente
524 975 562 1016 cx
581 966 722 1035 tempore,
738 956 895 1034 Ingenium
917 958 1028 1018 eumin
1042 976 1146 1018 nume

160 1053 229 1106 rato
243 1045 373 1112 buben,-
394 1043 479 1100 etiarn
494 1041 636 1118 Pompeii,
653 1040 728 1117 quod
743 1041 834 1099 refert
847 1038 969 1115 llarsus,
984 1042 1012 1099 in
1028 1038 1146 1100 Cicero-

160 1147 225 1187 nem
240 1127 414 1187 diffidentem
428 1123 565 1203 partibus,
584 1122 695 1184 Transi
709 1125 754 1184 ud
769 1122 943 1199 Caesarem,
959 1144 1005 1184 me
1019 1125 1146 1186 timebit.

161 1211 230 1271 Erat
245 1212 334 1286 enim,
354 1211 379 1268 si
394 1209 430 1269 de
452 1226 485 1267 re
507 1210 617 1266 minore
640 1216 688 1266 aut
704 1207 760 1268 alio
776 1210 867 1267 animo
887 1216 935 1266 aut
951 1208 1074 1284 denique
1090 1224 1147 1266 nou

161 1295 196 1356 ab
214 1297 279 1374 ipso
295 1294 399 1353 dictum
414 1293 531 1367 fuisset,
553 1291 630 1368 quod
649 1300 750 1367 posset
771 1292 844 1350 inter
858 1290 977 1350 ridicula
993 1293 1145 1350 numerari.

104 1378 252 1444 lltEtiam
270 1377 351 1452 illud,
368 1372 444 1454 quod
455 1372 558 1434 Cicero
572 1371 716 1433 Corelliae
732 1376 847 1452 scripsit
861 1373 984 1433 reddens
995 1376 1146 1448 rationem,

163 1481 213 1523 cur
230 1462 279 1521 illa
297 1458 329 1520 C.
347 1458 479 1519 Caesaris
507 1467 639 1535 tempora
656 1460 870 1535 tam‘patienter
880 1457 1039 1533 toleraret,
1059 1455 1147 1519 Haec

162 1553 216 1607 cut
229 1546 330 1606 cadmo
349 1541 471 1604 Catonia
487 1542 620 1621 ferenda
637 1549 707 1602 cunt
729 1548 783 1602 aut
799 1539 954 1603 Ciceronis
974 1542 1148 1611 stomacho·

104 1644 110 1662 ¹
163 1628 326 1689 stomachus
342 1628 416 1686 enim
430 1626 480 1685 ille
503 1624 589 1684 habet
605 1624 713 1702 aliquid
731 1626 797 1684 ioco
812 1625 914 1686 simile.
953 1624 1049 1701 Haec,
1072 1643 1147 1702 quae

59 1716 61 1719 ’
162 1712 324 1786 movebant,
340 1710 539 1770 dissimulanda
553 1707 620 1767 mihi
636 1725 693 1766 non
708 1709 838 1775 luerunt;
864 1711 892 1767 in
907 1708 1009 1787 quibus
1024 1717 1055 1767 ut
1069 1726 1146 1769 erra·

161 1798 267 1872 verim,
291 1796 423 1871 legentes
441 1802 535 1855 tamen
557 1809 616 1850 non
630 1791 749 1869 decepi,
771 1793 893 1852 indicata
913 1801 942 1851 et
956 1793 1070 1852 diversa
1085 1795 1146 1871 opi·

161 1883 257 1957 nione,
274 1897 357 1961 quam
371 1878 454 1956 sequi
469 1877 560 1953 magis
574 1875 760 1954 probantibus
775 1876 896 1935 liberum
910 1885 964 1936 est.

489 2030 532 2081 DE
555 2028 812 2082 ALTERCATIONE.

243 2128 294 2189 IV.
328 2126 600 2188 Alteroationis
630 2135 786 2206 praecepta
807 2134 940 2204 poterant
963 2124 1054 2184 videri
1079 2134 1147 2185 tnnc

161 2212 334 2287 inchoanda,
359 2213 544 2287 romonolo,
564 2229 639 2290 quae
656 2210 692 2270 ad
707 2213 867 2270 continuam
885 2210 1042 2269 orationem
1058 2211 1148 2286 perti·

162 2305 245 2372 nent,
267 2298 462 2374 peregissem,
483 2312 547 2353 nam
571 2303 616 2353 est
639 2312 708 2353 usus
731 2295 792 2353 eius
811 2294 910 2353 ordine
931 2292 1059 2360 ultimus;
1082 2292 1148 2366 aed,

164 2398 227 2440 curu
242 2379 279 2437 sit
295 2380 389 2457 posita
409 2380 438 2437 in
458 2378 520 2437 sola
539 2379 719 2453 inventione,
743 2396 839 2456 neque
860 2376 967 2437 babere
983 2375 1148 2453 dispositio·

163 2481 228 2523 uem
244 2463 336 2541 possit
353 2479 408 2521 uec
423 2462 594 2521 elocutionis
614 2470 779 2522 ornamenta
800 2477 977 2538 magnopere
1000 2460 1150 2519 desideret

163 2555 212 2607 aut
226 2548 303 2605 circa
320 2548 484 2605 memoriam
499 2554 529 2604 et
545 2548 803 2624 pronuntiationem
820 2544 947 2605 laboret:
969 2544 1048 2621 prius
1063 2560 1150 2619 uuam

163 2630 317 2689 secundam
336 2630 460 2707 quinque
475 2631 614 2707 partium,
638 2629 726 2704 hanc,
749 2647 822 2707 quae
844 2638 904 2688 totu
919 2646 957 2686 ex
972 2628 1062 2705 prima
1076 2644 1150 2704 pen·

164 2715 225 2789 det,
241 2721 411 2773 tractaturus
427 2729 483 2772 nou
499 2711 593 2772 alieno
611 2712 678 2772 loco
695 2713 810 2780 videor;
830 2730 912 2790 quarn
924 2712 1081 2787 scriptores
1099 2709 1150 2770 alii

162 2798 287 2858 fortasse
312 2796 377 2855 ideo
400 2795 592 2873 reliquerunt,
624 2798 689 2874 quia
713 2798 782 2856 satis
807 2796 913 2856 ceteris
933 2794 1099 2872 praeceptis
1122 2794 1150 2852 in

135 2882 237 2945 thano
258 2896 374 2959 quoque
395 2879 545 2940 videbatur
568 2898 635 2939 esse
654 2889 850 2958 prospectum.
885 2875 1003 2937 Constat
1018 2877 1093 2936 enim
1113 2894 1150 2936 ex

161 2966 317 3024 intentione
335 2982 369 3024 ac
384 2963 571 3042 depulsione,
587 2965 624 3024 de
641 2963 742 3041 quibus
758 2965 827 3023 satis
844 2962 975 3021 traditum
993 2968 1051 3027 est;
1070 2961 1148 3037 quia,

163 3048 296 3125 quidquid
311 3049 340 3107 in
351 3050 464 3108 actione
477 3056 619 3126 perpetua
630 3050 707 3107 circa
719 3047 904 3125 probationes
918 3045 988 3105 utile
1000 3051 1056 3118 est,
1073 3043 1149 3103 idem

161 3132 191 3189 in
211 3129 266 3189 hac
285 3129 366 3189 brevi
387 3140 474 3210 atque
494 3132 610 3191 concisa
630 3133 722 3209 prosit
743 3149 867 3190 necesse
883 3137 937 3193 est.
973 3126 1077 3204 Neque
1092 3128 1149 3187 alia

162 3213 293 3273 dicuntur
306 3215 335 3272 in
356 3214 542 3274 altercatione
564 3214 617 3273 aed
631 3213 729 3290 aliter,
753 3224 800 3275 aut
816 3212 1019 3289 interrogando
1037 3219 1085 3269 aut
1102 3228 1148 3269 re·

162 3296 341 3374 spondendo.
373 3295 458 3356 Cuius
478 3298 521 3357 rei
544 3296 607 3356 lere
626 3299 716 3355 omnis
737 3297 901 3358 observatio
921 3298 949 3354 in
967 3295 1018 3354 illo
1033 3295 1148 3353 testium

136 3380 231 3444 3locu
249 3397 371 3439 excussa
386 3380 469 3439 nobis
487 3389 541 3440 est.
565 3379 672 3440 'l'aruen
684 3380 748 3459 quia
765 3381 848 3441 latius
861 3380 1002 3462 hocopus
1014 3377 1148 3453 aggressi

163 3481 275 3543 sumus,
296 3481 390 3543 neque
412 3463 560 3543 perlectus
575 3473 673 3526 orator
688 3466 750 3526 siue
769 3464 824 3526 bac
841 3466 946 3525 virtute
966 3459 1022 3523 dici
1037 3468 1147 3540 potest,
