2434 3925
350 205 602 256 memonnron.
617 204 784 273 mommo.
1006 195 1063 257 123
1111 199 1113 203 '

67 358 295 440 deprehenditur
315 359 368 420 sed
388 360 547 438 respondet
566 360 615 420 vel
639 361 737 438 primis
756 362 832 420 inter
851 380 884 422 se
898 362 947 422 vel
962 363 1063 423 mediis

64 446 118 506 vel
142 446 279 504 extremis
300 444 349 503 vel
369 445 454 504 etiam
474 446 641 523 permutatis
660 443 722 518 his,
747 454 777 504 ut
797 446 890 506 medin
910 448 1008 525 primis
1034 456 1064 506 et

66 546 178 589 summa
192 528 292 588 mediis
307 528 576 604 accommodentur,
601 535 632 587 et
654 544 826 605 quocunque
846 530 932 591 modo
950 547 1062 590 accom-

65 612 180 673 modari
194 620 301 690 potest.
330 610 432 690 Neque
448 613 522 672 enim
538 627 655 690 semper
669 610 786 688 paribus
801 612 921 687 syllabis
934 620 1104 678 constanti

65 705 101 757 ut
122 704 167 756 est
189 695 265 773 opud
285 694 403 771 Afrum,
428 693 547 758 Amisso
566 713 666 772 cuper
682 695 816 773 infelicis
838 697 930 759 οκλοο
952 698 981 758 ui
1002 716 1063 759 κοκ

64 781 227 859 pracsidio
242 781 322 840 ictor
332 781 476 858 periculo
485 787 586 841 tomen
597 779 705 840 solutio
720 781 802 840 inter
819 782 962 842 adverso.
992 780 1062 840 Eius

65 866 134 925 iere
148 864 280 923 videntur
299 865 420 941 optima,
442 865 471 923 in
494 862 596 942 quibus
617 863 695 922 initia
714 866 918 923 sententiarum
941 871 971 923 et
990 864 1062 923 lines

68 949 260 1023 consentiunt,
276 956 306 1007 ut
320 947 366 1006 hic
382 949 556 1025 praesidio,
571 948 697 1015 solertior
722 964 815 1026 poene
834 956 865 1007 ut
884 948 985 1008 similia
1007 949 1063 1007 sint

71 1030 168 1091 rerlris
183 1040 213 1091 ct
227 1030 343 1110 poribus
359 1033 461 1092 cadant
481 1040 510 1090 et
530 1031 633 1090 eodem
653 1030 738 1090 modo
753 1029 893 1091 desinant.
925 1030 1018 1091 litium
1033 1038 1105 1093 utsso

66 1117 137 1190 sint,
156 1115 234 1193 quod
249 1124 294 1174 est
311 1125 449 1192 quartum,
466 1114 602 1174 membris
617 1114 800 1192 aequalibus,
824 1113 901 1194 quod
920 1108 1064 1175 ἰσόκωλον

66 1200 182 1261 dicitur.
219 1197 271 1273 Si,
292 1201 488 1277 quantumin
510 1218 587 1278 apro
614 1200 747 1277 iocisque
771 1200 901 1261 decenis
927 1201 1083 1261 andacia

60 1291 182 1392 potest,
204 1285 351 1344 tantum
338 1302 371 1343 αι
392 1283 460 1381 (oro
474 1291 565 1362 atquc
584 1282 709 1345 iudiciis
727 1284 916 1361 impudentia
929 1285 1062 1345 careret.-

66 1361 211 1428 ἰσόκωλον
225 1375 271 1426 est
282 1377 311 1427 et
321 1359 628 1444 ipotircrorovhabet3
643 1385 704 1428 νον
716 1370 815 1428 minos
828 1386 910 1429 κωκο
920 1369 953 1428 in
964 1385 1062 1429 οοκιο

67 1453 194 1514 eederet
214 1448 311 1511 Arctos
327 1450 462 1513 Coccina
480 1450 569 1512 Secti
587 1447 708 1512 Aebutii
724 1453 949 1552 impudentiae,
969 1468 1061 1530 quom

65 1537 176 1597 tumim
189 1553 220 1596 ον
215 1535 380 1613 faciendo
395 1537 485 1596 cenot
500 1535 671 1597 audaciae:
687 1526 866 1612 ἰσόκωλον,
854 1528 1060 1614 ομοιόκτωτον,

67 1613 290 1696 ὁμοιοτὲλεντον.
327 1618 451 1679 Accedit
469 1627 498 1678 et
518 1636 556 1678 ex
577 1618 628 1678 illa
646 1618 736 1695 ligura
751 1620 860 1697 grotta,
876 1637 932 1698 qna
947 1621 1060 1679 nomino

67 1703 128 1764 dixi
142 1703 256 1763 mutatis
272 1703 387 1763 casibus
400 1704 513 1780 repeti:
528 1699 597 1764 Νον
611 1704 710 1763 minus
724 1704 848 1765 cederet
860 1720 952 1782 poam
958 1705 1059 1765 cereri

66 1786 171 1852 Adhuc
192 1777 405 1864 ομοιοτέλειιτον
427 1795 456 1846 et
482 1786 685 1866 παρονομασία
710 1794 770 1846 est:
798 1764 953 1848 lienrinem
972 1787 1062 1848 atesi

66 1888 157 1949 posce
177 1872 286 1932 dore
273 1890 307 1932 m
327 1872 564 1949 matrinrooiom,
584 1872 646 1933 nisi
668 1887 764 1950 perses
796 1888 885 1950 qoem
905 1872 944 1931 sit
960 1872 1060 1949 patri-

66 1957 206 2018 νιοκλανι.

153 2036 647 2137 Contrapositumautemvel,
662 2038 953 2116 utquidomvocunt,
975 2055 1060 2098 con·
1065 2047 1101 2104 81

67 2122 191 2182 tentio
216 2112 391 2200 (όννλθειον
405 2123 529 2204 dicitur)
552 2140 610 2184 non
635 2141 692 2183 uno
713 2121 745 2182 lit
763 2122 860 2183 modo.
896 2119 968 2182 Nom
989 2130 1018 2181 et
1035 2123 1061 2182 si

67 2204 182 2283 singula
199 2207 320 2283 singulis
336 2215 529 2285 opponuntur,
545 2217 576 2266 ut
591 2208 619 2266 in
632 2223 668 2267 eo
683 2206 760 2284 quod
780 2207 866 2267 modo
884 2205 958 2280 diri,
983 2204 1062 2268 Vicit

65 2291 219 2369 pudorem
230 2291 336 2367 iibido,
353 2292 490 2353 timorem
508 2293 664 2360 audacio:
689 2299 719 2350 et
735 2289 801 2350 binc
815 2289 905 2351 binis:
924 2288 993 2352 Non
1006 2309 1061 2353 κο-

67 2375 127 2436 rtri
140 2375 265 2453 inpertit,
277 2376 372 2436 vestri
385 2376 493 2437 awti
506 2382 567 2452 cst,
589 2383 620 2434 et
640 2376 800 2435 sententiae
813 2375 977 2434 sententiis:
998 2374 1061 2436 Do-

68 2459 200 2519 ntirretcr
212 2459 245 2518 im
255 2459 453 2536 contionibus,
468 2461 571 2522 iaceat
585 2460 619 2519 irc
632 2458 766 2520 iudiciis.
798 2456 851 2519 Oui
866 2458 1104 2522 commodissiffl

69 2560 116 2601 me
126 2540 307 2618 subiungitur
316 2551 344 2601 et
356 2560 390 2602 ca
400 2545 527 2622 species,
541 2560 625 2621 quam
640 2541 914 2603 distinctionem
925 2543 1060 2603 diximus:

73 2624 146 2690 Odit
158 2626 291 2704 populor
304 2625 457 2688 Βονσνιισ
469 2629 624 2704 privatam
643 2627 813 2704 locutioni,
826 2627 983 2704 publicam
996 2644 1062 2692 ma-

67 2711 275 2790 pnificerctiam
299 2709 413 2788 dilicit,-
448 2720 493 2786 et,
520 2729 595 2789 quae
623 2719 688 2771 sunt
713 2710 797 2770 simili
818 2729 905 2787 casu,
934 2708 1063 2768 dissimili

70 2796 214 2854 sententia
237 2795 266 2853 in
284 2793 383 2853 ultimo
404 2793 516 2855 locata:
540 2803 571 2853 ut
594 2792 683 2867 Quot
702 2797 885 2873 intempore
904 2792 1063 2870 motisoit,

69 2879 147 2940 ntttt
167 2878 260 2953 obsit,
280 2880 369 2957 quio,
391 2880 474 2957 quod
493 2880 525 2939 irc
545 2896 643 2940 cccco
662 2879 735 2940 dorsi
748 2879 822 2957 fcit,
847 2878 954 2955 prosit.
999 2874 1104 2939 Nectit

70 2979 190 3040 semper
203 2963 428 3040 contrapositum
443 2961 634 3038 subiungitur,
650 2964 724 3022 utin
739 2961 810 3020 hoc:
830 2958 886 3021 Est
899 2962 1003 3037 icitur,
1015 2960 1063 3021 iit·

69 3048 169 3122 dicct,
189 3065 251 3107 κοκ
270 3049 390 3124 scripto
409 3045 466 3107 ced
483 3054 558 3107 κολα
578 3047 650 3117 tem·
669 3062 785 3118 verum,
806 3045 881 3103 sicut
902 3040 1006 3103 Cicero
1022 3044 1063 3104 di·

71 3131 121 3205 cit,
135 3129 174 3189 de
186 3129 306 3207 singulis
321 3130 408 3191 rebus
425 3131 583 3209 propositis
597 3129 724 3189 refertur
742 3127 777 3187 ad
790 3126 921 3204 singula,
940 3136 970 3186 ut
984 3129 1013 3186 in
1027 3144 1064 3187 eo

70 3212 306 3293 quodsequitur:
330 3212 428 3315 Quom
447 3234 508 3277 κοκ
530 3216 703 3289 didicimus,
723 3213 907 3288 occepimus,
928 3212 1064 3290 tegrimus,

68 3316 177 3360 comm
198 3316 239 3359 ον
258 3307 373 3361 nmero
397 3302 468 3378 ipsc
488 3300 693 3377 arripuimus,
715 3296 886 3373 λσαοίκκνι,
909 3297 1064 3374 cmpressi-

69 3400 146 3444 mur.
175 3379 240 3443 Nec
255 3400 382 3460 semper,
398 3383 475 3461 qood
490 3383 642 3443 adversum
659 3389 714 3455 est,
734 3380 964 3459 contraponitur:
979 3377 1107 3457 puslesst

70 3475 117 3526 est
132 3467 208 3544 apud
223 3465 370 3545 Rutilium,
388 3465 482 3530 Nobis
501 3468 611 3546 primis
631 3464 676 3530 dii
688 3465 871 3529 immortates
883 3463 990 3544 [rupes
1009 3464 1064 3526 ‹ic-
