2434 3925
173 188 233 249 260
479 200 516 247 u.
538 199 616 246 nna.
639 196 857 258 pumannum

145 354 345 434 aexplicabit3
372 361 401 414 at
419 353 444 412 si
461 353 533 413 iuris
552 353 763 412 anfractus'aut
784 351 929 410 eruendae
949 352 1104 411 veritatis
1125 354 1190 412 late

175 441 241 499 bras
256 439 335 498 adire
348 446 484 514 cogetur:
500 452 557 497 nou
572 436 751 514 obequitabit
765 453 820 493 nec
835 434 893 494 illis
908 434 1113 496 vibrantibus
1130 456 1190 497 eon

174 524 327 600 citatisque
343 522 492 582 sententiis
506 522 587 581 velut
602 519 759 579 missilibus
774 528 884 594 utetur,
908 519 961 578 sed
987 521 1154 598 operibus
1169 531 1190 579 et

145 607 313 673 tendiculis
340 615 369 666 et
392 605 501 665 insidiis
528 614 558 664 et
583 604 706 664 occultis
735 603 843 663 artibus
867 621 930 662 rem
952 613 1059 680 geret.
1115 605 1190 679 Quae

174 692 267 751 omnia
287 707 345 749 nou
366 690 431 750 dum
450 689 518 748 liunt
537 689 703 762 laudantur,
732 688 785 747 sed
808 705 871 746 cum
892 688 968 747 iacta
986 698 1083 756 sunt;
1122 691 1188 748 unde

174 777 258 834 etiam
286 774 477 853 cupidissimis
507 774 651 851 opinionis
671 771 735 849 plus
756 771 867 830 fructus
887 772 978 830 uenit.
1018 772 1110 832 Nam
1137 792 1188 833 cun

173 857 222 918 illa
240 857 353 919 dicendi
367 859 472 917 vitiosa
483 858 598 917 iactatio
614 858 688 915 iuter
705 855 858 934 plausores
872 872 942 914 suos
957 855 1135 916 detonuit:
1153 876 1188 916 re

173 944 266 1018 surgit
285 960 375 1001 verae
397 942 510 1000 virtutis
529 941 634 1000 fortior
654 939 746 1015 fama,
774 957 829 998 nec
847 939 974 1013 iudices,
1008 958 1026 998 a
1047 959 1121 1018 quo
1144 944 1189 998 sint

172 1028 257 1102 moti,
275 1025 469 1099 dissimulant,
492 1033 521 1083 et
537 1023 631 1084 doctis
647 1023 789 1098 creditur,
811 1041 866 1082 nec
885 1032 930 1082 est
947 1026 1110 1083 orationis
1127 1043 1189 1083 vera

145 1109 247 1185 olaus,
266 1106 320 1168 nisi
336 1127 398 1169 cum
415 1109 492 1168 linita
509 1118 563 1168 est.
588 1107 747 1167 Veteribus
762 1108 875 1185 quidem
891 1109 976 1166 etiam
991 1107 1189 1168 dissimulare

174 1194 367 1271 eloquentiam
389 1193 442 1252 fuit
462 1194 567 1267 moris,
593 1192 681 1270 idque
701 1190 739 1250 11.
761 1190 902 1251 Antonius
923 1193 1105 1270 praecipit,
1138 1210 1189 1270 quo

174 1277 239 1356 plus
261 1277 421 1338 dicentibus
443 1277 508 1337 bdei
526 1278 677 1354 minusque
699 1284 856 1354 suspectae
876 1275 1100 1336 advocatorum
1128 1279 1189 1337 insi·

174 1362 238 1421 diae
253 1361 359 1420 forent.
387 1360 446 1419 Sed
461 1360 509 1420 illa
525 1359 707 1434 dissimulari,
724 1367 871 1437 quactum
887 1367 959 1433 erat,
977 1363 1104 1437 potuit;
1125 1378 1188 1419 non·

175 1445 241 1505 dum
263 1446 338 1503 euim
361 1453 466 1503 tantum
490 1444 605 1504 dicendi
626 1444 722 1503 lumen
744 1452 928 1518 accesserat,
954 1451 995 1502 utv
1011 1447 1115 1504 etiam
1142 1463 1189 1523 per

175 1528 318 1588 obstantia
335 1537 509 1606 erumperet.
546 1527 644 1601 Quare
658 1536 737 1588 artes
753 1526 867 1607 quidem
883 1536 912 1586 et
927 1527 1056 1587 consilia
1076 1529 1188 1589 lateant

175 1621 205 1671 et
226 1612 380 1690 quidquid,
403 1614 427 1671 si
450 1611 692 1690 deprehenditur,
716 1614 801 1690 perit.
837 1611 982 1670 llactenus
1007 1610 1187 1691 eloquentia

146 1704 320 1761 osecretum
343 1696 440 1756 babet.
469 1696 633 1755 Verborum
653 1695 768 1774 quidem
792 1695 939 1769 delectus,
960 1696 1107 1771 gravitas
1127 1715 1186 1756 sen·

174 1781 341 1855 tentiarum,
370 1780 523 1857 figurarum
548 1780 694 1857 elegantia
719 1789 768 1839 aut
788 1788 931 1851 nou0suut
953 1788 1001 1838 aut
1022 1790 1183 1859 apparent

174 1864 233 1924 Sed
248 1872 370 1944 propter
384 1865 441 1924 boc
456 1866 548 1944 ipsum
564 1864 742 1924 ostendenda
758 1881 815 1923 non
830 1873 904 1939 sunt,
923 1862 1001 1941 quod
1017 1873 1183 1942 apparent

174 1966 209 2009 ac
224 1950 249 2008 si
263 1967 348 2008 unum
369 1950 405 2009 sit
427 1968 464 2009 ex
481 1947 593 2009 duobus
611 1948 791 2026 eligendum:
814 1966 900 2008 eausa
922 1948 1020 2026 potius
1045 1947 1183 2010 laudetur

174 2051 258 2111 quam
275 2043 423 2112 patronus.
454 2032 555 2093 Finem
569 2042 665 2093 tamen
680 2033 755 2093 bunc
770 2033 930 2112 praestabit
945 2041 1069 2107 orator,
1099 2044 1134 2093 ut
1149 2035 1181 2089 ri·

176 2117 277 2177 deatur
300 2118 436 2198 optimam
459 2135 575 2178 oausam
600 2119 708 2195 optime
732 2118 840 2194 egisse.
874 2116 948 2177 lllud
971 2125 1096 2178 certum
1123 2119 1179 2178 erit.

175 2203 317 2261 neminem
340 2203 422 2280 peius
444 2220 534 2278 agere
561 2219 646 2281 quam
668 2203 715 2279 qui
743 2202 917 2281 displicente
946 2218 1033 2260 causa
1065 2202 1179 2279 placet:

147 2296 300 2351 luccesse
322 2295 369 2345 est
390 2287 463 2344 enim
486 2295 567 2346 extra
591 2304 705 2346 causam
727 2286 779 2361 sit,
802 2285 880 2365 quod
896 2285 1003 2364 placet.
1037 2282 1115 2346 Nec
1135 2284 1180 2344 illo

175 2369 290 2429 fastidio
306 2369 448 2430 laborabit
464 2379 564 2430 orator
576 2387 635 2429 non
651 2370 755 2447 agendi
771 2387 874 2429 causas
888 2371 1024 2442 minores,
1041 2377 1179 2448 tanquan

174 2453 249 2512 infra
266 2470 330 2512 eum
347 2455 402 2513 sint
417 2461 465 2514 ant
482 2454 646 2515 detractura
661 2456 699 2514 sit
714 2456 840 2532 opinioni
856 2454 947 2513 minus
964 2452 1106 2513 liberalis
1128 2470 1179 2512 ma·

176 2537 258 2596 teria.
303 2535 375 2596 Nam
393 2546 422 2596 et
440 2538 615 2617 suscipiendi
633 2540 706 2598 ratio
729 2540 884 2598 iustissima
909 2545 954 2596 est
974 2536 1129 2613 officium,
1155 2545 1178 2593 et

177 2620 330 2699 optandum
351 2622 452 2697 etiam,
482 2631 512 2681 ιιι
532 2623 616 2682 amici
639 2640 723 2700 quam
744 2624 872 2682 minimas
889 2621 957 2682 litos
977 2620 1127 2688 babeant;
1156 2629 1178 2678 et

177 2703 290 2765 abunde
306 2705 376 2765 dixit
391 2704 483 2781 bene,
506 2706 637 2784 quisquis
652 2708 695 2766 rei
713 2707 865 2766 satisfecit.

147 2797 166 2852 8
260 2788 298 2848 At
314 2789 444 2868 quidam,
466 2791 578 2849 etiamsi
594 2790 672 2850 forte
690 2798 883 2868 susceperunt
901 2790 1019 2866 negotia
1034 2791 1133 2867 paulo
1148 2787 1175 2847 ad

176 2873 328 2933 dicendam
351 2876 500 2950 tenuiora,
529 2876 721 2935 extrinsecus·
733 2874 864 2934 adductis
887 2893 922 2934 aa
942 2873 1031 2933 rebus
1055 2876 1175 2934 circun-

177 2957 278 3018 liniunt
295 2975 345 3033 ac,
361 2959 386 3017 si
402 2958 564 3018 defecerint
579 2958 652 3034 alia,
675 2959 814 3018 conviciis
832 2959 952 3037 implent
963 2974 1058 3017 vacua
1079 2974 1173 3018 cansa·

175 3058 250 3108 rum:
272 3043 299 3100 si
314 3044 471 3119 contingit,
489 3044 586 3111 veris;
613 3044 637 3100 si
653 3044 761 3118 miuus,
783 3043 872 3110 lictis3
895 3043 981 3102 ruodo
1003 3043 1041 3100 sit
1056 3042 1173 3103 materia

176 3124 285 3200 ingenii
300 3136 502 3205 mereaturque
519 3127 674 3187 clamorem
691 3127 756 3186 dum
772 3127 884 3187 dicitur.
918 3125 1003 3201 Quod
1021 3143 1084 3201 ego
1107 3126 1171 3186 adea

177 3207 264 3284 louge
280 3218 349 3287 puto
371 3209 407 3270 ab
425 3219 542 3270 oratore
557 3210 707 3289 perlecto,
730 3220 761 3270 ut
777 3229 840 3270 eum
855 3228 892 3269 ne
907 3228 976 3270 vera
993 3210 1114 3287 quidem
1129 3209 1169 3268 ob

148 3292 332 3367 9iecturum,
348 3295 402 3352 nisi
419 3295 446 3354 id
464 3312 549 3354 causa
566 3296 666 3371 exigit,
685 3295 811 3355 credam.
844 3294 886 3354 Ea
902 3303 948 3354 est
964 3297 1039 3353 enim
1055 3309 1167 3372 prorsus

177 3378 309 3452 caniac,
332 3387 362 3436 ut
377 3380 415 3438 ait
431 3377 560 3457 Appius,
577 3378 761 3458 eloquentia,
778 3380 956 3456 cognituram
971 3379 1047 3439 male
1063 3375 1166 3438 dicendi

177 3459 290 3529 subire;
321 3462 398 3540 quod
417 3462 588 3523 facientibus
611 3465 696 3523 etiarn
717 3464 793 3524 male
814 3463 947 3524 audiendi
963 3461 1164 3542 praesumenda
