2434 3925
145 195 205 260 184
461 207 826 269 u.FAB.QU1NTfflnt

142 363 246 441 dicem,
265 363 458 441 mitigandum,
477 363 684 423 concitandum.
723 361 807 437 Quod
832 362 1016 424 lssreriusbic
1037 373 1132 426 etve-

101 448 299 512 lobementius
314 447 376 506 lieri
395 448 511 525 potest,
533 447 600 524 quia
625 446 712 506 iudici
731 464 817 507 causa
836 449 890 507 iam
905 457 972 507 uota
993 457 1047 508 est.
1077 450 1133 522 llio

141 533 227 608 igitur
244 531 324 591 velut
347 530 497 604 lomentis,
518 530 628 608 siquid
647 531 700 589 erit
719 547 865 609 asperum,
887 532 1130 609 praemunimus,

142 631 203 695 quo,
214 614 327 674 facilius
344 631 429 674 aures
447 613 570 673 iudicum
585 632 660 692 quae
681 622 748 691 post
768 617 945 693 proposituri
960 617 1065 674 erimus
1081 618 1130 677 ad

140 699 265 775 mittant,
290 716 327 757 ne
348 700 451 758 iustum
471 697 592 756 oderint.
637 697 713 757 Nihil
737 700 810 757 enim
832 697 918 758 lacile
939 699 1131 776 persuadetur

100 783 244 846 llinvitis.
286 781 350 855 Quo
376 781 564 855 loco‘tameu
588 781 690 841 iudicis
711 797 828 860 quoque
857 782 1004 842 noscenda
1029 791 1131 842 natura

128 874 199 940 -est,
222 866 275 924 iuri
299 866 389 941 magis
413 882 448 923 au
467 881 560 942 aequo
581 867 618 924 sit
633 867 796 942 appositus;
812 866 932 943 proinde
949 867 1022 924 enim
1036 868 1130 942 magis

139 958 186 1010 aut
206 949 296 1009 minus
315 950 373 1023 erit
403 947 460 1007 hoc
483 949 686 1007 necessarium.
737 945 872 1008 Ceterum
901 967 949 1008 res
975 949 1076 1009 eadem
1099 959 1130 1008 et

139 1041 206 1111 post
221 1034 417 1109 quaestionem
432 1034 624 1109 perorationis
643 1034 707 1090 vice
722 1031 858 1109 iungitur

98 1126 131 1179 12
220 1115 299 1175 Hanc
316 1125 426 1193 partem
436 1114 617 1215 παρέκβασιν
632 1125 739 1174 vocant
756 1115 868 1191 Graeci,
888 1116 978 1175 Latini
997 1132 1127 1192 egres-

138 1218 211 1258 sum
232 1200 281 1260 vel
304 1201 568 1276 egressionem.
613 1199 671 1260 Sed
694 1198 748 1258 bae
771 1209 836 1259 sunt
861 1199 977 1293 plures,
1006 1209 1041 1259 ut
1056 1199 1127 1274 dixi,

139 1301 213 1362 quae
232 1300 286 1361 per
300 1291 388 1341 totam
404 1300 517 1342 causam
533 1283 631 1342 varios
647 1281 752 1342 babent
772 1277 928 1358 excursus,
950 1292 981 1342 ut
996 1283 1058 1343 laus
1074 1283 1127 1342 ho-

138 1368 241 1426 minum
257 1365 462 1444 locorumque,
487 1375 518 1425 ut
533 1367 690 1444 descriptio
708 1368 872 1444 regionum,
897 1369 1041 1445 expositio
1057 1384 1127 1444 qua·
1171 1432 1174 1437 ⁴

97 1459 130 1514 13
139 1451 255 1510 rundam
269 1459 364 1508 rerum
380 1459 540 1526 gestarum,
557 1459 587 1509 ut
607 1450 715 1510 laetitia
736 1450 903 1510 fabularum.
938 1450 1002 1524 Quo
1018 1468 1055 1509 ex
1073 1467 1126 1526 ge

139 1552 209 1593 nere
230 1542 275 1593 est
294 1535 322 1592 iu
346 1533 522 1594 orationibus
546 1544 645 1594 contra
667 1533 787 1593 Verrem
820 1536 987 1613 compositis
1008 1534 1127 1593 Siciliae

138 1618 210 1694 laus,
226 1617 417 1695 Proserpinae
433 1626 544 1696 raptus;
567 1634 621 1696 pro
639 1615 672 1677 O.
689 1616 825 1677 Cornelio
840 1618 988 1698 popularis
1004 1616 1053 1677 illa
1068 1618 1125 1675 vir-

138 1710 226 1761 tutum
244 1698 295 1760 On·
314 1700 441 1779 Pompeii
456 1703 703 1777 commemoratio,
725 1703 753 1760 in
767 1719 851 1779 quam
870 1703 921 1761 ille
936 1702 1045 1761 divinus
1060 1717 1125 1759 ora·

137 1793 193 1861 tor,
211 1785 291 1845 velut
307 1786 420 1845 nomine
435 1787 499 1863 ipso
515 1785 595 1844 ducis
614 1803 713 1845 cursus
729 1786 842 1845 dicendi
857 1794 1020 1860 teneretur,
1041 1783 1124 1843 abru-

96 1875 130 1931 14
138 1878 206 1948 pto,
222 1883 305 1947 quem
319 1869 520 1944 inchoaverat,
541 1886 674 1928 sermone
692 1869 823 1928 devertit.
855 1869 1003 1929 Actutum
1017 1866 1126 1946 παρέκ-

137 1955 221 2033 βασις
244 1964 306 2030 est,
333 1964 362 2014 ut
383 1971 446 2014 mea
462 1953 574 2031 quidem
589 1953 646 2013 lert
670 1955 783 2032 opinio,
807 1954 962 2013 alicuius
984 1953 1039 2011 rei
1061 1951 1124 2010 sed

137 2039 178 2099 ad
202 2038 407 2098 utilitatem
429 2054 562 2098 causae
583 2040 804 2116 pertinentis
833 2047 941 2097 extra
961 2036 1123 2096 ordinem

138 2139 341 2182 excurrens
361 2123 546 2181 tractatio.
582 2119 766 2199 Quapropter
785 2138 841 2180 non
855 2121 956 2196 video,
979 2137 1029 2178 cur
1046 2118 1122 2177 bunc

137 2208 164 2264 ei
178 2206 355 2283 potissimum
370 2204 465 2264 locum
478 2205 639 2280 assignent,
660 2207 707 2283 qui
724 2219 818 2263 rerum
832 2205 961 2264 ordinem
978 2205 1121 2280 aequitum

136 2305 193 2347 non
207 2290 297 2364 magis
315 2304 398 2365 quam
411 2287 500 2362 illud,
523 2305 575 2346 cur
594 2287 651 2347 boc
668 2305 771 2347 nomeu
792 2290 831 2348 ita
852 2288 962 2347 demum
978 2287 1124 2364 proprium

106 2379 246 2450 putent,
261 2389 286 2429 sr
279 2370 434 2448 aliquid
425 2389 453 2429 m
466 2371 598 2447 digressu
613 2373 649 2430 sit
665 2371 874 2448 exponendum,
893 2390 955 2430 cum
973 2379 1015 2430 tot
1031 2368 1123 2428 modis

94 2464 155 2517 lta
170 2463 251 2514 recto
271 2456 372 2514 itinere
387 2453 512 2514 declinet
529 2456 631 2514 oratio.
666 2453 738 2514 Nam
760 2454 894 2533 quidquid
917 2455 1019 2515 dicitur
1038 2469 1123 2531 prae·

136 2548 181 2598 ter
199 2537 264 2597 illas
280 2539 420 2616 quinque,
444 2555 514 2616 quas
534 2538 669 2636 lecimus,
693 2547 805 2617 partes,
828 2539 959 2615 egressio
977 2545 1038 2611 est,
1053 2535 1124 2594 indi-

135 2622 249 2699 gnatio,
265 2623 428 2696 miseratio,
444 2622 560 2696 invidia,
579 2623 754 2696 convicium,
771 2624 929 2696 excusatio,
947 2619 1121 2692 conciliatio,

135 2703 350 2765 maledictorum
364 2705 509 2765 refutatio.
539 2706 647 2765 Similia
662 2706 723 2782 his,
743 2724 816 2783 quae
843 2723 899 2765 uon
914 2714 977 2764 sunt
994 2706 1021 2763 in
1036 2720 1122 2780 quae-

136 2791 240 2865 stione,
257 2791 346 2848 omnis
361 2789 558 2867 amplificatio,
574 2792 702 2866 minutio,
726 2806 809 2849 omne
826 2790 946 2849 affectus
959 2806 1063 2865 genus;
1079 2795 1122 2845 at-

137 2891 192 2950 que
206 2885 246 2933 'ea
268 2874 389 2933 maxime
414 2873 563 2932 iucundam
582 2882 611 2932 et
625 2882 752 2933 ornatam
767 2874 873 2934 faciunt
888 2875 1062 2944 orationem,
1085 2868 1122 2928 de

135 2955 267 3032 luxuria,
298 2957 334 3017 de
355 2958 488 3033 avaritia,
509 2957 545 3017 de
564 2956 723 3034 religione,
749 2957 785 3018 de
812 2958 929 3024 ofliciis;
957 2971 1030 3034 quae
1058 2971 1123 3012 cum

136 3040 192 3097 sint
216 3041 388 3116 argumentis
413 3040 542 3100 subiecta
567 3042 697 3101 similium
721 3059 831 3116 rerum,
859 3042 923 3119 quia
954 3038 1121 3109 cohaerent,

95 3135 128 3190 16
137 3123 238 3199 egredi
254 3130 311 3182 uon
325 3124 465 3184 videntur.
497 3123 535 3183 Et
550 3123 670 3202 plurima
685 3134 766 3200 sunt,
789 3142 862 3202 quae
882 3122 968 3183 rebus
989 3120 1058 3180 nihil
1074 3138 1120 3178 se

137 3224 200 3265 cum
218 3206 438 3267 cohaerentibus
454 3210 632 3283 inseruntur,
649 3209 751 3287 quibus
766 3208 852 3267 iudex
865 3207 1007 3280 relicitur,
1025 3203 1120 3263 admo·

135 3297 228 3363 netur,
244 3290 389 3368 placatur,
404 3300 538 3368 rogatur,
555 3291 695 3352 laudatur.
727 3290 944 3350 Innumerabilia
959 3297 1023 3348 sunt
1038 3287 1120 3361 baec,

137 3390 255 3451 quorum
266 3373 324 3434 alia
340 3374 383 3432 sic
397 3383 567 3453 praeparata
584 3375 747 3449 afferimus,
763 3375 901 3453 quaedam
915 3391 952 3432 ex
966 3372 1121 3431 occasione

135 3457 236 3518 velex
248 3459 424 3519 necessitate
438 3459 583 3538 ducimus,
604 3460 630 3519 si
647 3458 811 3539 quidnobis
828 3455 979 3537 agentibus
993 3455 1059 3515 novi
1073 3469 1120 3512 ae
