2434 3925
355 210 825 278 rusmomuommmxmro.
1033 195 1094 261 263

78 370 173 432 aliud
187 370 217 430 in
230 369 288 429 alio
303 368 394 444 magis
412 367 534 444 eminet,
551 367 604 426 sed
622 367 700 445 quod
714 383 772 426 non
784 383 839 425 una
855 365 985 426 omnihus
1002 365 1095 428 iortna

22 502 26 534 3
79 456 227 536 placuit,
246 454 350 532 partim
365 453 535 512 condicione
551 451 600 510 vel
617 460 777 528 temporum
793 449 842 509 vel
858 448 1004 526 locorum,
1028 468 1093 529 par·

80 542 142 600 tim
164 538 272 598 iudicio
295 538 434 614 cuiusque
459 544 545 614 atque
564 536 727 613 proposito.
761 534 861 610 Primi,
886 552 1007 612 qnorum
1031 536 1119 613 qui-a

82 625 159 685 dem
182 638 273 701 opera
295 637 352 680 non
374 620 527 679 vetustatis
550 620 637 680 modo
659 621 752 695 gratia
771 617 891 678 visenda
913 626 994 694 sunt,
1023 619 1094 679 clari

23 757 25 766 ,
82 710 267 788 pictores
283 705 374 764 inisse
386 704 517 763 dicuntur
530 702 710 779 Polygnotus
722 711 808 779 atque
819 701 1006 780 Aglaophon,
1023 720 1094 781 quo·

23 851 24 856 ,
84 809 156 851 rum
177 789 301 868 simplex
323 788 407 848 color
427 797 483 848 tam
506 787 549 845 sui
575 787 722 847 studiosos
743 786 837 846 adhuc
857 786 960 862 habet,
993 795 1024 846 ut
1045 787 1094 848 illa
1154 802 1156 805 ’

86 891 190 954 prope
211 873 292 934 rudia
311 890 346 932 ac
366 872 447 932 velut
466 871 579 930 futurae
600 888 669 931 mox
686 873 755 930 artis
776 871 932 950 primordia
952 873 1093 947 maximis,

89 960 144 1038 qui
160 968 228 1038 post
244 974 297 1017 eos
313 955 668 1030 extiterunt,·auctorihus
685 957 868 1034 praeferant,
886 957 1006 1034 proprio
1023 972 1093 1035 quo·

89 1044 159 1104 dam
181 1042 378 1119 intelligendi,
404 1049 435 1099 ut
454 1058 518 1100 mea
539 1041 638 1118 opinio
654 1039 726 1115 ient,
751 1038 868 1099 ambitu.
899 1039 969 1099 Post
986 1039 1121 1104 Zeuxis4

90 1136 183 1204 atque
204 1126 371 1186 Parrhasius
391 1141 449 1183 non
467 1124 584 1184 multum
609 1133 706 1184 aetate
727 1124 882 1199 distantes,
908 1125 986 1184 cirea
1009 1123 1094 1184 Pelo·

90 1212 237 1290 ponnesia
256 1209 340 1270 amho
360 1219 492 1287 tempora
517 1208 595 1286 (nam
618 1227 682 1268 cum
703 1208 855 1268 Parrhasio
875 1226 971 1268 sermo
990 1209 1095 1269 Socra·

89 1298 131 1355 tis
147 1293 223 1373 apud
239 1292 463 1372 Xenophontem
484 1294 641 1372 invenitur)
665 1292 817 1371 plurimum
839 1294 893 1353 arti
914 1293 1093 1353 addiderunt.

95 1378 225 1452 Quorum
239 1381 319 1456 prior
334 1376 467 1437 luminum
484 1376 705 1455 umbrarumque
722 1377 868 1436 invenisse
883 1378 1033 1452 rationem,
1049 1395 1094 1436 se·

95 1464 205 1523 cundus
232 1464 412 1522 examinasse
438 1460 570 1520 subtilius
597 1461 689 1520 lineas
718 1462 847 1520 traditur.
891 1459 963 1521 Nam
988 1461 1122 1521 Zeuxis5

94 1546 163 1627 plus
177 1545 312 1606 memhris
328 1546 461 1624 corporis
477 1545 574 1619 dedit,
600 1546 630 1605 id
645 1545 767 1624 amplius
784 1554 870 1623 atque
887 1547 1035 1623 augustius
1050 1563 1095 1605 ra·

94 1640 142 1691 tus
159 1640 262 1708 atquc,
279 1639 310 1689 ut
326 1631 504 1704 existimant,
525 1627 680 1689 Homerum
696 1638 831 1704 secutus,
854 1631 900 1689 cui
919 1629 1095 1689 validissima

94 1732 230 1794 quaeque
244 1713 337 1774 forma
353 1716 439 1774 etiam
455 1715 483 1773 in
499 1713 612 1773 leminis
627 1713 734 1791 placet.
765 1712 819 1773 llle
833 1731 906 1772 vero
922 1715 961 1774 ita
974 1715 1094 1782 circum·

94 1801 213 1877 scripsit
230 1801 343 1874 omnia,
365 1807 396 1857 ut
411 1816 476 1858 eum
491 1798 589 1875 legum
605 1797 726 1857 latorem
741 1806 865 1873 vocent,
890 1799 956 1876 quia
975 1798 1094 1858 deorum

94 1891 182 1960 atque
203 1883 323 1941 heroum
345 1882 478 1959 efligies,
508 1881 609 1959 quales
628 1881 664 1941 ab
687 1898 723 1940 eo
747 1890 812 1941 sunt
832 1882 970 1956 traditae,
991 1882 1093 1955 ceteri,

93 1977 230 2046 tanquam
243 1969 283 2028 ita
298 1985 423 2027 neccsse
439 1968 485 2041 sit,
504 1976 674 2044 sequuntur.
706 1965 817 2026 Floruit
832 1976 925 2027 autem
942 1968 1020 2025 circa
1031 1966 1123 2030 Phi-o

93 2052 203 2130 lippum
222 2060 251 2111 et
266 2069 360 2129 usque
375 2052 411 2111 ad
425 2069 617 2111 successores
633 2049 792 2111 Alexandri
809 2052 921 2130 pictura
936 2052 1095 2128 praecipue

94 2137 149 2195 scd
165 2136 287 2196 diversis
301 2135 463 2195 virtutibus.
495 2134 567 2194 Nam
585 2153 655 2195 cura
669 2135 868 2212 Protogenes,
886 2137 998 2208 ratione
1014 2134 1094 2194 Pam·

95 2219 192 2298 philus
208 2238 243 2280 ac
259 2219 448 2295 Melanthius,
471 2219 611 2279 facilitate
629 2217 810 2297 Antiphilus,
833 2219 1032 2297 concipiendis
1053 2221 1094 2278 vi·

95 2304 241 2380 sionibus,
259 2322 330 2382 quas
348 2302 511 2380 φαντασίας
525 2311 648 2378 vocant,
666 2303 767 2363 'l'heon
782 2303 909 2378 Samius,
930 2303 1046 2380 ingenio
1066 2312 1095 2363 ct

95 2390 206 2465 gratia,
231 2406 314 2466 quam
340 2390 368 2447 in
385 2405 419 2447 se
436 2388 501 2465 ipse
522 2389 644 2446 maxime
664 2389 771 2463 iactat,
795 2386 920 2465 Apelles
944 2397 989 2448 est
1010 2406 1093 2467 prae·

96 2474 297 2532 stantissimus.
326 2470 547 2550 Euphranorem
563 2471 758 2532 admirandum
771 2471 858 2548 iacit,
876 2472 953 2551 quod
969 2482 999 2532 et
1014 2482 1093 2531 cete·
1190 2474 1192 2476 ’

95 2558 137 2614 ris
161 2558 276 2634 optimis
294 2556 395 2615 studiis
417 2556 493 2614 inter
507 2557 682 2635 praecipuos
704 2566 732 2616 et
750 2556 887 2635 pingendi
909 2556 1093 2634 fingendique

98 2640 173 2699 idem
187 2642 276 2700 mirus
291 2640 396 2700 artifex
410 2639 473 2698 iuit.

182 2724 289 2785 Similis
310 2726 339 2783 in
367 2724 505 2783 statuis
534 2723 706 2784 differentia.
749 2723 820 2785 Nam
843 2724 957 2784 duriora
984 2731 1014 2781 et
1039 2722 1120 2784 Tul

99 2809 220 2868 scenicis
243 2811 375 2887 proxima
397 2806 500 2867 Callon
523 2817 609 2886 atque
631 2808 791 2885 Hegesias,
815 2810 869 2867 iam
890 2809 982 2866 minus
1003 2806 1095 2882 rigida

99 2888 238 2976 Calamis,
262 2892 395 2952 molliora
417 2892 509 2951 adhuc
529 2911 617 2971 supra
634 2892 718 2952 dictis
733 2891 836 2967 llyron
851 2891 931 2950 iecit.
964 2890 1094 2968 Diligen-

99 2976 137 3034 tia
152 2994 186 3036 ac
201 2976 293 3036 decor
307 2978 335 3035 in
349 2974 501 3050 Polycleto
517 2994 605 3054 supra
618 2985 746 3050 ceteros,
764 2977 809 3035 cui
825 2993 986 3053 quanquam
1001 2993 1017 3035 a
1031 2973 1094 3052 ple·

98 3060 195 3138 risque
216 3060 349 3120 tribuitur
370 3059 482 3138 palma,
509 3068 618 3134 tamen,
642 3078 679 3118 ne
695 3059 764 3120 nihil
781 3058 961 3133 detrahatur,
988 3059 1093 3118 deesse

99 3144 208 3221 pondus
231 3153 339 3221 putant.
371 3142 442 3203 Nam
458 3152 488 3202 ut
504 3144 643 3204 humanae
667 3143 778 3202 formae
792 3143 928 3203 decorem
951 3143 1120 3203 addiderit8

99 3245 183 3305 supra
197 3246 314 3300 verum,
335 3228 374 3288 ita
389 3245 447 3287 non
469 3228 636 3306 explevisse
652 3227 771 3286 deorum
794 3228 994 3288 auctoritatem
1012 3227 1092 3287 ride·

100 3319 152 3370 tur.
187 3310 262 3384 Quin
280 3319 405 3371 aetatem
421 3329 538 3390 quoque
553 3313 719 3389 graviorem
734 3312 838 3371 dicitur
859 3311 1005 3389 refugisse
1023 3310 1092 3369 nihil

99 3411 182 3454 ausus
192 3395 268 3455 ultra
279 3394 361 3454 leves
376 3414 476 3472 genas.
499 3395 538 3455 At
550 3394 785 3475 quaePclycleto
796 3395 959 3470 defuerunt,
975 3394 1091 3454 Phidiae

99 3487 182 3557 atquc
196 3479 347 3541 Alcameni
365 3480 475 3540 dantur.
511 3479 626 3540 Phidias
641 3488 736 3539 tamen
756 3479 809 3540 diis
826 3496 910 3559 quam
930 3477 1120 3541 hominibusi)
