2434 3925
292 223 382 273 rnsr.
395 222 543 272 ordros.
555 225 625 272 nra.
637 226 703 291 111,
716 223 758 275 10.
966 214 1027 278 265
1048 218 1051 226 “

43 381 124 440 :naci
146 385 179 438 et
198 396 358 455 exangues.
390 377 425 437 lli
441 387 506 437 sunt
522 381 613 454 enim,
632 381 679 457 qui
694 395 766 455 suae,
779 379 968 442 imbecillitati
984 396 1070 448 sar-15

43 466 116 523 tatis
145 463 391 542 appellationem,
418 472 559 538 quaeest
583 465 704 528 maxime
735 466 896 539 contraria,
926 466 1028 527 obten-

43 557 103 616 int3
131 549 200 624 qui,
218 549 284 625 quia
300 546 454 606 clariorem
469 548 526 605 viru
544 546 728 624 eloquentiae
745 547 825 606 velut
839 547 932 607 solem
949 549 1028 611 ferro

43 650 74 689 in
91 640 242 709 possunt,
260 629 358 689 umbra
372 631 467 705 magni
484 631 802 690 nominisdelitesount.
832 630 942 704 Quibus
962 638 1027 711 quia

43 716 109 775 ulta
133 723 167 774 et
188 713 320 793 pluribus
345 712 418 772 locis
443 710 550 773 Cicero
574 716 638 792 lpse
659 714 827 793 respondit:
852 717 940 777 tutior
959 718 1027 779 mihi

43 819 51 858 c
69 799 133 858 hoc
152 797 318 857 disserendi
332 796 459 856 brevitas
474 798 538 855 erit.

105 882 149 942 Et
180 883 297 960 antiqua
321 881 435 958 quidem
459 879 509 940 illa
536 880 639 940 divisio
669 882 742 940 inter
768 882 913 941 Atticos
940 892 1026 962 atque
1036 897 1068 951 16

50 968 185 1025 sianos
202 966 273 1040 fuit,
297 983 361 1024 cum
375 964 403 1023 bi
419 965 514 1041 pressi
530 973 560 1023 et
574 966 694 1041 integri;
719 975 818 1025 contra
834 965 922 1026 inflati
939 967 981 1026 illi
997 978 1027 1028 et

43 1069 123 1110 anes
145 1049 338 1117 haberentur;
369 1049 397 1106 in
419 1046 463 1106 his
487 1048 557 1108 nibil
582 1047 793 1125 superflueret:
817 1049 874 1109 illis
893 1050 1026 1111 iudicium

46 1135 148 1194 axime
164 1151 201 1193 ac
215 1133 316 1192 modus
333 1131 460 1191 deesset.
493 1130 577 1204 Quod
595 1132 724 1209 quidam,
745 1150 865 1211 quorum
879 1143 908 1193 et
923 1135 1026 1196 Santra

43 1228 85 1293 it,
107 1217 169 1277 hoc
184 1224 285 1295 putant
301 1216 460 1291 accidisse,
485 1215 579 1293 quod,
602 1215 738 1293 paulatim
761 1233 894 1277 sermone
912 1217 1024 1281 Graeco

43 1324 48 1360 l
64 1303 218 1382 proximas
234 1301 323 1359 Asiae
339 1301 470 1359 civitates
486 1298 638 1374 induente,
656 1300 779 1360 nondum
794 1303 864 1359 satis
880 1303 964 1380 periti
981 1303 1024 1363 lo·

43 1385 132 1445 uendi
154 1384 318 1445 facundiam
339 1384 555 1462 concupierint,
584 1384 711 1462 ideoque
733 1402 783 1460 ea,
809 1401 883 1461 quae
905 1389 1024 1464 proprie

43 1470 136 1547 ignari
152 1477 306 1547 poterant,
323 1468 442 1527 circuitu
457 1469 608 1545 coeperint
624 1469 773 1527 enuntiare
788 1487 822 1528 ao
840 1469 943 1529 deinde
958 1489 1025 1549 per·

43 1555 202 1613 onerarint.
233 1551 302 1611 Mihi
325 1560 418 1610 antem
440 1552 578 1610 orationis
599 1550 789 1612 differentiam
810 1552 917 1612 iecisse
939 1562 969 1613 et
985 1555 1025 1614 di·
1035 1565 1067 1620 17

44 1640 154 1714 entium
179 1645 208 1695 et
228 1636 401 1696 audientium
422 1643 540 1694 naturae
559 1636 709 1710 videntur,
734 1637 811 1713 quod
829 1635 917 1695 Attici
938 1638 1026 1699 limati

43 1722 143 1799 uidam
159 1730 189 1780 et
203 1720 327 1779 emuncti
342 1718 410 1777 nihil
426 1720 510 1777 inane
525 1727 573 1779 aot
587 1718 749 1778 redundans
760 1719 902 1795 terebant,
918 1720 1025 1781 Asiana

43 1824 102 1865 ens
118 1805 252 1865 tumidior
275 1802 382 1878 alioqui
402 1811 489 1880 atque
504 1802 655 1862 iactantior
668 1804 787 1862 vaniore
809 1805 894 1861 ctiam
911 1803 1024 1865 dicendi

43 1889 125 1959 :loria
143 1887 239 1947 inllata
257 1896 311 1946 est.
344 1883 470 1945 Tertium
484 1903 568 1960 mox,
592 1887 640 1964 qui
655 1885 728 1944 haec
743 1885 925 1963 dividebant,
947 1887 1024 1947 adie·
1033 1899 1066 1953 18

43 1982 133 2033 ‚erunt
156 1990 267 2049 genus
288 1969 478 2046 Rhodium,
508 1970 585 2050 quod
603 1971 684 2029 velut
704 1971 916 2032 mediumesse
938 1981 1024 2051 atque

43 2077 70 2117 ex
93 2065 215 2133 utroque
235 2057 351 2114 mixtum
365 2054 480 2123 volunt;
507 2072 602 2133 neque
617 2056 692 2113 enim
706 2053 803 2114 Attice
820 2057 914 2132 pressi
929 2074 1023 2134 neque

43 2142 139 2200 lsiane
155 2148 218 2199 sunt
237 2139 431 2212 abundantes,
455 2147 487 2197 ut
511 2137 619 2215 aliquid
639 2137 747 2197 babere
763 2138 914 2198 videantur
929 2142 1024 2215 gentis

43 2223 142 2303 diquid
157 2225 291 2283 auctoris.
322 2220 484 2283 Aeschines
501 2224 593 2297 enim,
612 2224 660 2299 qui
675 2221 750 2281 buno
768 2222 856 2281 exilio
874 2220 1024 2299 delegerat
1031 2233 1065 2286 19

42 2326 143 2382 ocum,
164 2306 256 2366 intulit
279 2322 315 2366 co
330 2306 423 2366 studia
437 2305 627 2380 Athenarum,
651 2323 741 2382 quae,
763 2305 842 2365 velut
860 2314 920 2367 sata
937 2325 1022 2385 quae·

43 2394 97 2453 lam
112 2391 194 2451 coelo
210 2399 346 2467 terraque
361 2390 555 2466 degenerant,
580 2406 715 2466 saporem
737 2389 816 2449 illum
831 2389 957 2449 Atticum
971 2409 1023 2469 pe·
1128 2395 1130 2405 ¹

43 2476 148 2552 egrico
163 2477 347 2534 miscuerunt.
388 2472 470 2532 Lenti
491 2491 562 2550 ergo
583 2473 696 2550 quidam
710 2490 745 2533 ac
759 2474 871 2533 remissi
887 2492 944 2533 non
959 2478 1021 2534 sine

43 2558 160 2619 condere
175 2569 269 2618 tamen
283 2576 378 2635 neque
394 2556 520 2617 fontibus
537 2558 617 2635 puris
632 2575 726 2635 neque
741 2557 916 2618 torrentibus
933 2557 1020 2619 turbi-

43 2645 80 2703 lis
94 2642 143 2702 sed
158 2642 269 2702 lenibus
284 2643 392 2718 stagnis
410 2640 684 2701 simileshabentor.

116 2725 203 2786 Nemo
226 2728 312 2802 igitur
333 2724 522 2800 dubitaverit,
552 2725 640 2801 longe
663 2743 729 2784 esse
752 2727 887 2803 optimum
906 2735 1064 2801 genus20

43 2810 242 2870 Atticorum.
272 2810 304 2869 ln
321 2827 376 2888 quo
394 2817 425 2868 ut
441 2818 486 2868 est
503 2809 608 2888 aliquid
623 2811 698 2868 inter
712 2810 793 2885 ipsos
810 2825 976 2883 commune,
991 2810 1021 2870 id

43 2904 83 2953 est
97 2894 224 2956 iudicium
247 2912 315 2954 acre
337 2903 520 2970 tersumque:
542 2895 580 2951 ita
601 2892 779 2968 ingeniorum
801 2891 939 2968 plurimae
961 2891 1020 2952 ior·

43 2996 108 3037 mae.
141 2977 321 3056 Quapropter
336 2977 402 3037 mihi
419 2976 481 3036 falli
496 2976 612 3035 multum
627 2976 775 3048 videntur,
792 2976 840 3052 qui
856 2974 937 3033 solos
955 2987 1062 3039 essem

43 3062 147 3121 Atticos
162 3063 279 3122 credunt
300 3071 401 3122 tenues
418 3069 447 3120 et
463 3059 574 3119 lucidos
595 3068 624 3118 et
639 3058 833 3135 significantes
855 3066 884 3117 et
900 3060 1021 3137 quadam

43 3145 213 3223 eloquentiae
230 3146 393 3222 frugalitate
410 3153 561 3205 contentos
576 3161 610 3203 ac
622 3160 737 3219 semper
752 3159 862 3200 manum
876 3143 949 3202 intra
960 3143 1020 3221 pal·

43 3231 104 3289 lium
124 3231 309 3288 continentes.
345 3228 417 3288 Nam
443 3230 506 3307 quis
532 3229 585 3287 erit
604 3226 651 3284 hic
672 3222 806 3284 Atticus?
841 3227 884 3285 Sit
903 3225 1018 3301 Lysias3

43 3314 111 3372 hunc
138 3315 206 3372 enim
233 3312 444 3390 amplectuntur
473 3320 616 3371 amatores
639 3311 721 3370 istius
747 3311 867 3367 nominis
895 3310 1017 3369 modum.

43 3395 103 3455 Non
116 3398 195 3473 igitur
212 3397 267 3456 iam
281 3413 374 3474 usque
394 3396 430 3455 ad
447 3393 574 3455 Coccum
593 3402 623 3452 ct
638 3392 814 3452 Andocidem
834 3397 1018 3453 remittemur.

43 3480 214 3557 Interrogare
230 3489 325 3541 tamea
344 3479 447 3556 velim,
473 3496 509 3539 aa
525 3478 671 3539 leocrates
687 3475 783 3538 Attice
800 3478 912 3537 dixerit.
943 3476 1019 3535 Nihil
1027 3487 1061 3540 tt
