2434 3925
355 239 444 287 1usn.
458 238 793 306 onnnon.n1n.x1,1.
1007 224 1064 290 1'93
1138 196 1158 265 ¹1

63 398 209 457 orationis
234 404 350 456 ornatus
373 397 555 473 maximeque
582 413 620 454 ex
645 391 812 468 affectibus,
838 411 911 471 quos
926 393 976 453 titt
997 396 1065 456 vitia

62 482 174 543 dicunt.
211 478 309 539 Verba
332 496 447 557 quoque
468 481 655 557 exquisitiora
676 486 705 536 ει
726 478 897 555 compositio
913 496 1065 538 numerosa

61 566 116 626 tali
134 567 286 644 proposito
302 564 426 623 diversa.
456 562 521 622 Non
538 565 611 622 enim
628 561 692 621 sola
711 561 761 620 illa
777 561 914 638 laetiora,
940 562 1034 640 qualia
1050 574 1108 628 a34

6 646 11 661 ⁸
63 648 213 709 cicerone
229 649 369 721 dicuntur,
382 646 471 707 Susa
486 656 577 725 utque
592 647 771 709 solitudines
783 646 852 706 coci
862 649 1066 722 respondent,-

63 734 222 794 sedetiam
241 731 307 806 iila,
331 749 492 809 quanquam
513 732 599 810 plena
620 730 783 806 sanguinis,
814 726 873 790 Vos
895 731 974 789 enim
992 732 1064 806 inm,

62 815 183 879 Albani
191 817 296 878 tumuli
306 823 398 893 alque
409 817 482 890 luci,
493 834 557 891 coa,
569 817 704 893 inquam,
718 815 847 889 imploro
860 820 950 892 alque
961 820 1064 890 testor,

62 919 191 980 cosque,
205 898 392 962 Albanorum
405 900 533 963 abtadus
547 919 635 973 urae,
651 916 811 959 sacrorum
822 899 926 973 populi
936 896 1067 958 Romani

66 988 174 1047 samue
189 991 217 1047 ει
239 985 401 1063 aequales,
423 1000 481 1042 non
500 985 671 1043 conveniant
691 980 798 1041 barbae
819 980 861 1040 illi
878 989 963 1059 atque
979 982 1065 1040 tristi-

64 1071 136 1129 tiae.
170 1067 209 1128 At
225 1069 270 1127 vir
286 1068 379 1128 civilis
396 1085 525 1146 vereque
548 1068 681 1145 sapiens,
705 1066 753 1142 qui
769 1083 801 1125 se
817 1082 873 1123 nou
889 1066 990 1124 otiosis
1009 1065 1115 1127 dis-35·

66 1152 264 1232 putationibus
285 1151 338 1210 sed
359 1150 647 1210 administrationibus
661 1151 706 1209 rei
724 1148 859 1228 publicae
875 1148 1031 1223 dediderit,
1049 1167 1065 1208 a

66 1255 125 1316 qua
149 1237 317 1313 longissime
343 1237 406 1310 isti,
429 1237 477 1312 qui
500 1235 666 1315 philosophi
690 1242 844 1308 vocantur,
869 1242 1064 1309 recesserunt,

67 1322 173 1396 omnia,
194 1338 267 1398 quae
282 1320 318 1379 ad
331 1319 512 1379 efficiendum
526 1321 656 1380 oratione
669 1319 746 1397 quod
758 1317 943 1396 proposuerit
956 1316 1065 1392 valent,

5 1410 7 1423 '
66 1404 193 1465 libenter
209 1402 368 1464 adhibebit:
397 1421 461 1462 cum
476 1404 570 1481 prius,
587 1404 655 1481 quid
670 1403 820 1463 honestum
837 1403 888 1476 sit,
902 1401 1022 1461 efficere
1037 1402 1065 1459 in

67 1490 163 1549 animo
185 1505 238 1548 suo
261 1489 450 1547 constituerit.
492 1485 544 1546 Est
573 1488 649 1566 quod
678 1488 825 1565 principes
851 1485 969 1561 deceat,
1002 1484 1107 1548 aiiis36

67 1589 126 1631 non
143 1573 335 1632 concesseris.
370 1570 575 1649 Imperatorum
594 1590 629 1631 ac
647 1571 857 1650 triumphalium
873 1579 1006 1648 separata
1021 1578 1066 1629 cst

68 1655 165 1734 aliqua
187 1674 225 1715 ex
245 1665 327 1735 parte
347 1656 421 1714 ratio
443 1654 644 1733 eloquentiae,
676 1656 751 1714 sicut
777 1654 929 1732 Pompeius
953 1654 1066 1714 abunde

68 1741 193 1801 disertus
214 1757 310 1800 rerum
331 1757 444 1798 suarum
463 1747 609 1815 narrator,
633 1746 662 1797 ct
680 1738 743 1813 hic,
769 1738 817 1816 qui
837 1737 916 1797 hello
936 1738 1065 1797 cirilivse

68 1824 230 1900 interiecit,
251 1822 323 1882 Cato
340 1822 480 1901 eloquens
496 1832 613 1883 senator
626 1823 687 1881 init.
716 1822 795 1882 ldem
810 1821 915 1880 dictum
931 1839 1020 1900 saepe
1037 1823 1105 1887 inst

70 1909 128 1969 alio
144 1908 280 1983 liberum,
305 1909 332 1967 in
348 1907 404 1969 alio
420 1907 574 1982 furiosum,
597 1907 626 1966 in
641 1906 697 1966 alio
714 1903 868 1985 superbum
884 1913 937 1965 εει.
967 1903 1065 1964 Verba

70 1993 209 2052 adversus
225 1993 468 2069 Agamemnonem
489 2009 505 2051 a
523 1991 656 2051 Thersite
679 1989 775 2051 habita
794 1989 935 2056 rideutnr;
958 1989 994 2048 da
1016 1988 1064 2047 illa

69 2076 202 2136 Diomedi
217 2076 303 2137 aliive
319 2077 364 2134 cui
380 2077 457 2154 pari:
473 2093 604 2152 magnum
622 2077 743 2135 animum
758 2073 836 2133 ierre
852 2089 922 2152 prae
938 2091 970 2131 se
985 2072 1065 2131 vide·

71 2159 183 2219 buntur.
211 2158 277 2238 Ego
292 2170 321 2220 le
338 2161 488 2221 consulem
502 2168 615 2239 palem
633 2161 721 2238 inquit
735 2157 766 2217 L.
784 2157 906 2218 Crassus
921 2156 1064 2234 Philippo,
1146 2173 1151 2190 ι

73 2253 183 2305 cunctat
197 2264 244 2306 me
254 2264 314 2306 non
323 2253 412 2322 pates
423 2247 615 2305 senatorem?
636 2244 703 2302 Vox
715 2243 937 2302 honestissimae
950 2240 1065 2300 liberta·
1187 2307 1189 2314 y
1209 2289 1213 2304 ,

72 2330 123 2395 ιίε;
139 2346 196 2387 non
213 2338 307 2388 tamen
323 2329 417 2387 lerres
430 2346 628 2407 quemcunque
641 2329 793 2388 dicentem.
817 2325 912 2403 Negat
928 2343 961 2383 se
972 2324 1106 2400 magmas
1148 2321 1152 2330 ’

71 2413 170 2472 iacere
188 2413 290 2492 aliquis
306 2422 470 2492 poetarum,
488 2421 589 2474 utrum
604 2410 724 2474 Caesar
738 2420 807 2472 utet·
821 2429 862 2471 an
878 2411 967 2471 albus
981 2408 1066 2469 bomo
1153 2413 1172 2448 ··'

70 2499 119 2574 sil,
135 2499 258 2565 insania;
282 2506 375 2573 verte,
392 2505 423 2555 ut
437 2497 512 2555 idem
531 2494 640 2556 Caesar
657 2496 693 2555 de
708 2496 757 2555 illo
774 2495 888 2569 dixerit,
903 2493 1066 2570 arrogantia

73 2591 125 2641 εει.
154 2580 245 2640 hiaior
260 2583 288 2640 in
303 2582 435 2660 personis
453 2580 619 2642 observatio
634 2589 679 2639 cst
694 2579 768 2658 apud
780 2579 908 2655 tragicos
924 2578 1065 2637 comicos·

74 2683 139 2743 que,
156 2665 252 2724 multis
265 2667 339 2724 enim
353 2672 468 2723 utuntur
483 2673 512 2723 et
526 2667 623 2724 variis.
648 2663 758 2723 Eadem
774 2673 924 2737 eteorum,
942 2660 990 2738 qui
1002 2674 1065 2717 ora-

74 2750 166 2808 tiones
187 2748 251 2808 aliis
273 2746 453 2823 scribebant,
475 2749 527 2808 init
547 2750 621 2808 ratio
637 2757 666 2807 et
681 2747 900 2808 declamantium
915 2752 969 2803 est.
1001 2739 1067 2798 Non

75 2834 147 2891 enim
159 2851 276 2911 semper
286 2841 316 2891 ut
328 2832 460 2891 advocati
471 2833 522 2891 sed
536 2832 706 2911 plerumque
716 2841 746 2891 ut
757 2831 919 2907 litigatores
934 2827 1063 2886 dicimus.

155 2915 263 2976 Verum
281 2918 364 2976 etiam
379 2917 408 2974 in
429 2916 472 2974 his
491 2919 601 2992 causis,
626 2912 728 2993 qhibus
749 2915 938 2985 advocamur,
967 2908 1109 2968 eadem39

73 3001 233 3062 differentia
255 3000 408 3077 diligenter
430 3009 475 3058 εει
496 3000 694 3060 custodienda.
725 2998 835 3058 Utimur
856 2996 928 3054 enim
949 2992 1064 3051 fictione

73 3102 258 3166 personarum
273 3093 303 3142 ct
316 3084 397 3143 velut
412 3101 464 3142 ore
484 3084 578 3144 alieno
597 3085 754 3161 loquimur,
778 3081 920 3158 dandique
937 3084 1002 3135 sunt
1018 3076 1064 3148 iis,

74 3169 175 3250 quihus
199 3184 302 3226 vocem
325 3168 588 3245 accommodamus,
615 3168 659 3228 sui
684 3183 790 3228 mores.
818 3164 912 3223 Aliter
936 3160 1010 3220 enim
1033 3157 1064 3216 Ρ.

74 3253 191 3316 Clodius
216 3251 298 3309 aliter
319 3250 430 3330 Appius
453 3249 582 3329 Caecus,
603 3253 688 3313 aliter
706 3248 887 3310 Caecilianus
908 3246 959 3305 ille
981 3243 1066 3302 aliter

74 3337 260 3399 Terentianus
275 3343 358 3412 pater
374 3336 498 3413 lingitur.
525 3333 598 3408 Quid
614 3335 745 3412 asperius
761 3334 865 3393 lictore
878 3330 995 3391 Verris:
1030 3322 1067 3385 Ul

74 3425 180 3495 adeas,
196 3426 312 3480 lantum
324 3420 435 3479 dahis?
460 3418 534 3500 Quid
545 3422 647 3481 iortius
661 3417 723 3492 illo,
741 3419 821 3478 cuius
836 3418 910 3476 inter
926 3417 988 3492 ipsa
1003 3407 1109 3468 ver·40

75 3507 173 3566 berum
188 3502 330 3581 supplicia
353 3521 407 3563 una
422 3521 480 3562 vox
497 3506 681 3566 audiebatur:
705 3500 788 3565 Civis
806 3501 960 3564 Romanus
978 3492 1066 3558 sunt?

77 3641 82 3647 .
114 3611 143 3648 a.
163 3611 187 3648 r.
206 3585 363 3657 Qurnrnssn.
851 3583 888 3646 13
946 3605 959 3630 ι
