2434 3925
324 223 781 291 ursu.oenuoe.n1n.v111,1.
1012 214 1054 274 47

53 398 118 442 non
140 385 291 459 pararunt,
312 377 366 437 sub
388 378 463 438 diem
486 385 640 456 quaerunt:
664 378 703 437 ita
719 378 745 437 in
764 381 910 454 oratione,
929 382 977 457 qui
997 398 1054 441 non

52 467 133 525 satis
152 463 326 522 laborarunt.
362 462 394 521 Si
416 471 588 540 praeparata
609 464 654 520 vis
673 461 786 521 dicendi
807 462 907 521 luerit:
928 472 1011 523 erunt
1026 466 1097 530 ineo

55 548 178 621 cilicio,
194 548 237 605 sle
248 554 283 604 ut
297 562 354 604 non
368 546 505 623 requisita
526 544 705 623 respondere
720 544 773 603 sed
788 553 818 603 ιιι
833 563 948 623 semper
963 550 1053 607 sensi·

54 632 115 691 bus
143 629 294 689 inhaerere
313 628 463 688 videantur
483 638 569 707 atque
592 646 644 687 eos
664 636 695 687 ιιι
716 627 814 687 umbra
838 646 943 705 corpus
960 632 1053 708 sequi.

57 713 171 774 Tamen
185 715 214 771 in
228 712 282 771 hac
296 714 359 790 ipsa
375 730 443 772 cura
459 721 505 771 est
520 712 626 789 aliquid
641 713 720 771 satis.
751 710 822 770 Nain
836 711 950 786 Latina,
967 715 1053 789 signi·
1061 725 1096 780 31

57 798 191 870 licanlia,
208 804 323 870 oruata,
339 814 402 854 cum
419 805 485 873 apte
499 805 564 854 suut
579 795 739 869 collocata,
756 795 822 873 quid
838 795 958 873 amplius
974 796 1054 856 labo·

58 875 181 941 remus?
211 878 386 951 Quibusdam
406 888 500 939 tamen
515 878 608 938 nullus
624 887 669 937 est
689 879 751 937 linis
774 879 959 939 calumniandi
975 898 1008 938 se
1026 890 1056 940 et

59 982 128 1025 cum
147 962 267 1039 siugulis
288 980 381 1041 paene
409 963 528 1038 syllabis
557 963 776 1037 commoriendi,
799 964 968 1041 quiedam,
991 981 1056 1023 curn

60 1048 170 1126 optima
186 1055 251 1106 sunt
266 1055 399 1124 reperta,
422 1055 562 1125 quaerunt
578 1045 700 1124 aliquid,
721 1046 798 1124 quod
813 1048 850 1105 sil
871 1048 962 1122 magis
984 1049 1054 1106 anti·

59 1148 166 1210 quum,
190 1139 345 1204 remotum,
362 1131 549 1208 inopinatum
570 1148 625 1189 nec
639 1129 817 1206 intelligunt,
838 1132 935 1204 iacere
951 1148 1054 1189 sensus

59 1216 90 1273 in
108 1215 254 1287 oratione,
270 1215 299 1272 in
314 1231 369 1291 qua
383 1213 473 1273 verba
490 1212 648 1273 laudantur.
677 1214 720 1273 Sil
734 1215 821 1290 igitur
832 1232 900 1274 cura
915 1214 1096 1273 elocutio-32

60 1299 106 1357 nis
124 1314 208 1375 quam
219 1298 357 1372 maxima,
374 1296 439 1356 dum
453 1298 577 1356 sciamus
591 1307 701 1372 tamen,
718 1295 786 1356 nihil
800 1297 954 1356 verborum
969 1315 1055 1357 causa

61 1398 132 1441 esse
153 1380 327 1455 iaciendum,
351 1398 414 1440 cum
433 1379 522 1440 verba
543 1381 605 1458 ipsa
627 1399 722 1440 rerum
737 1382 829 1457 gratia
849 1383 904 1440 sint
924 1391 1054 1459 reperim

63 1481 184 1542 quorum
201 1482 234 1523 ea
258 1473 322 1523 sunt
342 1466 463 1523 maxime
485 1463 663 1541 probabilia,
686 1482 760 1542 quae
777 1482 891 1524 sensum
906 1466 990 1524 animi
1004 1482 1055 1523 no·

63 1548 117 1607 stri
131 1548 237 1624 optime
251 1557 383 1624 promunt
400 1556 486 1625 atque
501 1548 529 1605 in
545 1549 644 1606 animis
664 1547 802 1622 iudicum,
821 1548 898 1627 quod
912 1549 1055 1622 volumus,
1168 1543 1170 1550 ’

65 1631 202 1691 efficiunt.
239 1630 282 1689 Ea
297 1629 403 1690 debent
417 1639 566 1708 praestare
582 1632 644 1688 sine
660 1629 745 1690 dubio
765 1641 794 1690 et
810 1632 1004 1692 admirabilem
1028 1640 1099 1695 et33

64 1714 213 1774 iucundam
229 1717 400 1780 orationem:
421 1732 521 1772 verum
541 1713 735 1773 admirabilem
757 1731 814 1773 non
829 1717 887 1786 sic,
911 1714 1055 1793 quomodo

64 1797 195 1877 prodigia
216 1800 365 1872 miramur,
390 1806 420 1856 et
443 1797 591 1856 iucundam
618 1814 675 1856 uon
694 1796 813 1856 deformi
833 1798 981 1876 voluptate
1003 1798 1056 1858 sed

66 1900 129 1941 cum
145 1881 229 1940 laude
246 1900 281 1941 ac
297 1882 434 1958 dignitate
451 1881 611 1940 coniuncta.

148 1965 170 2025 1.
198 1965 305 2043 Igitur,
328 1984 411 2044 quam
431 1965 534 2026 Graeci
555 1956 666 2044 φράσιν
679 1974 802 2040 vocant,
824 1963 922 2024 Latine
937 1964 1056 2024 dicimus

66 2050 325 2109 elocutionem.
361 2048 405 2109 Ea
427 2057 574 2127 spectatur
593 2047 691 2107 verbis
715 2057 762 2107 aut
784 2047 903 2124 singulis
925 2057 971 2107 aut
988 2064 1056 2107 con·

66 2133 178 2193 iunctis.
207 2131 239 2191 ln
253 2133 372 2209 siugulis
387 2132 550 2191 intuendum
562 2141 624 2206 est,
646 2141 677 2191 ιιι
691 2133 747 2191 siut
761 2130 873 2206 Latina,
890 2133 1068 2210 perspicua..
1178 2193 1187 2217 0

66 2224 183 2290 ornata,
206 2216 241 2275 ad
260 2217 288 2276 id
309 2216 386 2295 quod
407 2216 527 2276 efficere
544 2215 675 2274 volumus
697 2215 924 2283 accommodam
944 2217 972 2274 in
988 2232 1056 2275 con-

66 2300 189 2373 iunctis,
199 2307 229 2358 ut
240 2299 404 2376 emendata,
420 2307 450 2358 ut
465 2299 624 2373 collocata,
640 2308 671 2357 ιιι
681 2299 810 2375 figurata.
845 2298 904 2358 Sed
917 2318 951 2358 ea
961 2342 970 2375 ,
982 2303 1085 2377 quaed

67 2383 103 2442 de
123 2384 232 2441 ratione
247 2383 344 2442 haliae
361 2393 447 2462 atque
468 2382 618 2442 emendate
641 2382 776 2460 loquendi
795 2383 908 2442 luerunt
925 2382 1057 2459 dicenda,

67 2469 96 2525 in
122 2466 195 2525 libro
221 2469 329 2543 primo,
356 2485 419 2529 cum
445 2467 482 2526 de
507 2467 690 2543 grammatice
717 2466 916 2545 loqueremur,
943 2468 1058 2526 executi

71 2565 174 2608 sumus.
210 2549 316 2609 Verum
331 2550 390 2610 illic
404 2559 525 2625 motum,
542 2568 578 2609 ne
592 2551 697 2610 vitiosa
712 2559 824 2625 essent,
841 2552 1056 2628 praecepimus:

69 2632 191 2692 hicnon
213 2632 335 2692 alienum
356 2641 400 2693 est
421 2634 590 2708 admonere,
612 2643 643 2693 ιιι
660 2635 715 2692 sint
737 2652 819 2712 quam
840 2635 952 2693 minime
973 2651 1057 2711 pere·

68 2715 148 2793 guina
169 2725 197 2775 et
218 2726 346 2776 externa.
377 2715 483 2776 Multos
511 2718 599 2791 euim,
626 2717 728 2794 quibus
749 2716 885 2795 loquendi
906 2718 978 2775 ratio
1001 2732 1058 2774 non

71 2800 158 2874 desit,
180 2801 324 2876 invenias,
346 2817 420 2878 quos
437 2803 552 2860 curiose
573 2801 669 2878 polius
684 2801 764 2878 loqui
785 2801 891 2861 dixeris
906 2816 990 2876 quam
1006 2797 1059 2858 La·

70 2884 139 2950 tine:
161 2883 304 2960 quomodo
327 2893 356 2943 et
376 2884 426 2944 illa
447 2884 543 2944 Amica
561 2901 631 2943 anus
651 2883 893 2961 Theophrastum,
917 2881 1060 2941 hominem
1119 2945 1122 2952 ,

70 2965 175 3045 alioqui
186 2967 411 3042 disertissimum,
425 2976 558 3027 annotata
570 2969 652 3025 unius
663 2967 845 3027 affectatione
857 2964 949 3040 verbi,
962 2965 1059 3042 hospi·

73 3058 128 3108 tem
144 3049 229 3126 dixit,
255 3069 311 3110 nec
328 3051 384 3111 alio
406 3068 439 3109 se
460 3051 488 3111 id
504 3050 730 3128 deprehendisse
746 3052 921 3123 interrogata
939 3066 1058 3126 respon·

71 3133 124 3207 dit,
148 3150 229 3211 qnam
245 3134 321 3212 quod
337 3136 449 3193 nimium
463 3134 560 3194 Attice
578 3134 757 3213 loqueretur.
787 3132 824 3191 Ει
841 3133 869 3189 in
885 3131 948 3190 'l'ito
967 3131 1088 3206 bivio,3

72 3216 156 3275 mirae
180 3217 328 3278 facundiae
349 3221 430 3296 viro,
457 3227 538 3297 palat
558 3219 656 3277 inesse
676 3216 769 3276 Pollio
785 3215 900 3274 Asinius
921 3216 1060 3293 quandam

72 3298 292 3361 Patavinitatem.
330 3301 444 3375 Quare,
468 3304 492 3361 si
508 3302 570 3361 lieri
585 3309 685 3379 polest
699 3308 728 3359 et
743 3299 832 3359 verba
850 3299 942 3358 omnia
958 3307 987 3357 et
1002 3314 1060 3357 vox

72 3381 151 3441 baias
165 3384 306 3443 alumnum
322 3385 401 3444 urbis
423 3385 537 3459 oleant,
558 3395 589 3444 ιιι
605 3383 697 3444 oratio
713 3382 839 3443 Romana
857 3382 941 3459 plane
963 3381 1059 3449 ridea-

73 3474 129 3542 ιιι,
146 3483 204 3526 non
219 3467 334 3526 civitate
349 3468 462 3529 donata.
