2434 3925
346 223 679 272 muneraremur.
696 223 802 292 vrr,a.
1040 221 1077 280 17

76 390 137 452 tas,
152 377 312 452 humilitas,
335 394 425 455 opes,
445 387 477 436 ut
492 379 595 455 cuique
611 381 727 456 ingenio
742 382 787 439 vis
804 390 867 457 est,
890 385 919 441 in
935 384 1078 446 diversum

73 464 233 522 trahuntur.
278 461 362 521 Probi
386 479 457 521 vero
485 478 581 521 mores
609 472 640 522 et
660 473 810 523 anteactae
830 467 906 525 vitae
928 471 1120 547 integrita333

74 563 217 625 nunquam
238 561 294 603 non
315 546 466 623 plurimum
489 547 657 623 proluerint.
696 549 726 607 Si
750 548 819 608 nihil
836 549 1003 611 obiicietur:
1027 573 1077 632 pa-

73 641 174 690 tronus
193 629 306 707 quidem
321 631 348 687 in
364 630 420 688 hoc
435 630 623 689 vehementer
637 631 797 700 incumbet;
814 645 1078 696 accusator-autem

74 716 111 774 ad
127 722 309 792 praesentem
325 716 538 791 quaestionem,
555 715 591 773 de
608 733 663 792 qua
678 716 742 774 sola
757 717 889 775 iudicium
905 721 960 794 sit,
978 724 1077 797 cogni-

73 801 181 858 tionem
208 797 338 873 alligabit
368 798 485 872 dicenS,
514 800 732 858 neminemnon
760 801 913 878 aliquando
942 809 1078 882 coepisse

72 899 217 961 peccare,
239 899 294 940 nec
314 899 367 959 pro
389 883 520 940 encomio
539 884 699 941 docendum
717 885 814 943 scelus
831 886 961 962 primum.
997 889 1120 953 Hae034

72 968 102 1025 in
118 965 331 1043 respondendo.
368 966 424 1025 Sic,
438 976 533 1025 autem
555 968 741 1044 praeparabit
761 970 874 1027 actione
894 972 985 1048 prima
1006 973 1077 1031 iudi·

72 1069 138 1110 cum
158 1050 283 1123 animos,
305 1058 336 1108 ει
358 1050 487 1109 εοΙεῑεεε
503 1054 599 1128 potius
616 1051 745 1110 obiicere
761 1069 844 1130 quam
865 1059 922 1112 no'n
946 1057 1078 1132 potuisse

72 1135 218 1194 credatur.
255 1132 358 1211 quue
382 1135 471 1193 satius
493 1144 553 1210 est,
579 1152 663 1193 omne
678 1153 711 1194 se
727 1145 878 1195 anteactae
893 1140 970 1197 vitae
990 1138 1077 1197 absti-

71 1237 143 1277 nere
165 1219 297 1276 convicio
320 1235 402 1296 quam
420 1218 532 1277 leuibus
548 1228 596 1279 aut
617 1220 729 1278 frivolis
751 1229 799 1278 aut
819 1222 971 1281 manifesto
995 1223 1078 1281 falsis

70 1320 153 1361 reum
168 1303 332 1377 incessere,
349 1304 414 1379 quia
430 1302 501 1361 hdes
518 1305 626 1362 ceteris
642 1301 815 1379 detrahitur,
829 1303 862 1364 'et
876 1307 924 1384 qui
942 1307 1011 1365 nihil
1026 1307 1077 1365 ob-

70 1388 147 1460 iicit,
172 1387 304 1444 omisisse
327 1386 407 1445 credi
429 1396 528 1464 potest
547 1387 701 1447 maledicta
724 1399 856 1466 tanquam
880 1408 1077 1468 supervacua;

70 1471 120 1549 qui
133 1488 205 1530 vana
216 1472 364 1547 congerit,
381 1471 535 1530 confltetur
549 1489 652 1531 vanum
668 1473 695 1530 in
708 1474 849 1532 anteactis
867 1484 1077 1551 argumentum,

68 1554 220 1631 inquibus
241 1556 316 1613 vinci
335 1571 419 1632 quarn
436 1564 535 1614 tacere
556 1556 698 1615 maluerit.
734 1554 858 1632 Cetera,
882 1576 957 1637 quae
977 1577 992 1617 a
1009 1577 1074 1637 per·
1085 1570 1119 1625 35

68 1639 151 1697 sonis
168 1638 232 1697 duci
248 1639 358 1714 solent,
374 1639 402 1697 in
418 1648 649 1716 argumentorum
665 1640 738 1700 locis
754 1643 952 1717 exposuimus.

155 1722 286 1782 Proxima
303 1731 348 1780 est
364 1741 401 1781 ex
420 1726 545 1782 causis
563 1722 714 1801 probatio,
732 1725 759 1782 in
777 1724 881 1801 quibus
896 1723 971 1785 haec
987 1725 1076 1784 maxi·

68 1824 116 1865 me
140 1815 323 1883 spectantur,
349 1808 408 1880 ira,
438 1808 547 1881 odium,
573 1815 682 1882 metus,
711 1808 868 1884 cupiditas,
897 1827 982 1886 spes;
1011 1826 1075 1867 nom

66 1890 182 1970 reliqua
204 1892 232 1948 in
252 1890 352 1949 horum
375 1892 491 1970 speeies
513 1891 625 1950 cadunt.
663 1890 790 1965 Quorum
811 1893 836 1949 si
858 1892 925 1970 quid
945 1893 973 1950 in
994 1909 1074 1949 reum

68 1977 239 2035 conveniet:
262 1977 440 2035 accusatoris
465 1985 509 2034 est
531 1976 667 2052 efficere,
696 1976 731 2035 ad
754 1972 890 2053 quidquid
912 1976 1073 2057 faciendum

68 2076 176 2118 causae
187 2059 288 2118 valere
302 2060 471 2133 videantur,
488 2078 611 2138 easque,
625 2078 695 2138 quas
711 2062 739 2118 in
755 2069 953 2136 argumentum
968 2069 1072 2134 sumet,

67 2160 195 2219 augere;
219 2145 244 2201 si
270 2145 374 2202 minus:
398 2144 468 2202 illue
491 2144 666 2203 conferenda
688 2153 733 2202 est
755 2147 866 2219 oratio,
890 2154 938 2203 aut
962 2143 1073 2221 aliquas
1082 2155 1117 2211 36

65 2227 196 2286 fortasse
212 2227 334 2286 latentes
353 2227 458 2301 luisse,
475 2237 523 2286 aut
538 2228 607 2287 nihil
621 2229 655 2288 ad
671 2246 732 2286 rem
748 2230 912 2305 pertinere,
929 2247 981 2287 cur
993 2228 1073 2288 fece·

64 2312 122 2383 rit,
147 2311 171 2368 si
191 2311 275 2386 lecit,
298 2320 346 2370 aut
369 2313 454 2370 etiarn
472 2311 583 2388 dignius
604 2330 671 2371 esse
695 2312 762 2371 odio
781 2313 899 2387 scelus,
924 2312 1001 2392 quod
1017 2329 1075 2370 non

64 2393 200 2454 hahuerit
222 2409 347 2454 causam.
383 2395 523 2454 Patronus
544 2414 634 2471 vero,
656 2398 790 2474 quotiens
806 2398 930 2474 poterit,
957 2396 1075 2455 instabit

63 2478 135 2538 huic
151 2477 234 2553 loco,
250 2487 281 2536 ut
295 2477 365 2538 nihil
377 2480 517 2539 credibile
534 2482 571 2539 sit
586 2480 692 2539 lactum
708 2498 774 2539 esse
787 2483 849 2539 sine
862 2498 960 2540 causa.
988 2478 1072 2552 Quod

65 2559 174 2620 Cicero
194 2561 447 2622 uehementissime
467 2563 562 2622 multis
578 2564 756 2623 orationibus
771 2573 891 2639 tractat,
914 2565 1073 2642 praecipue

63 2655 163 2705 tamen
186 2663 240 2725 pro
255 2646 388 2723 Vareno,
411 2649 458 2726 qui
487 2647 617 2706 omnibus
639 2648 703 2707 aliis
727 2648 927 2726 premebatur;
957 2664 1019 2706 nam
1045 2655 1074 2704 et

64 2729 215 2789 damnatus
231 2739 286 2789 est.
326 2730 381 2805 At,
399 2733 423 2789 si
438 2733 626 2809 proponitur,
647 2750 699 2790 cur
713 2732 822 2791 lactum
838 2733 889 2789 sit:
907 2739 954 2789 aut
970 2729 1072 2788 falsam
1082 2732 1117 2786 37

64 2830 182 2872 causam
198 2823 245 2873 aut
258 2814 352 2873 levem
363 2810 410 2874 aut
427 2818 553 2892 ignotam
568 2832 620 2873 reo
637 2816 723 2874 dicet.
757 2816 883 2875 Possunt
896 2821 989 2872 autem
1006 2829 1074 2870 esse

63 2897 181 2974 aliquae
198 2899 310 2956 interim
331 2900 464 2975 ignotae,
481 2898 526 2956 Αε
542 2900 679 2958 heredem
693 2899 846 2971 habuerit,
871 2914 906 2957 an
922 2904 1073 2954 accusatu·

61 2999 115 3040 rus
131 2981 218 3040 luerit
233 3000 313 3056 eum,
330 3000 346 3041 a
363 3000 419 3060 quo
432 2983 535 3041 dieitur
552 2979 691 3041 occisus?
714 2984 744 3042 Si
758 2983 814 3044 alia
830 2980 1003 3053 defecerint,
1017 2996 1074 3037 non

61 3065 165 3141 utique
189 3067 361 3143 spectandas
388 3084 455 3125 esse
483 3083 599 3132 causas:
627 3084 691 3125 nam
714 3084 798 3144 quem
822 3081 916 3142 posse
937 3064 1072 3142 reperlri,

63 3150 187 3226 quinon
207 3159 328 3224 metuat,
348 3151 458 3223 oderit,
481 3147 613 3229 speret‘l,
626 3151 765 3228 plurimos
784 3157 879 3207 tamen
897 3148 971 3207 haec
993 3147 1073 3206 salva

61 3234 229 3292 innocentia
249 3234 357 3293 lacere.
396 3233 499 3312 Neque
521 3234 590 3293 illud
616 3242 661 3303 est
677 3233 879 3307 omittendum,
899 3249 957 3290 non
974 3238 1116 3292 omnes38

64 3334 169 3376 causas
187 3318 214 3375 in
231 3317 359 3377 omuibus
375 3321 508 3396 personis
523 3318 634 3376 valere.
668 3316 739 3375 Nam
754 3325 785 3374 ut
802 3315 890 3375 alicui
907 3316 945 3374 sit
959 3314 1072 3374 iurandi

63 3418 154 3460 causa
180 3410 352 3479 paupertas,
377 3419 434 3461 non
457 3405 510 3461 erit
534 3402 608 3460 idem
634 3402 662 3459 in
685 3398 771 3458 Curio
794 3399 989 3475 Fabricioque
1012 3414 1071 3454 mo·

62 3493 199 3544 mentum.

122 3589 151 3626 rr.
162 3589 185 3626 r.
201 3588 312 3634 oururm.
324 3572 357 3632 Π.
893 3565 912 3624 2
