2434 3925
373 138 467 190 ‘mem
486 140 635 190 onauon.
651 141 720 188 orn.
736 143 769 208 x,
785 141 811 192 1.
1028 131 1085 190 151

75 315 140 377 quc
161 315 238 358 nova
255 296 306 357 illa
329 293 411 355 velun
432 297 580 356 nascentia
604 314 669 356 cnm
697 295 799 355 favore
820 313 854 356 ac
879 296 1083 356 sollicitudine.

73 382 146 443 Nec
162 383 276 442 fortuna
299 378 385 439 modo
404 380 500 440 iudicii
524 379 577 439 sed
598 382 683 439 etiam
702 380 831 458 ipsorum
847 382 894 458 qui
912 389 994 441 orant
1008 384 1085 460 peri·

77 464 151 526 culo
168 465 318 525 allicimur.
355 462 477 522 Praeter
494 463 568 523 haec
588 481 663 538 vox,
682 464 757 522 actio
779 464 903 540 decora,
926 465 1085 540 commoda,
1094 469 1127 525 rt

74 558 114 609 ut
132 551 254 628 quisque
270 547 353 605 locus
376 546 549 624 postulabit,
565 546 767 625 pronuntiandi
782 546 830 608 vel
844 549 1043 625 potentissima
1056 550 1086 607 in

77 633 207 693 dicendo
220 633 293 691 ratio
310 638 355 706 et,
378 639 408 690 ut
423 631 514 690 semel
530 631 640 707 dicam,
664 631 774 709 pariter
796 632 888 690 omnia
909 627 1023 691 docent.
1053 631 1086 692 ln

77 716 213 777 lectione
229 717 335 775 certius
352 714 502 791 iudicium,
524 715 602 792 quod
624 715 747 775 audienti
763 713 932 793 frequenter
952 724 1000 775 aut
1017 733 1085 774 suos

78 802 189 879 cuique
210 799 293 859 lavor
313 807 361 858 aut
380 798 431 858 ille
451 798 625 859 laudantium
648 797 759 857 clamor
783 807 947 877 extorquet.
995 798 1086 859 Pudet
1095 807 1129 861 18

79 885 161 944 enim
174 884 338 957 dissentire,
356 891 385 942 et
401 882 481 943 velut
497 884 583 943 tacita
599 881 721 960 quadam
735 883 910 942 verecundia
927 881 1087 941 inhibemur

78 966 152 1047 plus
166 967 249 1027 uobis
266 965 405 1041 credere,
426 983 490 1025 cum
505 966 618 1026 interim
637 973 666 1025 et
680 967 785 1027 vitiosa
807 964 937 1045 pluribus
955 966 1084 1045 placent,

80 1060 113 1112 et
138 1069 154 1110 a
176 1051 337 1127 corrogatis
361 1049 512 1109 laudantur
539 1051 625 1110 etiam
647 1067 721 1126 quae
742 1068 799 1110 non
819 1050 945 1128 placent.
987 1050 1046 1110 Sed
1067 1057 1128 1111 e19

80 1137 231 1210 contrario
248 1151 363 1212 quoqne
380 1133 500 1209 accidit,
519 1143 551 1194 ut
573 1133 680 1211 optime
702 1133 785 1193 dictis
802 1134 923 1211 gratiam
939 1151 1029 1212 prava
1044 1135 1086 1192 iu·

79 1219 159 1279 dicia
182 1234 239 1277 non
261 1217 398 1277 referant.
443 1216 544 1277 Lectio
566 1217 658 1276 lihera
681 1227 727 1277 est
751 1235 806 1278 nec
831 1218 953 1277 actionis
977 1219 1084 1294 impetu

78 1304 265 1370 transcurrit3
283 1302 335 1362 sed
352 1309 487 1379 repetere
501 1303 618 1380 saepius
635 1301 721 1376 licet,
740 1304 803 1362 sive
819 1301 931 1384 dubites
946 1302 1008 1361 sive
1026 1319 1085 1360 me·

79 1387 193 1446 moriae
209 1386 330 1462 ailigere
344 1386 429 1445 velis.
464 1384 640 1463 Repetamus
656 1393 751 1445 autem
767 1395 796 1446 et
811 1394 983 1461 tractemus,
1006 1394 1035 1444 et
1055 1391 1086 1443 ut

81 1469 167 1529 cibos
185 1487 301 1529 mansos
323 1487 358 1529 ac
380 1486 474 1548 prope
494 1469 669 1548 liquefactos
685 1468 872 1545 demittimus,
894 1487 950 1547 quo
972 1468 1092 1529 lacilins‘

80 1553 267 1630 digerantur:
290 1554 328 1614 ita
346 1553 435 1613 lectio
456 1560 514 1612 non
529 1554 617 1613 c'ruda
633 1552 685 1612 sed
700 1554 787 1614 multa
808 1554 960 1613 iteratione
975 1552 1085 1613 mollita

83 1646 114 1697 et
125 1637 205 1697 velut
221 1637 354 1697 coniecta
372 1637 528 1696 memoriae
545 1638 753 1715 imitationique
768 1637 904 1698 tradatur.
976 1673 979 1678 -

168 1719 213 1780 hc
228 1721 275 1781 diu
290 1738 348 1780 non
368 1722 423 1783 nisi
440 1721 563 1799 optimus
579 1717 702 1799 quisque
729 1730 757 1780 et
779 1723 827 1798 qni
849 1720 1014 1780 credentem
1033 1718 1129 1781 sibilo
1164 1774 1166 1781 Α

81 1805 196 1865 minime
214 1804 296 1864 lallat
315 1805 457 1881 legendus
473 1812 536 1881 est,
557 1803 609 1864 sed
625 1804 780 1881 diligenter
800 1822 836 1864 ac
852 1821 945 1881 paene
961 1804 998 1863 ad
1014 1804 1084 1862 scri·

81 1887 169 1949 hendi
184 1888 424 1957 sollicitudinem
446 1906 501 1948 nec
526 1905 580 1967 per
592 1897 691 1968 partes
706 1889 792 1948 modo
812 1887 963 1947 scrutanda
981 1887 1085 1961 omnia,

84 1973 138 2033 sed
154 1973 304 2051 perlectus
320 1973 395 2034 liber
407 1974 507 2052 utique
522 1991 560 2032 cx
575 1974 690 2050 integro
705 1972 911 2048 resumendus,
926 1973 1084 2051 praecipue

85 2058 195 2133 oratio,
212 2059 292 2116 coins
310 2058 431 2118 uirtutes
446 2057 616 2135 frequenter
634 2076 672 2117 ex
686 2057 824 2117 industria
849 2073 966 2134 qnoque
987 2054 1085 2114 occul·

78 2148 187 2200 tantur.
228 2140 324 2219 Saepe
339 2142 413 2221 enim
428 2149 599 2219 praeparat,
620 2140 795 2217 dissimulat,
810 2140 958 2200 insidiatur
974 2147 1083 2212 orator,
1093 2148 1126 2201 tl

86 2242 179 2303 caque
194 2224 223 2283 in
237 2225 328 2301 prima
344 2233 426 2303 parte
443 2225 563 2284 actionis
581 2225 666 2302 dicit,
683 2243 758 2303 quae
773 2224 880 2284 suntin
895 2241 1002 2283 summa
1017 2238 1084 2302 pro·

85 2308 188 2367 futura.
229 2305 330 2385 ltaque
353 2326 405 2368 suo
427 2308 494 2368 loco
517 2309 607 2368 minus
622 2308 757 2388 placent,
779 2308 871 2368 adhuc
891 2307 975 2367 nohis
996 2324 1085 2385 quare

86 2391 161 2451 dicta
180 2393 236 2451 sint
252 2391 465 2468 ignorantibus;
480 2391 607 2471 ideoque
624 2401 706 2452 erunt
717 2394 840 2470 cognitis
855 2391 985 2452 omnibns
1000 2408 1085 2469 repe·

6 2497 7 2556 p
86 2475 180 2535 tenda.
227 2472 302 2535 lllud
323 2493 395 2536 vero
417 2476 613 2553 utilissimum,
641 2494 729 2536 nosse
754 2494 804 2536 eas
825 2493 943 2550 causas,
968 2484 1128 2553 quarumni
1170 2517 1174 2525 ·

6 2619 7 2628 ,
32 2580 37 2588 ·
88 2560 232 2619 orationes
248 2560 277 2618 in
292 2578 390 2620 manus
402 2563 620 2639 sumpserimus,
637 2570 665 2620 et
681 2562 815 2639 quotiens
825 2562 982 2636 continget,
998 2559 1085 2618 utrin-

6 2687 7 2728 ,
89 2661 143 2720 que
158 2642 269 2703 habitas
285 2643 387 2720 legere
399 2645 547 2720 actiones:
570 2654 601 2704 ut
616 2645 817 2705 Demosthenis
832 2653 918 2722 atque
932 2641 1085 2706 Aeschinis

6 2735 7 2782 ζ
88 2727 160 2785 inter
175 2745 208 2785 sc
223 2730 395 2794 contrarias:
419 2737 449 2787 et
473 2726 568 2788 Servii
589 2729 710 2808 Sulpicii
733 2738 818 2806 atque
835 2726 994 2801 Messalae,
1015 2740 1085 2803 quo·

6 2811 7 2826 ,
89 2827 148 2869 rom
162 2808 237 2870 alter
247 2828 301 2889 pro
316 2811 440 2887 Aufidia,
457 2812 639 2873 contradixit
654 2813 741 2881 alter;
760 2822 789 2872 et
801 2811 939 2871 Pollionis
952 2817 982 2869 et
993 2806 1086 2868 Cassii

89 2910 140 2952 reo
154 2892 317 2971 Asprenate
337 2895 466 2974 aliasque
481 2896 629 2973 plurimas.
665 2896 739 2970 Quin
755 2897 839 2955 etiam
856 2894 983 2954 siminus
998 2899 1128 2971 parasiti

89 2975 272 3038 videbuntur:
290 2979 404 3057 aliquae
422 2988 516 3039 tamen
530 2979 566 3039 ad
582 2979 815 3057 cognoscendam
833 2977 923 3037 litium
940 2978 1085 3054 quaestio·

90 3078 152 3120 nem
166 3070 246 3121 recte
262 3064 454 3139 requirentur,
470 3072 501 3122 ut
517 3072 618 3123 contra
631 3061 780 3123 Ciceronis
795 3062 940 3120 orationes
956 3058 1085 3119 'luberc-

91 3146 133 3204 nis
150 3145 177 3202 in
190 3142 334 3221 Ligarium
349 3154 379 3205 et
392 3145 538 3206 Hortensii
553 3164 607 3225 pro
623 3146 727 3206 Verre.
762 3144 837 3218 Quin
853 3146 953 3220 etiam,
968 3144 1086 3204 easdem

92 3245 190 3288 causas
205 3236 236 3287 ut
254 3230 376 3306 quisque
390 3232 498 3307 egerit,
520 3230 591 3290 utile
604 3231 657 3290 erit
674 3230 761 3289 scire.
796 3226 869 3290 Nam
887 3228 1023 3288 dedomo
1039 3225 1085 3287 Ci-

94 3311 203 3374 ceronis
221 3311 291 3370 dixit
307 3308 449 3391 Calidius,
472 3324 501 3374 et
514 3331 568 3393 pro
583 3312 691 3373 Milone
708 3313 868 3373 orationem
883 3311 986 3372 Brutus
1002 3329 1085 3371 exer-

95 3395 232 3457 citationis
248 3396 341 3475 gratia
356 3397 484 3478 scripsit,
503 3398 615 3459 etiamsi
627 3399 724 3478 egisse
739 3414 804 3458 eum
817 3394 970 3459 cornelius
980 3393 1086 3458 Celsus
