2434 3925
343 224 593 273 memorandos.
608 225 743 292 marr,
758 223 784 277 1.
1002 212 1061 274 153

68 389 126 443 tem
151 378 225 440 hanc
246 395 314 439 esso
337 387 402 439 ante
425 381 588 456 ingressum
611 381 671 455 rei,
699 379 735 439 de
766 389 821 457 qua
842 379 992 439 dicendum
1012 382 1060 456 sit,

68 463 232 527 ostendunt.
270 462 341 523 Nam
361 464 423 522 sive
444 472 619 542 propterea,
641 462 717 542 quod
739 464 807 540 οἴμη
822 473 932 524 contus
946 473 1006 539 est,
1032 471 1090 532 eta

5 554 6 567 ¹
68 547 228 610 citharoedi
242 565 335 626 pauca
349 547 409 621 illa,
425 564 509 624 quae,
527 555 678 625 antequam
690 547 846 623 legitimum
861 557 1005 608 certamen
1019 550 1061 607 in·

68 633 192 707 clment,
216 632 362 690 emerendi
377 631 484 691 favoris
505 633 596 708 gratia
618 639 737 710 canunt,
759 632 937 710 prooemium
953 648 1062 709 cogno·

68 720 264 789 minaverunt,
289 724 422 774 oratores
441 732 557 793 quoque
580 733 632 790 ea,
653 732 744 792 quae,
766 715 931 791 priusquam
949 733 1063 776 causam

68 801 266 874 exordiantur,
283 799 318 858 ad
330 799 526 859 conciliandos
540 798 594 857 sibi
608 798 731 858 iudicum
746 799 855 856 animos
868 798 1060 876 praeloquun-

68 895 130 960 tur,
154 878 255 944 eadem
278 882 473 961 appellatione
493 885 655 960 signarunt;
682 884 761 963 sive,
784 881 860 960 quod
876 875 1089 957 oium-ndens

68 967 175 1029 Graeci
194 968 273 1028 mam
293 966 456 1044 appellant,
478 968 506 1027 id
527 966 604 1044 quod
627 975 692 1026 ante
707 967 869 1042 ingressum
884 966 927 1024 rei
949 969 1063 1043 ponitur

68 1054 112 1113 sic
131 1067 240 1111 vocare
262 1059 307 1109 est
322 1052 492 1110 institutum:
514 1060 594 1111 certe
609 1052 789 1129 prooemium
804 1058 864 1124 est,
888 1049 965 1125 quod
987 1051 1062 1128 apud

68 1135 194 1195 iudicem
209 1134 279 1207 dici,
300 1135 466 1212 priusquam
482 1152 595 1194 causam
615 1134 794 1210 cognoverit,
813 1133 923 1211 possit;
943 1135 1061 1193 vitiose·
1125 1199 1127 1202 Α

68 1237 127 1297 que
147 1221 176 1278 in
196 1217 305 1279 scholis
327 1218 461 1293 iacimus,
491 1219 568 1296 quod
594 1219 728 1278 exordio
744 1234 861 1295 semper
881 1218 932 1289 sic
948 1219 1061 1292 utimur,

70 1303 154 1381 quasi
175 1319 289 1362 causam
311 1301 398 1383 iudex
420 1304 475 1361 iam
497 1303 620 1362 noverit.
656 1299 743 1361 Cuius
759 1303 803 1361 rei
823 1301 937 1361 licentia
954 1319 990 1360 ex
1005 1301 1091 1369 hoca

70 1395 135 1462 est,
156 1386 233 1463 quod
248 1394 315 1445 ante
330 1385 566 1446 declamationem
588 1385 638 1446 illa
659 1386 739 1445 velut
760 1387 853 1463 imago
869 1385 927 1444 litis
942 1387 1062 1463 exponi·
1108 1450 1110 1452 ,

70 1477 126 1530 tur.
162 1470 221 1530 Sed
242 1471 270 1528 in
290 1470 355 1528 loro
372 1487 487 1548 quoque
511 1471 679 1546 contingere
702 1469 776 1528 istud
791 1470 995 1548 principiorum
1010 1486 1062 1545 ge·

70 1571 124 1612 nus
146 1553 279 1613 secundis
294 1552 454 1612 actionibus
469 1563 581 1631 potest;
599 1555 698 1632 primis
715 1553 830 1630 quidem
845 1571 911 1612 raro
927 1570 1060 1632 unquam,

69 1637 125 1696 nisi
142 1636 218 1696 forte
233 1637 308 1715 apud
321 1656 395 1712 eum,
417 1639 462 1696 cui
476 1656 524 1697 res
539 1639 593 1698 iam
611 1637 724 1697 aliunde
741 1646 808 1701 nota
824 1639 871 1711 sit,
888 1637 1017 1697 dicimus.
1053 1668 1055 1675 >

156 1718 272 1780 Causa
303 1722 437 1819 principii
461 1721 539 1781 nulla
561 1722 617 1781 alia
641 1730 703 1794 est,
733 1737 816 1798 quam
836 1730 867 1779 ut
890 1721 1089 1795 auditorem‚5

71 1820 130 1882 quo
148 1805 185 1863 sit
198 1803 310 1863 nobis*
302 1823 335 1863 ιιι
353 1807 459 1864 ceteris
477 1805 605 1883 partibus
625 1805 884 1877 accommodatior,
905 1822 1060 1882 praepare·

70 1904 145 1947 nnus.
184 1886 216 1946 ld
238 1888 299 1946 lieri
314 1887 403 1947 tribus
425 1891 546 1949 maxime
560 1888 665 1964 rebus,
684 1889 758 1946 inter
773 1897 907 1956 auctores
922 1888 1061 1966 plurimos

72 1980 196 2045 constat,
212 1963 484 2047 sibeniuolum‚
501 1981 699 2047 attentum,
719 1972 1060 2036 docilemiecerimus;

70 2073 129 2115 uon
145 2056 210 2133 quia
225 2058 279 2115 lsta'
294 2073 351 2114 non
350 2075 419 2154 ’per
439 2065 526 2116 totam
550 2058 692 2117 actionem
709 2056 764 2115 sint
785 2055 987 2129 custodienda,
1009 2053 1063 2114 sed

71 2141 139 2218 quia
154 2140 239 2198 initiis
258 2141 415 2218 praecipue
428 2142 604 2215 necessaria,
621 2157 675 2218 per
685 2157 759 2217 quae
775 2141 935 2199 inanimum
947 2138 1060 2213 iudicis,

70 2232 102 2284 ut
116 2222 280 2301 procedere
297 2223 370 2283 ultra
385 2226 544 2301 possimus,
563 2224 741 2284 admittimur.

156 2306 450 2368 Benivolentiam
472 2317 519 2368 aut
540 2326 556 2368 a
578 2309 711 2386 personis
726 2307 854 2366 ducimus
869 2315 917 2367 aut
932 2323 949 2366 a
967 2305 1090 2373 causisfi

71 2391 240 2467 accipimus.
277 2391 336 2451 Sed
350 2408 590 2470 personarum
611 2400 742 2465 nonest,
763 2400 795 2449 ut
815 2390 949 2469 plerique
970 2388 1061 2448 credi·

73 2475 192 2548 derunt,
215 2475 323 2553 triplex
334 2476 423 2549 ratio,
447 2493 485 2535 ex
505 2476 651 2553 litigatore
672 2484 701 2534 et
719 2475 885 2535 adversario
913 2482 942 2533 et
956 2473 1060 2532 iudice.

72 2556 146 2617 Nam
162 2559 312 2618 exordium
328 2557 393 2618 duci
408 2574 607 2637 nonnunquam
624 2561 709 2617 etiam
726 2557 762 2618 ab
785 2567 912 2617 actore
928 2571 1090 2626 causaeq

73 2641 162 2701 solet.
198 2640 366 2720 Quanquam
383 2644 457 2701 enim
469 2644 606 2719 pauciora
623 2643 658 2702 de
676 2662 708 2701 se
724 2646 788 2719 ipso
803 2641 871 2701 dicit
887 2650 916 2700 et
930 2640 1061 2719 parcius:

73 2725 226 2805 plurimum
247 2734 342 2784 tamen
367 2726 402 2785 ad
421 2728 513 2785 omnia
533 2727 669 2785 momenti
690 2727 783 2785 estin
805 2724 862 2784 hoc
876 2727 1016 2802 positum,
1038 2722 1063 2781 si

72 2808 224 2868 virbonus
240 2809 375 2869 creditur.
412 2811 462 2869 Sic
477 2811 551 2868 enim
566 2810 720 2885 contingit‚
745 2818 775 2868 ut
795 2825 852 2868 nou
872 2809 994 2868 studium
1013 2806 1063 2865 ad·

71 2894 171 2952 vocati
191 2893 322 2951 videatur
343 2893 448 2952 allerre
469 2893 522 2952 sed
548 2911 642 2970 paene
672 2895 753 2952 testis
779 2893 873 2951 fidem.
906 2871 1044 2963 Quare
1035 2907 1064 2947 ιιι

52 2978 172 3056 primis
194 2977 373 3035 existimetur
399 2976 516 3035 venisse
544 2976 580 3035 ad
602 2976 743 3052 agendum
765 2976 866 3035 ductus
892 2974 990 3033 allicio
1015 2972 1064 3032 vel

1 3109 2 3132 1
72 3060 255 3137 cognationis
270 3059 318 3119 vel
336 3061 477 3119 amicitiae
492 3061 688 3138 maximeque,
704 3062 729 3119 si
745 3059 807 3118 lieri
823 3060 945 3136 poterit,
967 3058 1062 3135 reipu-

70 3144 169 3205 blicae
186 3152 232 3203 aut
247 3143 367 3203 alicuius
383 3152 464 3203 certe
479 3160 536 3202 non
550 3144 706 3203 mediocris
722 3142 857 3219 exempli.
895 3140 980 3214 Quod
1000 3142 1062 3199 sine

71 3227 161 3288 dubio
181 3227 270 3286 multo
291 3228 382 3304 magis
401 3229 472 3305 ipsis
493 3227 683 3303 litigatoribus
706 3226 866 3286 iaciendum
887 3234 948 3300 est,
975 3233 1006 3284 ut
1026 3222 1063 3283 ad

1 3349 2 3386 3
70 3312 216 3388 agendum
235 3327 338 3387 magna
360 3320 446 3388 atque
461 3311 581 3371 honesta
597 3313 708 3370 ratione
723 3312 869 3369 autetiam
887 3311 1061 3368 necessitate

72 3397 240 3455 accessisse
253 3394 411 3453 uideantur.
449 3395 508 3454 Sed
528 3403 559 3453 ut
578 3395 734 3471 praecipua
757 3395 784 3452 in
804 3394 860 3453 hoc
877 3394 999 3452 dicentis
1014 3395 1090 3451 sau-a

71 3480 211 3557 modias,
232 3480 257 3537 si
277 3479 367 3537 omnis
388 3478 417 3537 in
431 3477 579 3539 subeundo
592 3479 711 3555 negotio
730 3479 858 3557 suspicio
875 3475 1000 3536 sordium
1015 3481 1063 3533 aut
