2434 3925
177 216 218 277 70
491 227 850 287 umanoorrrmmffl

175 383 291 444 batinos
307 399 380 442 vero
394 382 506 442 dicendi
519 389 727 461 praeceptores
744 384 880 441 extremis
894 382 925 441 t.
940 383 1037 445 Crassi
1053 396 1156 466 tempo·

175 468 411 613 qiqulsuscofiqqqisse
429 464 532 527 Cicero
556 475 659 526 auctor
680 474 740 535 est;
766 483 886 545 quorum
907 468 1026 545 insignis
1041 474 1157 531 maxime

176 704 224 755 ltu
245 702 439 755 LEGTIONE
455 661 1046 836 ΟΗΑΤὲΙΙΙὶέΙΤΜΟέξΝΙίὶΙὸΤΟΒΙΟΟΒΗΜ
1063 708 1157 759 APUD
1191 745 1210 806 11

256 884 293 944 V.
326 884 384 944 Sed
400 884 436 943 de
455 884 567 943 ratione
588 883 766 957 declamandi
788 892 855 961 post
877 884 1002 962 paulurn.
1036 884 1157 961 Interim,

175 971 241 1047 quia
258 971 348 1046 prima
363 967 524 1027 rhetorices
541 968 699 1027 rudimenta
715 976 887 1042 tractamus,
905 985 962 1026 non
979 969 1160 1029 omittendum

174 1053 287 1113 videtur
307 1053 334 1111 id
356 1068 489 1129 quoque,
510 1061 541 1110 nt
561 1068 708 1127 moneam,
732 1061 866 1128 quantum
888 1053 925 1111 sit
946 1052 1103 1112 collaturus
1126 1054 1159 1114 ad

174 1135 336 1217 proiectum
351 1135 518 1195 discentium
533 1134 642 1210 rhetor,
659 1136 700 1210 si,
717 1136 952 1214 quemadmodum
965 1155 983 1195 a
1000 1138 1159 1212 grammati·

175 1222 217 1281 ois
239 1222 364 1296 exigitur
384 1228 533 1297 poetarum
556 1219 714 1278 enarratio:
737 1219 776 1278 ita
797 1221 861 1297 ipse
886 1237 1000 1298 quoque
1024 1219 1159 1284 historiae

175 1314 262 1382 atque
278 1304 362 1362 etiam
383 1305 473 1380 magis
491 1305 650 1362 orationum
672 1303 797 1362 lectione
820 1313 974 1381 susceptos
996 1321 1060 1363 ase
1075 1304 1160 1364 disci·

175 1388 260 1466 pulos
275 1388 456 1454 instruxerim
479 1386 555 1464 quod
570 1403 623 1445 nos
639 1388 667 1445 in
687 1389 801 1465 paucis,
824 1404 945 1464 quorum
962 1388 990 1447 id
1006 1397 1084 1447 aetas
1101 1391 1160 1448 exi·

151 1471 263 1549 tgebat
277 1479 306 1530 et
320 1479 455 1549 parentes
471 1470 542 1529 utile
558 1489 624 1530 esse
642 1470 838 1546 crediderant,
856 1473 1042 1530 servavimus.
1075 1469 1160 1532 Cete·
1209 1501 1210 1506 ¹

176 1575 236 1616 rum
252 1553 439 1614 sentientibus
456 1555 511 1613 iam
533 1562 590 1613 tum
606 1558 712 1633 optima
727 1556 800 1615 duae
816 1573 864 1614 res
879 1555 1080 1633 impedimento
1099 1557 1160 1616 lue·

174 1648 249 1714 runt,
266 1639 341 1717 quod
358 1648 385 1697 et
401 1639 487 1714 longa
502 1639 680 1699 consuetudo
696 1638 779 1698 aliter
790 1639 913 1698 docendi
929 1639 1038 1698 iecerat
1053 1639 1161 1716 legem,

176 1733 204 1783 et
215 1723 325 1783 robusti
341 1722 403 1782 lere
418 1724 536 1782 iuvenes
551 1741 606 1782 neo
618 1722 692 1781 hunc
707 1722 837 1782 laborem
852 1723 1048 1784 desiderantes
1064 1742 1162 1784 exem-

150 1807 252 1886 3plum
266 1816 394 1868 nostrum
415 1806 618 1884 sequebantur.
653 1804 715 1865 Nee
737 1815 846 1882 tamen,
871 1809 981 1865 etiamsi
1003 1808 1069 1884 quid
1094 1810 1162 1867 novi

174 1892 222 1951 vel
237 1909 304 1951 sero
319 1893 508 1967 invenissem,
525 1891 697 1969 praecipere
712 1891 740 1948 in
755 1901 902 1970 posterum
917 1890 1048 1970 puderet.
1079 1891 1163 1951 Nunc

173 1995 244 2036 vero
265 1978 327 2036 scio
348 1975 377 2035 id
400 1977 462 2035 lieri
487 1977 562 2054 apud
584 1975 712 2035 Graecos
738 1976 790 2034 sed
811 1978 902 2052 magis
924 1994 976 2053 per
999 1976 1162 2051 adiutores,

174 2062 239 2139 quia
256 2077 313 2119 non
327 2060 458 2119 videntur
473 2068 603 2136 tempora
624 2059 796 2134 suffectura,
819 2062 844 2118 si
861 2059 1023 2136 legentibus
1040 2061 1163 2136 singulis

151 2145 288 2222 spraeire
305 2161 421 2221 semper
439 2144 495 2220 ipsi
514 2142 613 2202 velint.
646 2142 683 2202 Et
703 2142 823 2202 hercule
844 2142 1020 2221 praelectio,
1043 2146 1164 2221 quaein

174 2227 231 2286 hoc
248 2226 414 2301 adhibetur,
439 2235 469 2286 ut
486 2226 572 2285 facila
593 2234 679 2304 atqua
697 2227 829 2286 distincte
844 2228 925 2305 pueri
941 2228 1050 2304 scripta
1067 2227 1163 2288 oeulis

174 2319 345 2388 sequantur,
375 2310 459 2369 etiam
482 2310 548 2385 illa,
576 2328 649 2388 quae
669 2311 727 2370 vim
748 2313 885 2388 cuiusque
905 2309 1003 2385 verbi,
1031 2311 1056 2368 si
1085 2313 1164 2388 quod

175 2397 265 2453 minus
282 2396 414 2454 usitatum
429 2394 544 2468 incidat,
562 2395 658 2469 docet,
676 2395 791 2454 multum
806 2396 879 2454 infra
894 2393 1018 2453 rhetoris
1034 2394 1165 2454 cilicium

149 2478 363 2540 texistimanda
380 2486 434 2537 est.
469 2477 509 2539 m
524 2478 722 2538 demonstrare
736 2480 856 2537 virtutes
871 2478 936 2553 vel,
953 2480 977 2537 si
994 2479 1109 2555 quando
1126 2481 1167 2537 ita

173 2562 296 2637 incidat,
318 2564 403 2637 vitia,
426 2561 454 2621 id
477 2561 667 2639 professionis
691 2563 752 2620 eius
774 2571 860 2640 atque
880 2563 1031 2640 promissi,
1055 2579 1116 2640 quo
1132 2580 1167 2620 se

173 2649 338 2723 magistrum
355 2646 537 2724 eloquentiae
552 2645 724 2724 pollicetur,
741 2648 862 2706 maxime
877 2648 1024 2724 proprium
1040 2655 1102 2714 est;
1128 2662 1167 2704 eo

175 2730 288 2809 quidem
303 2730 441 2806 validius,
462 2730 539 2807 quod
559 2747 616 2788 non
637 2732 735 2807 utique
752 2729 827 2789 hunc
848 2729 977 2790 laborem
998 2729 1169 2789 docentium

174 2815 310 2892 postulo,
336 2822 366 2873 ut
386 2813 422 2873 ad
447 2815 586 2890 gremium
611 2815 755 2873 revocatis
778 2815 916 2892 cuiusque
937 2831 1037 2872 eorum
1060 2810 1169 2873 liberis

149 2899 300 2958 filectione
316 2898 489 2958 deserviant.
519 2895 589 2957 Nam
604 2897 671 2956 mibi
687 2916 751 2956 curn
767 2897 880 2956 facilius
895 2907 953 2957 tum
970 2899 1054 2957 etiarn
1070 2898 1168 2961 multo

173 2983 285 3042 videtur
299 2983 389 3059 magis
400 2981 480 3055 utile,
496 2980 574 3041 laeto
590 2981 705 3040 silentio
720 2999 804 3040 unum
820 2981 943 3059 aliquem
960 2980 1053 3058 (quod
1068 2983 1170 3060 ipsum

173 3068 307 3144 imperari
327 3084 381 3144 per
400 3067 481 3124 vices
503 3066 639 3142 optimum
662 3066 721 3144 est)
749 3060 924 3124 constituere
947 3065 1109 3142 lectorem,
1140 3074 1171 3124 ut

173 3152 302 3229 protinus
329 3150 550 3227 pronuntiationi
579 3166 695 3227 quoque
725 3158 907 3216 assuescant;
940 3158 997 3207 tum
1027 3152 1171 3226 exposita

150 3233 275 3313 inausa,
291 3235 319 3292 in
334 3251 417 3311 quam
432 3233 540 3311 scripta
556 3232 670 3309 legetur
685 3233 794 3307 oratio,
811 3232 891 3310 (nam
905 3233 948 3291 sic
964 3233 1070 3292 clarius
1090 3251 1172 3312 quae

173 3318 302 3378 dicentur
321 3316 442 3392 intelligi
463 3317 613 3395 poterunt)
640 3314 711 3374 nihil
737 3317 860 3374 otiosum
878 3318 953 3394 pati,
977 3316 1120 3394 quodque
1142 3319 1173 3374 in

173 3403 336 3461 inventione
352 3399 486 3478 quodque
506 3402 534 3459 in
548 3400 715 3459 elocutione
737 3399 926 3459 annotandum
948 3401 1016 3467 erit;
1039 3401 1175 3479 quaein

172 3488 322 3566 prooemio
337 3484 508 3549 conciliandi
520 3483 622 3545 iudicis
637 3485 727 3552 ratio;
748 3501 822 3562 quae
839 3484 972 3545 narrandi
987 3483 1047 3561 lux,
1064 3483 1174 3545 brevi·
