2434 3925
317 246 407 296 mse.
429 246 577 296 ceuton.
598 242 669 296 crs.
686 249 737 315 111,
759 244 786 299 t.
993 235 1052 298 133
1082 223 1084 227 ’

57 411 103 462 tur
123 402 155 462 in
175 409 362 480 tempora,
392 402 527 481 qnodque
554 411 620 462 ante
640 420 692 462 eos
719 402 771 462 init
794 419 908 480 quoque
933 405 989 482 ipsi
1010 406 1053 463 vi·

56 494 178 553 xerunt3
201 488 230 554 in
247 486 290 545 his
310 495 422 562 autem,
450 488 497 564 qui
514 488 574 546 fato
594 495 660 545 sunt
679 486 784 561 functi,
806 488 890 546 etiam
909 488 985 566 quod
1008 497 1053 547 est

57 572 231 629 insecutum.
273 569 348 629 Ante
371 569 516 629 hominem
536 572 657 648 patria
680 589 714 630 ac
737 579 912 649 parentes
940 574 1052 631 maio·

56 671 198 731 resque
220 661 311 726 erunt,
335 670 456 730 quorum
474 654 582 733 duplex
603 662 740 713 tractatus
759 663 818 713 est:
842 663 890 714 aut
911 657 985 715 eninr
1006 674 1053 714 re·

56 738 216 818 spondisse
243 736 382 796 nohilitati
409 737 558 815 pulchrum
580 739 635 796 erit
666 747 714 797 aut
741 737 873 797 humilius
898 758 991 816 genus
1019 739 1052 798 il-

56 821 201 881 lustrasse
218 820 312 880 iactis.
346 820 400 879 llla
413 839 529 899 qnoque
547 822 659 881 interim
671 840 708 880 ex
725 839 773 895 eo,
793 822 868 900 quod
882 833 947 882 ante
958 825 1092 901 ipsurull

56 905 122 981 fuit,
143 913 275 982 ternpore
293 904 450 980 trahentur,
469 923 543 983 quae
560 907 709 983 responsis
725 906 772 964 vel
787 908 913 983 auguriis
932 907 1054 980 futuram

2 1000 3 1003 ’
56 989 221 1049 claritatem
239 990 446 1066 promiserunt,
465 998 496 1048 ιιι
513 1007 587 1065 eum,
607 991 654 1067 qui
672 1008 709 1048 ex
726 988 847 1049 Thetide
865 999 946 1050 natus
962 1000 1052 1065 esset,

55 1074 198 1131 maiorem
230 1080 311 1150 patre
348 1089 400 1131 suo
430 1072 554 1133 futurum
589 1075 731 1133 cecinisse
760 1073 892 1134 dicuntur
923 1075 1051 1134 oracula.

55 1155 154 1234 Ipsius
173 1172 244 1215 vero
264 1155 328 1214 laus
350 1155 471 1215 hominis
491 1158 638 1216 exanimo
657 1166 827 1235 etcorpore
853 1167 882 1217 et
904 1167 985 1217 extra
1001 1167 1094 1236 pon

55 1241 120 1299 sitis
141 1241 201 1318 peti
218 1239 315 1300 debet.
348 1239 385 1299 Et
407 1242 578 1318 corporis
598 1240 711 1318 quidem
732 1241 971 1320 fortuitorumque
989 1260 1053 1302 cum

56 1323 156 1383 levior
176 1332 235 1382 tum
260 1340 317 1382 non
338 1340 395 1383 uno
417 1324 502 1384 modo
526 1326 672 1385 tractanda
694 1334 748 1384 est.
781 1324 852 1385 Nam
875 1335 904 1385 et
927 1326 1051 1404 pulchri·
1152 1342 1160 1349 ·

55 1408 185 1467 tudinem
211 1408 322 1467 interim
349 1407 494 1485 roburque
520 1411 721 1487 prosequimur
746 1409 857 1469 honore
886 1410 1052 1484 verborum,

56 1500 88 1549 ut
106 1490 249 1550 Homerus
267 1492 295 1550 in
314 1490 528 1567 Agamemnone
546 1502 633 1570 atque
651 1492 776 1553 Achille.
809 1492 924 1553 interim
939 1493 1053 1554 confert

57 1574 238 1634 admirationi
262 1574 378 1634 multum
406 1576 490 1635 etiam
515 1577 677 1653 infirmitas,
705 1586 736 1636 ιιι
760 1595 823 1637 cnm
851 1578 926 1637 idem
952 1576 1052 1653 Tydea

2 1724 3 1747 ,
57 1676 177 1737 parvum
199 1658 251 1718 sed
276 1658 538 1720 bellatoremdicit
559 1660 659 1719 luisse.
692 1659 817 1720 Fortuna
836 1678 908 1720 vero
930 1670 988 1720 tum
1011 1662 1051 1721 di·
1060 1671 1094 1724 13

56 1743 196 1818 gnitatem
215 1742 313 1817 allert,
341 1745 396 1801 ut
387 1762 416 1802 ιιι
431 1743 550 1820 regibus
570 1744 820 1822 principibusque,
845 1745 989 1822 (nanrqne
1001 1753 1053 1804 est

57 1826 133 1887 haec
154 1827 272 1885 materia
295 1787 490 1886 ostendendae
512 1829 624 1887 virtutis
645 1827 777 1906 uberior)
802 1837 860 1887 tum
883 1845 939 1926 qup
962 1831 1051 1887 mino-

58 1928 106 1969 res
134 1925 206 1989 opes
229 1909 352 1986 luerunt,
372 1912 509 1971 maiorem
524 1911 598 1971 bene
624 1911 708 1972 lactis
727 1902 849 1989 gloriam
872 1913 955 1991 parit.
993 1912 1052 1972 Sed

59 1995 165 2068 omnia,
187 2012 260 2072 quae
283 2003 364 2053 extra
386 2013 439 2054 nos
462 1995 536 2055 bona
560 2005 625 2055 sunt
643 2014 775 2074 quaeque
796 1995 956 2055 hominihus
976 1996 1051 2055 iorte

59 2078 237 2154 obtigerunt,
263 2095 319 2137 non
338 2079 404 2138 ideo
421 2079 581 2155 laudantur,
605 2081 681 2158 quod
698 2079 830 2140 habuerit
847 2082 909 2159 quis
930 2098 976 2155 ea,
998 2080 1051 2140 sed

60 2162 138 2240 qood
155 2162 199 2220 his
221 2160 342 2222 honeste
361 2164 398 2221 sit
415 2181 493 2222 usus.
530 2163 602 2223 Nam
615 2165 730 2224 divitiae
750 2172 779 2223 et
795 2166 923 2243 potentia
941 2173 969 2223 et
986 2183 1050 2241 gra·
1040 2173 1114 2227 ·l¹l'

58 2248 108 2320 tia,
133 2263 197 2304 cum
219 2246 368 2323 plurimum
389 2248 489 2306 virium
507 2248 599 2308 deut'
591 2267 620 2307 ιιι
636 2258 785 2327 utramque
803 2257 930 2327 partem,
951 2250 1051 2308 certis-

60 2330 159 2388 simum
178 2328 284 2389 iaciunt
300 2346 409 2389 morum
425 2333 660 2410 experimentum,
679 2342 725 2391 aut
742 2335 815 2406 enim
832 2333 968 2392 meliores
984 2349 1051 2410 pro·

60 2423 126 2491 pter
148 2412 221 2473 haec
245 2422 292 2473 aut
311 2415 427 2492 peiores
449 2434 556 2474 snmus.
606 2416 718 2475 Animi
746 2435 863 2495 semper
883 2434 953 2477 vera
976 2417 1092 2492 laus,15
1166 2463 1169 2470 ·

61 2496 111 2556 sed
134 2514 191 2556 non
212 2515 268 2557 una
289 2515 343 2577 per
363 2497 419 2557 hoo
441 2516 515 2576 opus
535 2500 581 2559 via
603 2500 725 2559 ducitur.
758 2500 888 2579 Namque
908 2501 980 2560 alias
1003 2519 1050 2560 ae-

60 2582 125 2639 tatis
148 2580 254 2658 gradus
282 2590 485 2680 gestarumque
515 2601 611 2643 rerum
633 2584 762 2644 ordinem
784 2586 866 2662 sequi
888 2586 1051 2663 speciosius

60 2663 128 2740 fuit,
150 2666 207 2723 ut
199 2683 227 2723 ιιι
246 2666 343 2742 primis
362 2668 441 2725 annis
459 2666 625 2727 laudaretur
641 2668 770 2744 indoles,
793 2677 851 2728 ιιιιιι
869 2668 1050 2746 disciplinae,

61 2747 205 2825 posthoc
227 2765 346 2826 operum
367 2743 396 2810 id
427 2759 472 2809 est
500 2750 640 2811 laetorum
661 2751 860 2830 dictorumque
884 2761 1049 2817 contextum

61 2831 163 2890 alias
154 2850 183 2890 ιιι
205 2834 322 2910 species
342 2834 475 2893 virtutum
496 2834 623 2895 dividere
643 2835 771 2910 laudem,
794 2836 983 2909 tortitudinis,
1010 2838 1050 2893 iu·

60 2916 172 2991 stitiae,
200 2918 391 2976 continentiae
418 2925 653 2996 ceterarumque,
682 2937 716 2979 ac
743 2919 863 2996 singulis
890 2919 1050 2995 assignare,

61 3016 135 3076 quae
155 3000 314 3059 secundum
335 3018 476 3079 quamque
500 3020 597 3062 earum
618 3011 702 3080 gesta
724 3011 816 3062 erunt.
858 3001 927 3062 Utra
945 3004 982 3061 sit
1003 3011 1093 3065 aru-lb

59 3091 116 3141 tem
133 3080 232 3142 harum
248 3084 293 3143 via
311 3084 417 3160 utilior,
436 3103 498 3144 curn
513 3087 631 3145 materia
646 3085 878 3162 deliberabimus,
897 3085 961 3152 dum
976 3088 1050 3145 scia·

59 3184 122 3226 mus
141 3169 268 3243 gratiora
290 3185 355 3227 esse
375 3168 569 3244 audientibus,
593 3187 667 3247 quae
690 3170 769 3229 solus
791 3171 853 3248 quis
873 3178 920 3229 aut
942 3172 1049 3247 primus

59 3258 108 3310 aut
129 3260 209 3310 certe
232 3270 295 3311 curu
316 3252 415 3330 paucis
432 3252 539 3311 iecisse
555 3253 676 3328 dicetur,
699 3256 725 3312 si
744 3254 811 3332 quid
830 3262 981 3332 praeterea
1003 3272 1049 3312 su·

59 3351 111 3412 pra
133 3351 215 3413 spem
236 3344 285 3394 aut
309 3337 550 3414 expectationem,
572 3338 729 3416 praecipue
746 3338 822 3415 qnod
841 3338 934 3397 aliena
952 3338 1048 3416 potius

60 3434 147 3476 causa
169 3436 253 3495 qnam
275 3436 335 3478 sua.
375 3417 543 3497 Tempus,
567 3420 661 3498 quod
683 3420 791 3480 linem
816 3421 973 3480 hominis
995 3424 1087 3482 ιιι-17

60 3503 244 3580 sequitur,
264 3518 321 3562 nou
337 3520 453 3582 semper
472 3512 596 3565 tractare
615 3506 766 3582 contingit;
783 3522 840 3564 nou
858 3504 951 3563 solum
971 3503 1048 3581 qnod
