2434 3925
160 182 223 245 202
507 192 871 256 commemoramur

157 351 325 430 simplicitas
347 349 397 410 illa
418 358 448 411 et
466 349 548 410 velut
569 351 710 410 securitas
730 349 913 412 inaffectatae
934 354 1087 414 orationis
1106 358 1182 417 mire
1205 352 1206 399 l

100 492 102 495 ,
157 445 259 496 tenues
275 452 377 495 causas
393 434 494 510 decet,
515 434 671 494 maioribus
690 434 760 494 illud
782 434 949 494 admirabile
969 437 1101 501 dicendi
1126 460 1180 518 ge

156 537 209 579 aas
231 521 323 597 magis
346 521 490 579 convenit.
526 517 558 578 ln
579 529 702 597 utroque
725 520 830 579 emia'et
846 517 968 588 Cicero;
994 540 1035 581 ex
1062 525 1177 601 quibm

157 604 277 664 altemm
300 605 423 684 imperiti
445 621 479 664 so
499 620 589 683 posse
612 604 751 682 consequi
778 603 914 681 credent,
940 615 1103 685 neutrum,
1129 612 1176 689 qd

156 688 329 766 intelligunt.

527 822 571 872 DE
589 821 749 876 MEMORIA.

239 933 275 994 ll.
292 933 500 995 llcmoriam
517 935 631 1014 quidam
652 944 771 996 naturae
793 935 879 997 modo
896 954 1089 998 assemanus
1107 942 1171 1001 exi·
1206 956 1207 991 i

156 1019 352 1094 elimaverunt,
369 1027 472 1097 estque
486 1022 515 1078 in
530 1037 565 1079 ea
578 1037 637 1079 non
650 1019 735 1080 dubie
751 1019 911 1098 plurimum,
926 1022 979 1081 sed
989 1022 1053 1100 ipsa
1073 1043 1170 1085 exeo

156 1102 243 1163 lando
258 1103 332 1162 sicot
347 1102 402 1162 alia
416 1104 509 1163 omnia
524 1113 660 1181 aagctor;
684 1112 714 1164 et
730 1112 823 1179 totus,
847 1104 956 1183 dequo
971 1105 1101 1167 diximus
1116 1110 1170 1169 ad·
1206 1108 1207 1187 l

156 1186 229 1262 huc,
251 1187 341 1247 inanis
362 1195 408 1246 est
427 1186 526 1264 labor,
550 1190 604 1247 nisi
626 1196 743 1247 ceterae
763 1197 862 1267 partes
883 1188 943 1261 lnoc
960 1190 1040 1250 velut
1055 1195 1168 1270 spiritu

157 1273 347 1331 continentur.
382 1269 455 1330 Nam
471 1281 500 1331 et
515 1274 605 1331 omnis
621 1271 771 1351 disciplina
786 1275 923 1333 memoria
947 1282 1079 1350 constat,
1103 1276 1168 1336 iru-

157 1363 275 1433 straque
290 1354 445 1431 docemur,
465 1357 489 1414 si
505 1356 641 1434 quidquid
658 1356 784 1416 audimus
797 1356 997 1434 praeterfluat3
1014 1367 1042 1418 et
1058 1377 1166 1420 exem·

156 1437 281 1517 plorum,
297 1437 405 1514 legum,
426 1455 644 1517 respousomm‚
660 1439 801 1500 dictorum
818 1440 940 1520 deniqne
956 1441 1167 1522 iactommque

156 1522 237 1582 velut
258 1521 394 1600 quasdam
415 1525 531 1601 copias,
553 1523 656 1602 quibam
671 1522 816 1584 abundare
834 1542 963 1603 quasque
979 1528 1006 1584 in
1021 1538 1165 1606 promptu

156 1623 273 1684 semper
286 1605 395 1666 labere
409 1606 497 1667 debet
515 1618 630 1683 orator,
652 1607 753 1668 eadem
767 1608 816 1668 illa
830 1610 875 1667 vis
892 1619 1068 1687 praesentat.
1101 1611 1163 1671 Ne·

127 1695 213 1767 uque
236 1689 376 1749 immerito
399 1691 562 1752 ttesacrca
582 1693 629 1752 lric
649 1693 836 1770 eloquentiae
863 1692 976 1752 dicitur.
1013 1693 1074 1754 Sed
1102 1713 1161 1756 non

156 1774 236 1834 firme
261 1781 368 1833 tantum
396 1776 546 1835 continere
570 1793 670 1836 rerum
696 1777 781 1836 etiam
808 1777 866 1835 cito
891 1777 1046 1855 percipere
1067 1780 1159 1841 multa

156 1867 273 1919 acturos
299 1867 430 1935 oportet,
456 1877 513 1918 nec
534 1877 608 1938 quae
632 1861 785 1938 scripseris
805 1860 891 1920 modo
912 1861 1013 1921 iterata
1029 1862 1158 1924 lectione

157 1941 311 2021 complecti
332 1942 384 2003 sed
408 1944 436 2003 in
458 1944 593 2020 cogitatis
617 1961 732 2022 quoque
753 1961 848 2004 rerum
868 1963 903 2005 ac
918 1944 1074 2007 verborum
1089 1966 1156 2009 con·

156 2035 264 2087 textum
278 2027 373 2105 sequi,
391 2036 420 2087 et
438 2045 512 2106 quae
528 2030 584 2087 sint
602 2028 637 2087 ab
653 2028 775 2090 adversa
791 2037 875 2106 parte
891 2029 966 2090 dicta
980 2032 1155 2106 meminisse,

155 2129 212 2170 nec
225 2112 323 2188 utique
340 2127 385 2186 ea,
401 2129 459 2190 quo
476 2111 551 2171 dicta
566 2121 632 2171 sunt
647 2112 758 2187 ordine,
774 2113 902 2172 relutare
917 2114 969 2173 sed
985 2118 1156 2192 opportunis

127 2194 230 2255 Slocis
246 2211 367 2274 ponere.
405 2192 500 2267 Quid?
516 2196 723 2275 extemporalis
738 2198 831 2257 oratio
846 2215 902 2256 ncc
920 2198 977 2257 alio
994 2199 1061 2258 milri
1075 2200 1155 2260 vide·

156 2279 324 2337 tormentis
346 2280 449 2355 vigore
472 2289 617 2339 constare.
657 2278 729 2340 Nam
751 2280 815 2340 dum
837 2279 893 2340 alia
917 2281 1053 2362 dicimus,
1080 2302 1154 2363 quae

156 2363 257 2422 dicturi
272 2378 379 2436 sumus,
394 2364 527 2424 intuenda
542 2372 618 2423 sunt.
645 2363 698 2439 lta,
716 2382 780 2425 com
794 2382 912 2442 semper
926 2367 1064 2443 cogitatio
1081 2368 1154 2428 ultra

155 2444 183 2505 id
200 2444 278 2522 qood
293 2453 339 2504 est
361 2445 475 2523 longius
495 2450 622 2525 quaerit,
648 2447 784 2525 quidquid
804 2449 916 2508 interim
936 2451 1067 2527 repperit
1084 2468 1152 2528 quo·

156 2527 306 2589 dammodo
332 2529 408 2607 apud
433 2533 600 2591 memoriam
622 2532 753 2609 deponit:
780 2531 856 2608 qood
880 2532 929 2592 illa
956 2534 1038 2610 quasi
1062 2536 1152 2595 media

157 2611 297 2690 quaedam
320 2629 419 2673 manus
446 2623 598 2692 acceptum
626 2615 661 2675 ab
687 2617 844 2675 intentione
871 2617 956 2676 tradit
986 2617 1150 2678 elocutioni.

127 2692 221 2756 4Non
235 2695 358 2756 arbitror
374 2705 469 2757 autem
483 2697 550 2758 milri
565 2700 594 2757 in
606 2699 664 2758 hoc
680 2700 898 2774 immorandum,
921 2700 988 2778 quid
1004 2701 1056 2775 sit,
1076 2703 1151 2780 quod

156 2782 320 2840 memoriam
330 2779 430 2847 laclat;
443 2798 603 2860 quanquam
616 2783 748 2861 plerique
757 2784 876 2861 imprimi
885 2784 1024 2861 quaedam
1032 2787 1151 2863 vestigia

156 2866 266 2940 animo,
289 2863 412 2924 velutin
428 2866 503 2924 ceris
519 2866 666 2926 anulorum
685 2868 768 2944 signa
791 2877 959 2943 serventur,
981 2870 1149 2929 existimant.

155 2947 258 3025 Neque
272 2965 323 3007 ero
338 2957 395 3008 tam
412 2948 563 3025 credulus,
580 2960 621 3026 ut,
638 2969 722 3029 quum
738 2950 860 3012 arbitrer
878 2952 1032 3011 tardiorem
1049 2952 1149 3012 firmio·

126 3029 273 3109 5remque
286 3032 451 3092 memoriam
473 3033 551 3108 deri,
575 3043 604 3093 et
624 3044 721 3111 putem
743 3043 833 3095 artem
848 3037 967 3113 proprie
982 3036 1018 3096 ad
1033 3038 1149 3096 amman

156 3117 313 3194 pertinere.
345 3114 437 3192 llagis
459 3117 591 3177 admirari
613 3127 741 3184 naturam
759 3118 850 3195 subit,
866 3137 915 3179 res
931 3127 1059 3179 vetustas
1074 3129 1148 3180 tanto

156 3217 194 3258 ex
210 3199 363 3259 intervallo
378 3201 517 3278 repetitas
532 3200 656 3262 reddere
678 3220 710 3261 se
727 3212 756 3261 et
770 3203 893 3271 ollerre;
915 3221 971 3262 nec
985 3210 1088 3262 tanturn
1105 3222 1147 3263 re

156 3281 333 3362 quirentibus
353 3282 406 3342 aed
430 3286 514 3344 etiam
536 3295 640 3363 sponte
663 3287 791 3363 interim,
818 3305 873 3346 nec
896 3286 1079 3364 vigilantibus
1097 3287 1147 3347 sed

128 3368 244 3433 aetiam
270 3365 366 3445 quiete
388 3369 564 3446 compositis.
594 3368 640 3429 Eo
659 3374 767 3447 magis,
789 3371 866 3449 quod
888 3370 936 3431 illa
958 3388 1072 3450 quoque
1091 3371 1146 3430 aui·

156 3451 258 3527 malie,
278 3466 352 3528 quae
368 3466 469 3510 carere
485 3452 637 3514 intellectu
651 3453 798 3532 videntur,
814 3457 1002 3517 meminerunt
1016 3465 1046 3516 et
1062 3472 1145 3532 agno·
