2434 3925
150 189 212 254 218
468 202 855 279 nnsnoumnmum

19 400 20 403 ,
149 374 251 419 uorsus
268 356 328 417 oris
342 365 372 417 et
388 374 451 417 auru
466 356 564 416 verbis
581 357 641 416 sois
657 355 834 416 colluctatio.
856 354 917 415 tn
929 358 1036 416 tussim
1050 366 1083 416 et
1097 377 1154 419 ex·

149 458 240 522 onore
258 440 363 501 mebro
379 450 408 500 ut
423 439 460 501 alt
477 442 534 500 imo
549 440 686 518 pulmone
699 441 829 518 pituitam
845 440 985 499 trochleis
998 442 1152 502 adducere

149 534 179 586 et
197 526 257 585 oris
274 523 391 584 humore
413 526 561 604 proximos
576 541 717 602 spargere
734 531 764 582 et
776 524 916 583 maiorem
929 534 1041 601 partem
1060 529 1153 603 spiri·

147 616 194 669 tus
216 609 244 668 ln
259 607 405 687 loquendo
420 626 474 687 per
488 626 574 667 nares
591 607 757 682 effundere,
778 607 889 666 etiamsi
902 625 960 666 uon
982 611 1080 685 utique
1094 628 1151 669 vo

148 693 192 753 als
207 700 271 752 suut
287 694 365 766 ultio,
382 694 447 770 quia
457 700 551 752 umen
563 700 800 770 proptervoaem
810 692 953 767 aonidum,
967 693 1151 770 potissimum

105 776 138 835 ⁶7
148 774 213 836 holo
236 775 303 837 loto
318 775 511 835 sublloiaotnr.
542 775 602 835 Sed
619 774 812 853 quodeunque
828 793 866 833 en
879 774 925 834 luis
939 777 1038 834 vitium
1051 780 1150 853 magis

145 858 257 920 tulerim
281 876 381 938 quam,
411 875 468 938 quo
485 876 559 917 nouo
579 859 701 918 maxima
722 857 869 917 laboratur
889 861 918 917 in
938 861 1032 918 musis
1054 863 1149 919 omni·

147 940 200 1003 bur
218 941 403 1021 sobolisque,
425 942 573 1017 cantandi,
594 941 672 1020 quod
689 942 813 1001 inutilius
833 943 921 1001 sitan
940 942 1069 1017 foedius,
1093 962 1149 1003 ne·

146 1026 218 1086 solo.
251 1024 324 1100 Quid
343 1026 417 1085 enlm
431 1028 522 1086 miuus
535 1025 643 1085 oratori
660 1027 793 1084 convenit
809 1043 893 1103 quum
905 1025 1061 1086 modulatio
1077 1046 1148 1087 soe·

145 1110 207 1170 olea
237 1118 266 1169 et
294 1126 493 1187 nonnunquam
521 1107 665 1169 ebriorum
690 1117 737 1167 aut
764 1110 976 1170 comissantium
1007 1110 1148 1172 licentiae

103 1190 267 1253 tdslmlllsl
305 1192 379 1268 Quid
405 1210 477 1253 vero
500 1192 650 1253 movendis
679 1192 831 1253 affectibus
853 1195 1025 1253 eontrarium
1049 1196 1148 1271 magis

145 1294 244 1357 quam,
263 1294 325 1337 ouon
343 1276 513 1351 dolendum,
531 1274 728 1352 tremendum,
750 1275 969 1352 indignandum,
991 1280 1148 1337 commise-
1199 1330 1200 1349 ,

143 1360 259 1421 randum
275 1362 328 1436 sit,
344 1377 401 1420 uon
417 1360 510 1420 solum
526 1360 562 1419 alr
580 1359 807 1433 troadensibus,
829 1362 859 1419 iu
875 1378 949 1439 quos
963 1360 1147 1422 inducendus
1199 1374 1200 1377 ’

143 1442 304 1520 euoluitur,
327 1445 470 1504 recedere
486 1444 539 1504 sed
554 1445 645 1523 ipsam
661 1444 716 1503 fori
732 1444 911 1504 sanctitatem
925 1445 1055 1506 ludorum
1070 1445 1145 1506 tula-
1199 1462 1200 1477 ¹

142 1526 212 1586 rium
228 1526 343 1588 lieentia
364 1523 503 1588 solvere?
536 1526 608 1589 Num
625 1524 730 1586 Gloero
744 1528 813 1588 illos
826 1546 866 1589 eo
883 1526 979 1606 locta
996 1536 1025 1589 et
1043 1525 1147 1591 Cossa

142 1609 282 1672 staturos
300 1629 402 1690 poene
426 1617 554 1674 cantore
573 1614 606 1673 in
628 1612 755 1691 epiloqia
771 1612 851 1671 dixit.
888 1611 950 1672 Noa
967 1613 1052 1671 etiam
1074 1631 1145 1673 ean·

98 1693 217 1757 totautt
231 1695 407 1755 tevarlorem
421 1694 507 1774 paulo
519 1695 634 1756 modum
646 1695 834 1754 excessimus.
863 1693 1069 1774 Quisquamne,
1084 1714 1145 1757 non

142 1777 207 1838 dloo
228 1776 265 1839 da
288 1777 456 1853 homicidio,
479 1780 655 1856 sacrilegio,
685 1778 858 1857 parricidio,
882 1779 934 1839 sed
957 1779 994 1838 de
1018 1778 1144 1841 oaleulis

141 1870 222 1922 corta
239 1870 324 1941 atque
340 1863 515 1938 rationibus,
539 1864 689 1942 quisquam
707 1862 849 1940 denique,
869 1871 900 1922 ut
921 1861 1012 1923 semel
1033 1863 1141 1940 liniam,

140 1944 166 2006 lu
184 1944 232 2006 lite
248 1944 364 2007 suntet?
386 1944 470 2021 Quod
486 1947 510 2006 ti
527 1948 640 2007 omnino
655 1945 855 2025 recipiendum
872 1955 933 2007 est:
949 1946 1019 2006 nihil
1031 1965 1141 2009 oausae

139 2038 193 2104 est,
212 2047 262 2090 our
277 2047 333 2090 nou
350 2030 426 2091 illum
442 2031 524 2091 voois
538 2031 760 2091 modulationem
777 2029 880 2091 fidibus
896 2030 1034 2106 ossibile,
1053 2033 1139 2094 immo

138 2111 274 2189 heromo,
292 2114 368 2193 quod
385 2122 431 2174 est
446 2113 512 2174 huia
527 2114 700 2174 deformitati
716 2116 846 2193 propius,
868 2114 1006 2189 cymbalis
1021 2114 1140 2175 adiuve-

95 2197 207 2257 ootous.
231 2194 362 2258 Facimus
379 2206 473 2258 tamen
489 2196 546 2258 hoo
563 2197 704 2266 libentem
721 2216 853 2257 namueo
869 2199 1000 2275 uniquam
1015 2208 1082 2258 sunt
1098 2200 1139 2257 in·

137 2279 268 2355 iucunda,
288 2297 361 2359 quaa
378 2289 492 2341 cantant
506 2282 578 2359 ipsi,
595 2289 625 2341 et
639 2280 748 2341 laboris
763 2282 792 2339 in
806 2280 862 2341 hou
877 2298 961 2358 quam
978 2281 1007 2340 in
1022 2283 1138 2358 agendo

136 2362 226 2423 miuus
249 2373 303 2424 est.
341 2365 411 2425 Sunt
431 2373 460 2424 et
481 2362 611 2443 quidam,
639 2366 687 2443 qui
711 2365 866 2424 seeundum
893 2364 949 2425 alia
971 2365 1048 2424 vitae
1069 2367 1140 2426 vitia

136 2446 219 2506 etlam
241 2445 295 2508 hoo
316 2446 422 2527 ubique
444 2448 591 2525 audiendi,
621 2449 698 2526 quod
718 2465 803 2507 aures
824 2450 963 2523 muleeat,
986 2448 1140 2526 voluptate

135 2528 282 2591 ducantur.
316 2530 390 2604 Quid
413 2528 507 2610 argo?
535 2550 592 2591 non
614 2541 643 2591 et
659 2529 765 2591 Cicero
786 2532 854 2592 dicit
876 2549 943 2591 esse
966 2530 1096 2609 aliquem
1110 2534 1139 2591 in

135 2615 265 2674 oratioue
280 2623 403 2677 uantum
423 2617 653 2677 obscuriorem?
683 2625 712 2675 et
729 2614 786 2675 hoo
803 2615 926 2693 modam
942 2614 1065 2674 naturali
1085 2617 1138 2674 iui-

134 2698 173 2758 tlo
196 2693 294 2759 ueniti
322 2697 477 2759 Ostendam
497 2715 555 2759 uon
578 2698 666 2759 multo
689 2708 772 2776 post,
796 2699 846 2758 ubi
861 2708 890 2758 et
905 2707 1045 2776 quatenus
1060 2700 1139 2759 reoi-

134 2781 255 2860 plendus
272 2782 308 2842 sit
324 2782 371 2843 hie
387 2782 480 2844 lienus
503 2791 532 2843 et
553 2791 653 2842 cautus
673 2782 788 2861 quidem
808 2782 878 2858 sed,
901 2781 978 2859 quod
999 2782 1138 2861 plerique

133 2863 297 2944 intelligere
314 2865 429 2942 uolunt,
447 2865 654 2927 obscurior.

90 2953 121 3010 61
214 2947 272 3010 lam
289 2950 363 3010 enlm
378 2959 492 3028 tempus
507 2957 552 3010 est
571 2949 701 3024 dicendi,
722 2966 796 3028 quae
815 2950 852 3008 eit
867 2956 953 3027 apta
967 2951 1137 3026 pronuntia·

132 3031 181 3092 tio.
218 3030 300 3106 Quae
321 3043 402 3093 certo
427 3050 462 3093 ea
484 3042 545 3108 est,
567 3050 643 3112 quae
665 3034 715 3108 iis,
740 3034 776 3093 de
797 3032 900 3111 quibus
920 3032 1059 3108 dicimos,
1087 3051 1138 3093 ao·

133 3113 337 3176 commodatur.
369 3116 453 3190 Quod
476 3117 592 3195 quidem
613 3117 735 3176 maxima
753 3134 792 3175 ex
812 3125 895 3194 parte
912 3124 1064 3193 praestant
1078 3118 1137 3195 ipsi

131 3205 224 3258 motus
240 3199 410 3272 animorum,
429 3209 570 3279 sonatque
586 3209 709 3275 vorant
723 3200 839 3265 lenitur:
861 3199 914 3259 sed
930 3217 994 3258 uum
1009 3201 1068 3258 sint
1086 3201 1137 3260 alii

131 3279 192 3340 ueri
209 3279 347 3357 alluatur,
374 3282 422 3343 alii
443 3283 502 3343 doti
519 3293 548 3343 at
563 3285 676 3343 imitati:
705 3284 768 3342 reri
784 3282 953 3343 naturaliter
966 3293 1137 3361 erumpunt,

129 3371 160 3424 ut
183 3361 356 3441 dolentium,
379 3366 579 3442 lrasooutiuuu,
609 3367 828 3444 indignantium,
861 3366 915 3426 sed
939 3373 1041 3426 aaron
1068 3376 1136 3426 arte

87 3445 254 3526 “ideoque
276 3456 340 3509 aunt
360 3447 513 3528 disoipliua
534 3458 563 3511 et
577 3451 688 3512 ratione
705 3450 856 3512 formandi
886 3447 995 3510 Contra
1014 3451 1066 3529 qni
1087 3450 1136 3511 ei·
