2434 3925
348 198 437 249 mss.
450 198 597 248 onnuon.
612 201 729 267 urs.x,
742 199 767 250 1.
782 197 809 248 a.
1016 167 1078 250 167

57 352 140 415 ‘rum
158 354 319 417 insectator
333 354 395 414 luit.
425 353 557 421 Multae
548 372 576 413 m
588 369 625 413 eo
638 354 793 432 claraeque
804 355 975 430 sententiae,
991 356 1079 415 multa

71 439 167 498 etiarn
181 456 292 498 morum
306 440 399 516 gratia
412 439 553 538 legepda;
572 438 649 497 sed
641 456 668 496 m
684 438 848 518 eloquendo
865 448 1000 527 corrupta
1015 439 1078 516 ple·

69 538 172 598 raque
188 531 275 600 atque
288 539 324 582 eo
337 524 590 622 perniciosissima,
607 522 685 599 quod
696 522 837 582 abundant
849 514 980 583 dulcib'us
992 525 1077 581 vitiis.

70 604 183 664 Velies
200 625 264 666 eum
276 623 329 665 suo
344 607 460 684 ingenio
471 606 590 680 dixisse,
607 606 701 666 alieno
714 606 829 666 iudicio.
858 606 968 665 Nam'
944 625 968 665 ιι
984 607 1078 685 aliqua
1088 622 1138 676 130

73 692 317 768 contempsisset,
336 692 360 748 si
376 699 487 768 partem
502 708 559 750 nou
575 691 776 768 concupisset,
802 691 826 749 si
847 708 903 749 non
919 692 1012 749 omnia
1027 706 1078 749 sua

72 783 224 851 amasset,
246 774 271 833 si
293 792 388 833 rerum
411 774 540 873 pondera
561 775 754 833 minutissimis
775 775 924 833 sententiis
946 791 1003 832 non
1022 774 1078 832 ire·

72 857 190 932 gisset:
224 874 367 918 consensu
388 859 484 936 potius
505 858 679 917 eruditorum
699 876 783 945 quam
805 875 958 937 puerorum
982 874 1079 917 amore

73 939 330 1018 comprobaretur
358 939 506 1001 Verum
481 960 524 1000 src
540 958 655 1020 quoque
676 943 731 1001 iarn
744 941 869 1001 robustis
885 944 915 1001 e't
929 958 1079 1001 severiore
1087 954 1135 1008 131

72 1040 192 1099 genere
207 1027 278 1084 satis
295 1026 411 1085 firmatis
424 1025 564 1102 legendus
576 1026 624 1085 vel
636 1025 713 1101 ideo,
730 1026 806 1105 quod
822 1043 963 1086 exercere
981 1034 1080 1103 potest

73 1109 214 1184 utrinque
230 1108 375 1168 iudicium.
402 1108 490 1168 llulta
502 1110 586 1185 enim,
602 1117 633 1168 ut
645 1109 713 1187 dixi,
729 1108 917 1188 probandam
929 1126 975 1184 eo,
992 1109 1079 1168 multa

74 1191 168 1250 etiam
182 1191 344 1252 admiranda
368 1201 450 1269 sunt,
473 1193 584 1270 eligere
604 1193 691 1254 modo
708 1212 794 1253 curae
807 1196 858 1262 sit;
883 1195 959 1271 quod
974 1193 1079 1251 utinam

75 1275 145 1351 ipse
165 1273 296 1336 iecisset.
324 1276 418 1353 Digna
431 1276 1077 1356 enimfuitillanatura,quaemelioravellet,

77 1360 156 1435 quae
171 1361 248 1437 quod
263 1360 355 1421 voluit
371 1361 477 1422 effecit.

450 1555 493 1606 DE
510 1555 709 1606 lMiTATIONE.

165 1659 201 1722 11.
233 1659 280 1722 Ex
295 1661 341 1725 bis
357 1667 523 1745 ceterisque
540 1667 666 1727 lectione
682 1668 774 1744 dignis
791 1666 954 1739 auctoribus
969 1676 998 1726 et
1012 1686 1077 1727 ver-

3 1822 6 1828 ,
77 1751 183 1830 borum
198 1750 333 1812 sumenda
347 1753 432 1829 copia
448 1761 493 1812 est
510 1761 538 1812 et
547 1754 672 1812 varietas
687 1752 840 1828 figurarum
851 1760 880 1809 et
890 1751 1079 1828 componendi

78 1837 171 1911 ratio,
194 1843 253 1894 tum
274 1834 310 1895 ad
332 1835 495 1914 exemplum
514 1837 647 1895 virtutum
667 1836 789 1894 omnium
811 1852 891 1892 mens
916 1833 1075 1909 dirigenda.

79 1919 182 1998 Neque
198 1920 272 1980 enim
286 1919 409 1981 dubitari
425 1930 541 1999 potest,
563 1921 630 1998 quin
645 1920 713 1979 artis
728 1937 795 1998 pars
813 1935 915 1995 magna
931 1920 1075 1978 continea-

80 2013 126 2064 tur
140 2004 357 2063 imitatione.
392 2004 464 2064 Nam
480 2015 510 2064 ut
526 2006 656 2065 invenire
671 2005 790 2082 primum
809 2004 860 2063 luit
875 2011 977 2080 estque
993 2020 1075 2080 prae-

82 2087 214 2165 cipuum:
232 2088 276 2147 sic
292 2106 337 2163 ea,
354 2107 429 2167 quae
450 2088 525 2148 bene
541 2090 656 2148 inventa
671 2097 751 2162 sunt,
768 2087 838 2146 utile
854 2089 947 2164 sequi.
979 2085 1104 2163 Atquen

82 2172 172 2231 omnis
188 2172 266 2231 vitae
289 2174 363 2231 ratio
385 2174 429 2232 sic
449 2181 580 2249 constat,
602 2180 634 2231 ut
655 2190 728 2250 quae
744 2169 897 2250 probamus
913 2171 941 2228 in
955 2168 1018 2229 aliis
1034 2170 1074 2229 la·

83 2273 150 2315 cere
171 2255 227 2334 ipsi
250 2256 381 2315 velimus.
419 2256 469 2316 Sic
490 2257 648 2318 litterarum
672 2253 791 2329 ductus,
812 2263 843 2314 ut
862 2252 1006 2313 scribendi
1027 2253 1076 2312 liat

81 2358 160 2415 usus,
181 2340 263 2417 pueri
277 2349 449 2418 sequuntur;
466 2341 509 2399 sio
524 2341 624 2400 musici
638 2356 741 2399 vocem
755 2339 926 2412 docentium,
947 2340 1075 2416 pictores

83 2439 172 2503 opera
197 2425 337 2501 priomm,
365 2425 466 2485 mstici
487 2424 636 2502 probatam
662 2424 859 2500 experimento
884 2423 1022 2482 culturam
1047 2421 1076 2478 in

84 2507 244 2584 exemplum
259 2507 415 2577 intuentum
432 2510 522 2568 omnis
540 2508 664 2586 denique
682 2505 850 2584 disciplinae
866 2507 943 2566 initia
958 2505 993 2565 ad
1008 2520 1074 2582 pro·

84 2592 204 2669 positum
229 2590 284 2649 sibi
303 2594 513 2672 praescriptum
537 2593 652 2652 lormari
669 2592 807 2652 ridemus.
840 2589 877 2650 Et
891 2589 1010 2649 hercule
1025 2603 1103 2657 nep,

3 2729 4 2738 ,
86 2691 166 2733 cesse
181 2683 225 2733 est
242 2683 289 2734 aut
299 2676 407 2735 similes
423 2686 471 2736 aut
482 2676 635 2736 dissimiles
648 2675 730 2735 bonis
745 2677 842 2735 simus.
872 2672 997 2734 Similem
1008 2686 1074 2729 raro

3 2745 4 2772 ³
85 2765 179 2817 natura
202 2768 347 2835 praestat,
369 2760 537 2837 frequenter
557 2761 686 2819 imitatio.
716 2760 774 2819 Sed
796 2759 852 2818 boo
873 2759 975 2835 ipsum,
998 2753 1075 2831 quod

85 2849 159 2900 tanto
173 2841 333 2901 faciliorem
347 2842 430 2902 nobis
451 2845 590 2903 rationem
613 2846 734 2903 omnium
761 2843 829 2903 lacit
850 2857 932 2917 quam
955 2839 1007 2897 luit
1026 2838 1072 2913 iis,

3 2995 4 3002 ἵ
88 2925 132 3001 qui
146 2923 213 2983 nibil
228 2925 304 3002 quod
320 2936 511 3004 sequerentur
529 2925 705 3002 babuerunt,
729 2929 783 2985 nisi
802 2930 887 2983 caute
906 2931 936 2981 et
953 2938 1016 2981 oum
1031 2921 1072 2979 iu·

3 3011 4 3078 ζ
88 3006 157 3066 dicio
174 3008 406 3086 apprehenditur,
424 3020 520 3070 nocet.

165 3104 239 3165 Ante
256 3108 348 3167 omnia
369 3108 455 3185 igitur
476 3110 592 3168 imitatio
609 3127 664 3187 per
678 3125 710 3167 se
724 3108 786 3205 ipsa
806 3122 864 3164 non
878 3102 1001 3178 suflicit,
1024 3102 1102 3161 vell

90 3187 149 3265 quia
166 3188 240 3265 pigri
255 3200 299 3249 est
322 3192 428 3269 ingenii
451 3200 614 3252 contentum
636 3209 703 3252 esse
725 3191 774 3263 iis,
799 3206 873 3267 quae
887 3190 943 3247 sint
957 3185 992 3246 ab
1009 3186 1072 3245 aliis

89 3273 206 3331 inventa.
238 3271 312 3344 Quid
328 3277 400 3335 enim
416 3277 538 3336 laturum
559 3284 621 3335 erat
637 3273 812 3374 temporibus
828 3272 901 3347 illis,
922 3288 996 3350 quae
1010 3271 1073 3328 sino

90 3356 217 3434 exemplo
232 3355 356 3432 luerunt,
368 3360 532 3419 srhomines
544 3356 843 3436 nihil,msi'quod1am
856 3355 1070 3433 cognovissent,

90 3438 241 3502 laciendum
256 3439 311 3500 sibi
332 3449 379 3502 aut
394 3444 575 3522 cogitandum
593 3438 762 3524 putassent?
792 3439 902 3519 Nempe
916 3438 986 3498 nihii
1002 3437 1071 3497 iuis·
