2434 3925
334 206 423 254 ruso.
438 204 585 256 ominosa.
598 205 666 252 mo.
679 205 725 276 v1,
736 200 763 253 4.
982 189 1043 253 283

60 361 137 421 cilior
152 362 207 420 erit
222 362 251 420 in
267 361 372 420 ceteris
389 360 479 433 fides,
503 358 565 417 sive
582 376 682 432 unum,
698 360 792 418 mitior
807 359 883 419 solet
898 376 992 437 poena
1007 361 1044 418 ir·

57 447 149 521 rogari
170 444 375 504 verecundiae.
411 443 481 502 Nam
513 442 625 520 culpam
647 445 817 520 praesertim
837 443 1044 523 deprehensam

56 530 241 606 pertinaciter
251 529 341 602 tueri,
364 526 448 605 culpa
463 527 554 586 altera
576 534 631 585 est.

134 651 209 711 Dum
235 662 290 711 stat
309 654 407 712 acies:
429 652 507 711 multi
528 671 576 711 res
599 651 712 712 consilii
733 662 818 730 atque
839 654 908 711 artis
932 662 992 729 est,
1013 663 1044 711 ut
1053 666 1085 721 17

55 745 195 795 errantem
218 735 411 795 adversarium
435 735 529 795 trahas
553 746 582 795 et
601 738 644 796 ire
660 754 741 813 quam
760 736 926 811 longissime
944 754 1045 816 cogas,

53 828 81 877 ut
96 838 167 878 vana
184 821 297 878 interim
315 839 367 898 spe
384 820 502 879 exultet.
538 819 607 878 ldeo
626 820 764 897 quaedam
780 819 854 878 bene
870 819 1045 880 dissimulan-

54 911 97 961 tur
111 905 309 973 instrumente.
339 902 447 962 Instant
462 906 535 961 enim
551 913 579 962 et
595 921 684 981 saepe
700 902 853 962 discrimen
868 920 950 961 omne
969 921 1045 963 com·

53 989 179 1062 mittunt,
205 988 282 1064 quod
306 987 410 1046 deesse
426 987 508 1046 nobis
525 978 638 1065 putant,
663 995 692 1045 et
708 986 814 1046 iaciunt
830 985 1045 1064 probationibus

52 1073 157 1130 nostris
173 1072 375 1131 anctoritatem
389 1070 572 1149 postulando.
609 1069 736 1148 Expedit
758 1070 841 1129 etiarn
857 1071 925 1129 dare
941 1071 1047 1148 aliquid
1055 1084 1088 1137 18

54 1153 236 1229 adversario,
266 1155 341 1231 quod
364 1173 416 1232 pro
438 1173 471 1213 se
493 1164 588 1232 putet,
618 1154 694 1231 quod
715 1153 934 1231 apprehendens
957 1159 1046 1215 maius

54 1237 157 1315 aliquid
175 1247 299 1315 cogatur
317 1239 472 1308 dimittere;
498 1238 567 1297 duas
589 1240 701 1297 interim
717 1256 765 1295 res
779 1255 960 1315 proponere,
978 1257 1046 1316 qua·

54 1339 113 1379 rum
134 1322 301 1382 utramlibet
320 1322 394 1380 male
416 1324 452 1381 sit
475 1322 636 1388 electurns;
660 1322 736 1398 quod
758 1323 785 1379 in
806 1320 993 1381 altercatione
1017 1326 1048 1384 lit

54 1408 215 1480 potentius,
236 1424 319 1483 quam
334 1407 362 1464 in
377 1409 505 1481 actione,
528 1408 593 1483 quia
611 1406 639 1464 in
656 1406 705 1464 ille
721 1406 803 1465 nobis
819 1407 874 1483 ipsi
888 1409 1045 1483 responde·

8 1558 9 1561 Ἴ
54 1504 130 1562 mus,
147 1491 176 1548 in
191 1490 248 1549 bac
264 1488 458 1549 adversarium
476 1493 557 1566 quasi
575 1490 739 1547 confessum
754 1499 894 1548 tenemus.
939 1489 992 1550 Est
1008 1494 1088 1565 in519

8 1588 9 1597 ¹
54 1573 149 1648 primis
165 1575 244 1632 acuti
259 1574 369 1648 videre,
388 1591 445 1651 quo
462 1573 547 1632 iudex
560 1573 637 1631 dicto
653 1582 812 1647 moveatur,
828 1575 896 1651 quid
911 1586 1046 1652 respuat;

55 1656 130 1730 quod
153 1667 183 1716 et
203 1658 284 1716 vultu
307 1660 476 1734 saepissime
505 1665 534 1715 et
559 1656 712 1733 aliquando
742 1658 826 1715 etiam
852 1658 928 1716 dicto
949 1659 1046 1737 aliquo

54 1737 167 1799 factove
184 1742 247 1799 eius
266 1740 497 1819 deprehenditur.
539 1738 576 1798 Et
598 1742 705 1798 instare
727 1739 943 1818 proficientibus
965 1752 993 1801 et
1011 1743 1046 1802 ab
1081 1772 1084 1781 =

56 1822 100 1897 iis,
123 1843 198 1901 quae
218 1842 275 1882 non
295 1825 444 1900 adiuvent,
465 1842 548 1903 quam
562 1823 730 1882 mollissime
751 1823 854 1900 pedem
869 1834 985 1901 oportet
1001 1845 1046 1884 rc·

56 1903 139 1966 lerre.
172 1907 295 1968 Faciunt
310 1909 367 1969 boc
388 1909 491 1969 medici
510 1925 636 1987 quoque,
653 1916 683 1966 ut
701 1907 827 1966 remedia
844 1907 965 1984 proinde
981 1926 1046 1986 per·

56 2002 189 2051 sererent
213 1992 350 2053 adhibere
375 1993 423 2052 vel
445 1994 589 2066 desinant,
614 2000 644 2051 ut
660 1991 709 2050 illa
725 1993 815 2069 recipi
830 1991 879 2049 vel
894 1995 991 2069 respui
1006 1995 1046 2050 vi·

57 2070 141 2133 dent.¹
160 2076 390 2155 Nonnunquam,
411 2079 435 2136 si
457 2095 518 2135 rem
540 2075 677 2135 evolvere
694 2076 871 2153 propositam
885 2074 971 2134 facile
991 2084 1090 2136 n0n20

57 2157 105 2231 sit,
121 2160 272 2220 inferenda
290 2170 335 2219 est
351 2161 405 2220 alia
424 2162 571 2238 quaestio,
596 2171 681 2237 atque
697 2161 725 2217 in
742 2178 804 2218 eam
818 2159 921 2235 iudex,
945 2162 1048 2220 silleri

56 2251 160 2319 potest,
179 2245 355 2303 avocandus.
394 2244 467 2319 Quid
484 2246 575 2320 enim,
597 2264 660 2304 cum
675 2243 852 2322 respondere
867 2261 924 2302 non
939 2246 1046 2323 possis,

58 2327 195 2399 agendum
214 2336 273 2404 est,
299 2330 352 2387 nisi
368 2338 397 2388 ut
411 2329 486 2389 aliud
501 2330 647 2402 invenias,
670 2330 715 2387 cui
730 2328 911 2388 adversarius
926 2346 1047 2407 respon·

58 2404 123 2468 dere
142 2430 203 2471 non
223 2409 335 2489 possit?
372 2412 403 2471 ln
426 2414 573 2490 plerisque
597 2413 672 2472 idern
689 2421 748 2487 est,
768 2412 888 2487 uldini,
907 2414 954 2489 qui
972 2415 1089 2473 circail

58 2497 162 2571 testes,
184 2497 269 2556 locus
286 2504 315 2554 et
332 2499 464 2574 personis
481 2497 565 2556 modo
581 2497 684 2570 distat,
709 2496 785 2574 quod
800 2496 846 2555 bie
864 2506 1047 2574 patronorum

58 2573 129 2636 inter
142 2597 175 2638 se
193 2588 339 2639 certamen
356 2580 415 2639 illic
430 2599 525 2658 pugna
541 2583 615 2640 inter
631 2589 735 2655 testem
751 2588 779 2638 et
794 2589 952 2657 patronum.

138 2687 317 2749 Exercitatio
333 2707 405 2749 vero
420 2691 502 2750 huius
520 2692 564 2751 rei
579 2691 667 2767 longe
688 2690 811 2749 facilior.
845 2688 916 2749 Nam
934 2698 979 2749 est
994 2691 1047 2747 uti·

59 2764 204 2849 bissinum,
221 2774 389 2851 frequenter
401 2793 463 2833 cum
478 2776 586 2852 aliquo2
604 2776 651 2852 qui
662 2776 699 2832 sit
714 2774 869 2832 studiorum
881 2772 1048 2847 eorundem,

60 2867 170 2915 sumere
193 2859 340 2917 materiam
362 2857 409 2917 vel
431 2876 520 2917 verae
541 2858 589 2918 vel
616 2859 699 2917 etiam
720 2857 805 2916 lictae
821 2857 1047 2929 controversiae,

48 2942 87 3026 {et
102 2936 231 3000 diversas
249 2951 348 3019 partes
363 2942 558 3002 altercationis
575 2942 661 3001 modo
676 2943 764 3009 tueri;
781 2938 858 3018 quod
873 2938 947 2998 idem
964 2939 1048 2997 etiam

60 3016 87 3075 in
102 3024 222 3101 simplici
237 3034 347 3101 genere
364 3028 561 3104 quaestionum
577 3026 639 3085 lieri
655 3033 760 3103 potest.
790 3023 833 3082 Ne
850 3022 919 3081 illud
936 3022 1048 3101 quidem
1055 3033 1089 3085 22

59 3100 190 3176 ignorare
208 3109 378 3169 advocatum
394 3109 480 3185 volo,
506 3128 563 3188 quo
585 3127 717 3187 quaeque
740 3108 840 3167 ordine
863 3106 995 3184 probatio
1012 3109 1048 3166 sit

60 3188 134 3260 apud
153 3192 275 3253 iudicent
300 3193 489 3270 proferenda3
518 3196 598 3255 cuius
625 3195 667 3251 rel
693 3193 794 3251 eadem
819 3193 848 3249 in
876 3193 1047 3267 argumentis
1128 3268 1130 3271 Α

57 3272 130 3348 ratio
153 3284 212 3353 est,
233 3285 263 3335 ut
282 3279 480 3354 potentissima
499 3280 589 3358 prima
611 3287 640 3337 et
666 3293 772 3334 summa
797 3284 946 3353 ponantur.
994 3274 1047 3334 llla

60 3354 134 3497 {obp
156 3359 191 3418 ad
213 3360 385 3421 credendum
407 3371 580 3442 praeparant
601 3362 741 3437 iudicem,
768 3358 843 3420 baec
866 3358 901 3417 ad
923 3375 1046 3437 pronun·

72 3451 116 3494 ran
135 3459 188 3501 um.
