2434 3925
167 205 229 268 234
279 294 286 309 .
476 218 514 268 rc.
530 219 609 266 sae.
628 217 846 285 oumrmmur

167 385 285 435 oratore
298 374 423 434 aendor:
445 372 593 452 Suscepto
606 375 694 450 helio,
714 371 844 450 Caesar,
855 381 939 453 posto
949 374 1014 435 iam
1028 377 1177 437 euacua

162 468 257 539 porte
267 477 388 536 mopso.
414 457 558 518 Praedixit
569 459 658 517 euim:
674 456 827 530 Quantum
838 467 944 536 potero
954 477 1034 518 oooe
1049 468 1175 520 conteu-

168 545 257 617 dom,
277 549 308 603 ut
325 543 457 621 popuirm
477 542 533 603 hoc
549 541 706 603 Romnum
720 545 879 605 exaudiat.
910 541 1033 602 Paulum
1053 544 1175 609 inferior

166 637 195 687 ct
212 625 321 686 habens
336 626 443 703 aliquid
458 627 513 686 iam
528 626 726 685 iucunditatis:
744 623 826 698 Quid
840 627 918 687 emim
933 635 1004 686 tuus
1017 628 1100 703 iiie,
1123 626 1172 688 Tu·

107 720 157 777 167
165 712 248 786 hero,
262 712 294 770 irs
308 712 377 771 ccie
393 708 577 771 Pharsalico
589 710 715 788 placitos
730 711 863 788 opstat?
892 709 1008 769 Plenius
1028 711 1138 771 adhuc
1151 719 1172 769 si

163 795 268 855 lentius
282 795 409 870 ideoque
424 793 552 853 dulcius:
575 792 614 854 lm
629 801 716 855 coetu
728 811 802 855 earo
813 795 917 872 populi
927 793 1054 855 Roman
1070 798 1171 873 imepo

147 928 151 933 .
164 881 236 940 tiam
249 879 404 956 pubiicum
415 896 536 955 persus.
562 876 751 938 Producenda
766 879 861 937 omnia
874 877 1109 956 trahendaeque
1122 889 1171 938 tun

163 963 285 1022 vocales
312 961 545 1039 aperiendaeque
572 970 637 1021 sunt
661 961 772 1020 lauces.
806 960 941 1020 Pleniore
965 970 1074 1022 tamen
1102 963 1170 1023 haec

164 1047 256 1107 canali
272 1044 375 1106 fluunt:
402 1042 477 1121 Vos,
500 1042 614 1106 Albani
627 1046 734 1105 tumuli
750 1053 846 1123 utque·
861 1046 933 1106 iaci.
973 1043 1038 1104 lam
1067 1048 1170 1106 cantici

163 1131 296 1211 quiddam
313 1129 419 1189 hahent
434 1132 598 1206 sensimque
614 1131 830 1207 resupinantur:
846 1128 936 1190 Suco
952 1136 1051 1205 utque
1068 1133 1169 1192 soiito-

104 1217 250 1280 168dimcs
263 1215 331 1275 coci
346 1216 540 1291 respondent.
570 1212 658 1273 Tales
678 1222 743 1273 sunt
765 1212 834 1273 illae
848 1211 1058 1272 inclinationes
1075 1216 1168 1285 vocis,

161 1316 232 1379 quas
247 1292 370 1357 invicem
386 1297 598 1357 Demosthenes
616 1306 702 1375 atque
718 1297 880 1357 Aeschines
898 1295 1096 1375 exprobrant,
1116 1315 1168 1357 non

160 1384 227 1442 ideo
244 1380 465 1459 improbandam
490 1399 552 1440 cum
570 1383 645 1440 enim
660 1383 783 1460 uterque
805 1381 888 1440 alteri
906 1379 1041 1440 obiiciat:
1070 1383 1167 1459 palam

161 1475 206 1526 est
228 1476 378 1543 utrumque
403 1464 522 1524 iecisse.
557 1464 630 1524 Nam
657 1483 753 1543 neque
779 1464 830 1525 ille
854 1482 909 1543 pcr
932 1463 1122 1527 Marathonis
1143 1475 1167 1525 et

160 1549 340 1609 Plataearum
363 1557 392 1608 et
416 1548 567 1608 Salaminis
590 1557 824 1627 propugnatores
845 1559 927 1608 recto
951 1565 1024 1607 sono
1046 1551 1164 1623 iuravit,

108 1639 215 1694 lisinec
236 1633 287 1692 ille
311 1631 426 1716 Thebas
448 1628 583 1694 sermone
606 1633 733 1693 dellevit.
767 1631 821 1693 Est
841 1632 885 1713 his
908 1632 1022 1692 diversa
1050 1651 1117 1693 vox
1139 1641 1165 1693 et

160 1735 254 1797 paene
271 1727 353 1778 extra
369 1734 523 1794 organum,
547 1717 591 1777 cui
609 1715 712 1776 Gracci
732 1733 836 1775 nomen
857 1715 1055 1776 amaritudinis
1072 1717 1162 1778 dede·

159 1811 235 1876 runt,
253 1802 465 1880 supermodum
480 1819 515 1861 ac
527 1818 620 1879 paene
635 1810 763 1861 naturam
778 1801 860 1859 vocis
877 1801 1016 1860 humanae
1034 1801 1160 1861 acerba:

162 1884 241 1959 Quin
263 1886 453 1963 compescitis
469 1904 572 1947 vocem
591 1885 700 1960 istum,
718 1886 852 1946 iadicem
868 1884 1027 1958 madidae,
1056 1893 1159 1946 testem

159 1972 346 2050 paucitatis?
371 1969 429 2031 Sed
445 1971 484 2045 id,
501 1970 577 2049 quod
593 1969 740 2029 excedere
755 1969 868 2029 modum
882 1969 955 2052 dixi,
970 1968 998 2027 in
1010 1968 1062 2028 illa
1076 1979 1158 2048 parte
1196 2021 1197 2070 1

106 2056 251 2134 ltoprima
273 2066 331 2115 est:
358 2052 438 2128 Quia
453 2055 653 2133 compescitis.
681 2052 839 2131 Epilogus‚
863 2054 886 2111 si
911 2056 1157 2114 enumerationem
1196 2075 1197 2136 t

159 2157 255 2198 rerum
270 2139 367 2213 habet,
384 2138 530 2198 desiderat
545 2137 686 2218 quandam
701 2137 883 2197 concisorum
898 2138 1155 2203 continuationem:
1196 2155 1197 2206 g

161 2224 184 2281 si
202 2222 237 2282 ad
254 2222 440 2283 concitandos
461 2223 572 2282 iudices
596 2230 642 2280 est
655 2221 905 2281 accommodatus:
926 2219 1034 2297 aliquid
1056 2239 1095 2281 ex
1111 2223 1155 2296 iis,

161 2324 235 2384 quac
256 2325 342 2385 supra
364 2307 437 2374 dixi;
466 2308 490 2366 si
503 2305 688 2385 placandos:
712 2305 875 2365 inclinatam
896 2303 1037 2383 quandam
1053 2303 1155 2364 lenita·
1196 2331 1197 2336 ¹

159 2399 231 2457 tem;
259 2393 283 2449 si
299 2391 498 2450 misericordia
519 2389 760 2450 commovendos:
787 2390 893 2449 ilerum
913 2389 996 2448 vocis
1020 2397 1051 2447 et
1072 2388 1155 2449 dehi·
1196 2399 1197 2444 i

160 2474 216 2532 lem
239 2475 423 2549 suavitatem,
450 2492 506 2552 qua
528 2474 685 2553 praecipue
707 2472 875 2549 franguntur
896 2473 995 2547 animi,
1018 2490 1155 2551 quaeque

160 2565 205 2616 est
222 2560 342 2617 maxime
361 2559 507 2618 naturalis.
537 2557 609 2617 Nam
626 2559 710 2617 etiam
728 2556 817 2616 orbos
832 2557 990 2636 viduasque
1005 2556 1111 2615 rideas
1128 2559 1154 2615 in
1196 2535 1197 2594 l

103 2642 229 2719 lilipsis
257 2641 405 2702 funeribus
435 2658 542 2701 canoro
571 2642 694 2718 quodam
721 2641 806 2701 modo
835 2640 1060 2719 proclamantes.
1100 2640 1153 2700 llic

160 2728 245 2787 etiam
260 2727 341 2786 lusca
356 2726 495 2802 illusor,
519 2726 633 2802 qualem
649 2721 754 2785 Cicero
774 2724 864 2784 luisse
886 2726 914 2785 in
929 2722 1055 2783 Antonio
1073 2724 1152 2798 dicit,
1196 2733 1197 2788 ζ

158 2812 229 2869 mire
250 2811 353 2879 lacict;
377 2810 466 2871 hahet
486 2812 560 2870 euim
581 2810 611 2868 in
626 2827 674 2884 se,
701 2808 778 2887 quod
792 2810 940 2867 imitamur.
971 2806 1090 2884 Duplex
1109 2818 1153 2867 est
1196 2803 1197 2840 ³

159 2902 253 2954 tamen
271 2895 436 2969 miseratio,
457 2894 548 2953 altera
569 2912 633 2952 cum
653 2893 772 2969 invidia,
796 2892 888 2971 qualis
907 2890 994 2951 modo
1016 2891 1094 2951 dicta
1117 2892 1152 2951 de
1196 2895 1197 2972 l

159 2976 524 3052 damnacionerhtlsdamtq
552 2978 643 3037 altera
669 2995 732 3036 cum
753 2977 961 3054 deprecatione
986 2975 1151 3035 demissior.
1196 3033 1197 3036 ,

102 3063 152 3119 stu
162 3059 269 3137 Quare,
288 3064 459 3121 etiamsi-est
474 3063 501 3119 in
519 3060 576 3121 illis
592 3078 708 3140 quoque
721 3069 819 3120 cantus
831 3058 997 3119 ohscurior:
1013 3056 1052 3118 Im
1065 3068 1151 3122 coetu

160 3162 233 3206 earo
245 3148 352 3224 populi
366 3146 514 3213 Romanis
528 3162 586 3204 non
601 3144 763 3204 enimhacc
779 3144 897 3204 rixantis
913 3142 1000 3202 modo
1018 3142 1106 3212 dixit;
1124 3152 1150 3203 ει

163 3226 238 3303 Vos,
255 3226 367 3290 Aldomi
381 3230 506 3298 tumulis
528 3246 586 3288 non
601 3230 691 3303 errim‚
709 3231 790 3306 quasi
811 3228 977 3287 inclamaret
996 3234 1045 3285 aut
1061 3236 1148 3287 testa·

158 3321 255 3387 retur,
272 3312 385 3371 locutus
404 3322 462 3372 est:
482 3322 578 3372 tamen
594 3313 701 3371 inimito
716 3313 808 3389 magis
823 3310 873 3372 illa
892 3311 969 3369 llexa
984 3318 1013 3369 ει
1028 3310 1147 3370 circum·

158 3396 242 3456 ducta
258 3405 336 3454 sunt:
352 3394 402 3457 Me
415 3397 568 3468 miserum,
585 3416 632 3456 me
644 3396 804 3473 infelicem,
820 3404 850 3453 ct
866 3393 947 3467 omo
957 3395 1147 3471 respondedo

157 3481 262 3542 liberis
278 3481 375 3541 meis?
393 3488 422 3539 ct
438 3478 595 3541 &socors
611 3487 644 3540 tu
657 3498 704 3542 me
718 3480 750 3540 iu
763 3480 900 3557 patrium
912 3478 1045 3557 potuisti,
1063 3476 1144 3553 dlilo,
