2434 3925
190 147 252 209 272
513 157 872 217 ιιιιιιιιιιιιιιιιιιιι

191 324 306 375 ιοιιιιι
324 314 447 374 iudicem
461 313 512 373 vel
528 315 666 372 nitentem
681 320 782 372 contm
796 311 873 371 feret
889 323 1062 392 cogetque
1082 317 1147 375 ire.
1142 334 1188 392 qr

191 400 294 476 rapiet.
331 397 385 457 llic
412 407 510 458 orator
536 406 565 457 et
586 396 739 456 defunctos
762 395 898 456 excitabit
919 407 951 456 ut
980 397 1136 477 Appium
1151 399 1188 458 fa

191 501 270 557 oum,
294 482 369 561 apud
383 481 458 541 huno
475 491 504 541 et
519 482 612 560 patria
626 482 690 558 ipsa
705 479 878 539 exclamabit
886 481 1188 562 ‚aliquandoqnefi

192 584 329 626 aaronem
351 567 380 626 in
403 568 534 625 oratione
556 573 657 624 contra
674 561 851 622 Catilinam
843 581 872 621 ιι
893 574 1001 625 senatu
1024 567 1188 646 alloqueta

148 650 242 716 cattio
267 659 297 710 et
319 648 586 728 amplificationibus
612 647 736 707 extollet
759 648 935 723 orationem,
965 658 999 708 et
1028 653 1069 709 in
1086 670 1187 730 supera

189 737 297 794 tionem
317 751 433 812 quoque
454 735 592 810 erigetur
632 730 719 804 Quae
738 729 910 810 Charybdis
928 740 997 792 tam
1023 738 1187 796 voraris

192 817 335 880 Oceanus
355 819 474 879 medius
493 818 619 895 {idios
605 835 681 915 apsa.
713 814 789 875 Nota
808 823 873 873 sunt
894 817 1059 877 animiam
1077 819 1182 878 studia

188 901 264 963 haec
290 902 403 961 lumina.
441 900 494 960 llic
521 902 626 961 deos
617 916 699 979 rpsos
724 901 754 958 in
777 917 967 975 congressum
994 919 1114 981 prope
1138 922 1166 961 ιι

190 1003 411 1064 sermonemque
426 985 566 1045 deducet:
588 983 648 1046 Vos
662 984 742 1045 enim
756 980 869 1044 Athana·
883 986 993 1045 tumuli
1009 995 1125 1065 atque
1137 989 1181 1049 lud

189 1090 259 1146 cos,
279 1073 418 1148 inquom,
441 1066 629 1130 Albanorum
646 1069 775 1129 obrutae
791 1087 885 1145 orca,
906 1087 1093 1131 sacrorum
1109 1090 1168 1150 pop

189 1155 320 1216 Romam
342 1156 446 1216 sociae
465 1162 495 1213 et
513 1154 670 1230 aequales.
702 1151 788 1211 llic
780 1170 866 1226 tram,
891 1150 939 1211 hie
960 1154 1165 1215 misericordi

157 1310 161 1327 ¹
191 1339 291 1382 omnes
307 1322 428 1382 affectus
443 1330 582 1380 tractatus
596 1321 654 1380 buo
670 1329 757 1398 atque
775 1319 844 1378 illuc
864 1329 1007 1397 sequetur
1022 1341 1092 1383 nec
1110 1324 1176 1384 doce

149 1405 376 1474 63desiderabit.
408 1403 505 1478 Quare
528 1406 552 1464 si
574 1423 612 1463 ex
629 1403 719 1464 tribus
734 1402 778 1462 his
794 1403 951 1480 generibus
967 1410 1158 1468 necessario
1169 1409 1183 1463 .’

191 1489 354 1565 eligendum
368 1507 468 1548 unum:
487 1490 550 1566 quis
566 1487 677 1549 dubitet
692 1487 749 1547 hoe
764 1488 914 1565 praeferre
930 1490 1077 1550 omnibus
1092 1502 1125 1550 et
1139 1490 1181 1548 val

191 1574 335 1632 dissimum
360 1573 468 1650 alioqui
485 1582 514 1632 et
534 1574 662 1632 maximis
688 1571 850 1650 quibusque
871 1575 965 1631 causis
990 1575 1179 1634 accommoda

148 1671 184 1724 64
191 1654 350 1716 tissimum?
378 1655 450 1716 Nam
466 1666 495 1716 et
509 1657 651 1716 Homerus
668 1655 788 1715 brevem
804 1656 918 1733 quidem
934 1675 1000 1716 oum
1016 1657 1184 1719 iucunditate

191 1750 220 1800 et
236 1743 397 1819 propriam,
421 1741 450 1800 id
466 1743 540 1800 enim
556 1750 675 1800 estnon
690 1741 841 1801 deerrare
855 1741 972 1817 uerbis,
998 1751 1028 1802 et
1050 1752 1183 1803 carenter

189 1826 380 1903 supervacuis
411 1825 607 1902 eloquentiam
630 1823 764 1883 illenelao
791 1823 885 1899 dedit,
913 1842 987 1902 quae
1013 1836 1089 1885 sunt
1114 1828 1187 1885 viru-³

188 1918 234 1969 tes
249 1912 366 1987 generis
382 1908 458 1969 illius
473 1910 570 1987 prImi;
599 1918 629 1968 et
650 1927 688 1968 ex
710 1925 762 1969 ore
776 1907 910 1968 Nestoris
933 1908 1005 1969 dixit
1023 1912 1181 1973 dulciores

189 1995 276 2055 melia
288 1990 444 2071 profluere
458 2012 637 2069 sermonem,
654 2012 709 2071 qna
727 2002 808 2053 certe
825 1993 1022 2053 delectatione
1039 1996 1117 2055 nibil
1132 1995 1187 2068 tingi

188 2079 280 2137 maius
295 2086 408 2155 potest;
427 2077 480 2137 sed
497 2095 634 2136 summam
645 2095 803 2154 aggressus
819 2078 848 2134 in
859 2076 945 2137 Ulixe
958 2077 1128 2138 facundiam
1138 2095 1178 2136 ma·

190 2162 366 2261 gnitndinem
381 2161 423 2220 ilii
439 2163 541 2228 iunxit;
565 2162 610 2220 cni
635 2164 793 2220 orationem
812 2161 932 2221 nisibus
945 2162 1088 2223 biberetis
1102 2173 1132 2222 et
1145 2178 1178 2221 oo

148 2247 237 2324 65pia
254 2245 409 2304 verborum
424 2254 453 2304 et
468 2247 574 2323 impetu
590 2263 689 2323 parem
704 2242 917 2305 tributorem
931 2245 1014 2305 boc
1005 2247 1097 2322 agitur
1109 2263 1178 2308 mmo

190 2331 362 2391 mortalium
379 2331 556 2400 amandam
581 2329 662 2390 buno
679 2337 714 2389 ot
735 2330 825 2389 desim
838 2329 972 2389 bondiner
984 2330 1176 2393 tunetunc

185 2405 270 2470 lianc
293 2413 350 2472 vim
375 2422 404 2472 et
430 2414 639 2473 celeritatem
631 2432 660 2471 ιιι
680 2413 794 2472 Pericle
814 2415 930 2472 miratur
953 2411 1094 2492 Eupolis,
1120 2395 1187 2500 baral

190 2494 354 2560 fulminibus
377 2496 588 2576 Aristophanes
616 2505 780 2575 comparat,
807 2496 881 2555 haec
906 2505 952 2556 ιιι
976 2516 1049 2557 vere
1079 2497 1177 2561 dicenti
1171 2457 1187 2584 'l

190 2579 325 2639 facultas.

148 2681 182 2736 66
273 2665 334 2726 Sed
360 2682 455 2741 neque
480 2665 524 2724 bis
547 2665 638 2724 tribus
660 2667 742 2744 quasi
764 2637 863 2724 formis
891 2665 1001 2724 inclusa
1024 2637 1187 2745 eloquential

191 2757 246 2808 est.
281 2748 354 2809 Nam
369 2757 400 2808 ut
416 2750 491 2809 inter
506 2749 617 2825 gracile
633 2750 816 2827 validumque
831 2750 946 2808 tertium
960 2749 1069 2826 aliquid
1086 2753 1174 2811 consti

190 2841 281 2893 tntum
297 2843 357 2893 est:
381 2835 421 2893 ita
442 2834 543 2894 horum
565 2833 718 2893 intervalla
736 2842 817 2907 sunt,
841 2841 927 2910 atque
949 2834 1023 2892 inter
1037 2832 1135 2895 haec
1127 2851 1173 2913 rpsa

148 2919 308 2988 67mixtum
323 2918 457 2996 quiddam
472 2936 510 2977 ex
525 2917 638 2977 duobus
654 2918 777 2977 medium
793 2926 839 2976 ιιι
853 2933 961 2976 eorum.
991 2915 1063 2976 Nam
1079 2929 1111 2978 et
1123 2918 1171 2977 sub

192 3000 235 3059 tili
262 3001 377 3079 plenius
405 3001 512 3079 aliquid
537 3010 624 3078 atque
649 3001 782 3064 subtilius
807 3010 836 3060 et
858 3000 1171 3062 vehementiremissins

192 3092 279 3161 atque
301 3086 500 3145 vehementius
524 3087 682 3160 invenitur,
706 3094 736 3144 ut
758 3085 828 3145 illud
850 3085 915 3144 leno
937 3094 985 3145 aut
1007 3088 1135 3146 aseendit
1148 3084 1169 3143 ai

191 3166 312 3228 fortiora
335 3179 381 3234 aut
403 3169 437 3229 ad
459 3171 588 3229 tenuiora
607 3171 797 3229 summittitur.
831 3168 876 3228 Ac
897 3170 941 3227 sio
956 3185 1048 3245 prope
1061 3171 1168 3230 innume·

191 3249 300 3311 rabiles
325 3255 441 3331 species
467 3256 667 3332 reperiuntur,
697 3271 771 3331 quae
799 3255 897 3331 utique
923 3252 1020 3330 aliquo
1045 3263 1166 3314 monera

192 3337 267 3395 inter
284 3354 316 3394 se
340 3337 485 3397 differant:
509 3340 584 3397 sicut
606 3347 741 3416 quattuor
763 3347 867 3395 ventos
888 3335 1063 3413 generaliter
1084 3358 1100 3397 a
1121 3340 1165 3397 toti

193 3419 258 3481 dem
278 3420 373 3484 mundi
395 3420 557 3492 cardinibus
580 3423 745 3503 accepimus
761 3420 849 3497 flare,
871 3439 934 3481 com
950 3421 1059 3479 interim
1073 3422 1165 3501 pimini
