2434 3925
351 202 440 251 mss.
454 203 602 253 oannes.
615 205 684 252 ura.
697 206 730 271 rr,
743 204 769 256 1.
809 208 813 220 ·
1010 195 1069 258 163

70 357 169 418 levem
188 360 390 434 consequimur
404 358 546 431 umbram,
562 357 637 418 adeo
651 367 682 417 ut
695 358 762 418 mihi
777 378 872 419 sermo
889 361 953 440 ipse
966 360 1068 424 Roma·

70 459 127 500 nus
143 458 200 499 non
214 443 349 519 recipere
371 442 501 501 videatur
520 441 599 501 illam
620 442 692 513 solis
714 461 883 503 concessam
899 444 1003 504 Atticis
1019 465 1068 505 ve·
1123 511 1127 520 ,

70 542 188 599 nerem,
213 542 277 583 cum
298 543 417 586 eamne
438 525 542 585 Graeci
562 526 676 603 quidem
698 527 725 585 in
746 526 802 586 alio
823 546 932 604 genere
953 528 1068 605 linguae

72 609 257 668 obtinuerint.
287 608 406 686 'l'ogatis
423 608 544 668 excellit
566 608 759 677 Afranium
781 613 886 670 utinam
905 628 962 670 non
978 614 1068 689 inqui·

69 701 170 753 nasset
182 702 348 768 argumenta
359 710 512 770 puerorum
518 693 613 753 foedis
623 694 766 752 amoribus
778 712 873 754 mores
881 712 949 753 suos
962 696 1067 754 fassus.

156 776 195 834 At
210 794 267 835 non
284 777 445 836 historia
467 778 590 836 cesserit
605 775 734 852 Graecis,
751 796 806 838 nec
825 796 975 856 opponere
993 779 1067 839 Thu·
1075 792 1125 844 101

70 859 167 935 cydidi
183 859 398 920 Sallustium
414 877 528 920 verear.
553 859 656 938 Neque
667 861 829 938 indignetur
840 862 893 920 sibl
904 861 1067 924 llerodotus

69 945 190 1022 aequari
205 943 238 1002 Τ.
251 942 329 1002 Livi
339 963 407 1020 um,
432 962 494 1004 cum
510 944 538 1002 in
553 945 693 1005 narrando
709 947 797 1004 mirae
812 947 991 1006 iucunditatis
1009 947 1067 1007 cla·

68 1028 234 1104 rissimique
256 1026 387 1087 candoris
406 1037 464 1087 turn
485 1029 513 1086 in
534 1028 714 1088 contionibus
735 1047 822 1108 supra
844 1046 926 1107 quam
942 1031 1068 1089 enarrari

68 1119 170 1191 potest
186 1111 384 1188 eloquentem;
406 1114 444 1172 ita
468 1129 542 1189 quae
567 1112 698 1171 dicuntur
719 1114 812 1175 omnia
827 1131 890 1172 cunr
908 1113 994 1177 rebus
1010 1123 1069 1172 tum

68 1197 205 1275 personis
226 1196 441 1256 accommodata
461 1205 539 1264 sunt;
565 1196 686 1256 affectus
708 1196 837 1273 quidem,
852 1200 1067 1275 praecipueque

71 1297 126 1340 eos
144 1281 191 1357 qui
206 1288 271 1338 sunt
286 1279 442 1355 dulciores,
458 1288 489 1338 ut
505 1281 674 1357 parcissime
689 1280 797 1354 dicam,
815 1298 898 1339 nemo
914 1281 1067 1340 historico·

28 1378 33 1385 ·
68 1383 133 1424 rum
148 1362 356 1423 commendavit
372 1365 473 1440 magis.
500 1363 630 1442 Ideoque
646 1363 832 1425 immortalem
846 1364 924 1424 illam
939 1364 1125 1427 Sallustiilob

69 1448 255 1508 velocitatem
280 1447 402 1507 diversis
431 1447 582 1506 virtutibus
609 1457 782 1507 consecutus
806 1456 860 1507 est.
902 1448 974 1507 Nam
1001 1448 1068 1508 mibi

70 1534 194 1630 egregie
212 1527 320 1591 dixisse
335 1532 450 1591 videtur
468 1531 652 1592 Servilius
673 1531 880 1608 Nonianus,
897 1551 999 1617 poree
1017 1551 1068 1594 coc
1145 1530 1147 1533 ’

68 1618 168 1714 mcqc'r
182 1631 272 1714 quom
286 1617 419 1682 similer,-
441 1614 490 1693 qui
511 1623 539 1673 et
560 1617 624 1693 ipse
646 1615 760 1675 anobis
778 1614 889 1676 auditus
910 1625 969 1691 est,
991 1598 1067 1676 clari

67 1701 113 1758 vir
125 1700 231 1776 ingenii
247 1708 276 1758 et
293 1700 442 1759 sententiis
459 1698 563 1757 creber
577 1699 629 1758 sed
646 1701 737 1758 minus
748 1717 866 1777 pressus
883 1717 966 1777 quam
978 1698 1067 1758 histo·

67 1785 130 1843 riae
158 1785 314 1842 auctoritas
336 1782 474 1860 postulat.
517 1782 607 1855 Quam
634 1783 748 1861 paulum
772 1791 866 1841 aetate
888 1778 1128 1860 praecedensroa'

68 1887 134 1927 eum
151 1867 287 1926 Bassus
303 1866 474 1926 Aufidius
490 1867 628 1942 egregie,
650 1867 748 1943 utique
768 1867 796 1925 in
813 1864 893 1923 libris
908 1864 979 1925 belli
997 1864 1066 1925 Ger·

66 1952 186 2027 manici,
204 1952 364 2030 praestitit,
387 1968 497 2028 genere
520 1951 583 2029 ipso
605 1949 764 2028 probabilis
780 1951 808 2008 in
824 1949 953 2009 omnibus
972 1949 1067 2009 sedin

67 2035 238 2114 quibusdam
253 2038 312 2094 suis
327 2037 390 2113 ipse
405 2034 513 2093 viribus
531 2036 632 2094 minor
669 2035 810 2112 Superest
827 2032 918 2093 adhuc
935 2043 964 2094 et
982 2051 1067 2093 exor·
1056 2051 1126 2106 -104

66 2129 117 2179 nat
132 2122 235 2179 aetatis
251 2128 369 2179 nostrae
388 2119 513 2196 gloriam
536 2121 580 2178 vir
594 2118 776 2188 saeculorum
795 2120 932 2178 memoria
952 2118 1065 2195 dignus,

68 2222 117 2282 qur
111 2203 204 2262 olim
221 2203 421 2277 nominabitur,
440 2221 515 2262 nunc
529 2202 706 2279 intelligitur
737 2195 830 2261 Habet
845 2210 988 2261 amatores
1011 2221 1066 2262 nec
1088 2215 1105 2252 *

65 2289 250 2363 imitatorem,
268 2296 299 2347 ut
317 2305 362 2346 cur
355 2286 506 2362 libertas,
527 2303 687 2365 quanquam
700 2286 875 2345 circumcisis
890 2303 964 2364 quae
979 2287 1066 2346 dixis·

67 2381 130 2447 set,
152 2373 295 2431 nocuerit.
333 2370 392 2431 Sed
413 2371 518 2430 elatum
539 2370 652 2431 abunde
669 2370 797 2447 spiritum
814 2378 842 2429 et
859 2371 985 2430 audaces
1001 2389 1065 2429 sen-

67 2458 171 2517 tentias
187 2454 388 2533 deprehendas
407 2456 492 2514 etiam
507 2456 535 2513 in
550 2456 601 2531 iis,
625 2471 698 2532 quae
720 2462 843 2512 manent.
882 2455 953 2514 Sunt
971 2454 1066 2513 etalii

68 2541 227 2618 scriptores
244 2538 322 2614 boni,
341 2538 393 2599 sed
409 2556 462 2598 nos
477 2556 586 2616 genera
601 2538 786 2616 degustamus
801 2555 858 2597 non
873 2538 1065 2598 bibliothecas

69 2625 238 2683 excutimus.

153 2704 338 2766 Oratores
363 2721 435 2765 vero
466 2708 516 2766 vel
545 2707 703 2785 praecipue
723 2703 1066 2782 Latinameloquentiam
1075 2719 1125 2772 105

69 2808 167 2869 parem
178 2790 276 2849 lacere
289 2788 419 2850 Graecae
431 2792 552 2868 possint.
578 2789 649 2850 Nam
668 2791 888 2851 Ciceronem
904 2790 1064 2864 cuicunque
1099 2793 1104 2798 “

64 2892 168 2936 ,eorum
183 2873 296 2933 fortiter
311 2876 507 2952 opposuerim.
544 2873 607 2933 Nec
628 2876 756 2952 ignoro,
767 2882 898 2952 quantam
914 2872 980 2929 mihi
996 2888 1064 2940 con·

70 2959 155 3018 citem
172 2974 310 3034 pugnam,
336 2975 400 3017 cum
415 2958 584 3036 praesertim
599 2975 656 3017 non
677 2961 713 3017 sit
726 2959 755 3018 id
772 2957 930 3035 propositi,
954 2963 984 3012 ut
1000 2973 1064 3014 eum
1113 2968 1115 2973 ·

68 3040 255 3102 Demostheni
278 3057 442 3119 comparem
472 3041 529 3101 hoc
554 3050 701 3119 tempore;
729 3059 823 3117 neque
853 3041 926 3097 enim
952 3040 1062 3114 attinet,

71 3143 133 3185 cum
148 3124 373 3183 Demosthenem
390 3126 418 3183 in
429 3126 527 3204 primis
539 3125 691 3201 legendum
705 3123 753 3183 vel
768 3123 952 3183 ediscendum
967 3124 1062 3200 potius

70 3218 176 3287 putem.
224 3206 352 3280 Quorum
377 3226 434 3285 ego
462 3210 582 3267 virtutes
612 3208 767 3285 plerasque
794 3206 918 3267 arbitror
945 3206 1063 3282 similes,
1073 3218 1123 3271 loo

71 3292 235 3366 consilium,
253 3291 398 3366 ordinem,
416 3292 575 3366 dividendi,
592 3291 799 3370 praeparandi,
820 3289 961 3368 probandi
976 3293 1063 3349 ratio·

70 3394 150 3456 nem,
174 3376 266 3434 omnia
290 3373 413 3452 denique
437 3385 597 3455 quaesunt
626 3375 805 3433 inventionis.
844 3373 877 3433 ln
899 3372 1063 3449 eloquendo

71 3470 114 3523 est
129 3460 224 3539 aliqua
240 3458 405 3528 diversitas;
422 3460 539 3521 densior
555 3460 605 3519 ille
621 3460 667 3519 bic
683 3460 841 3538 copiosior,
848 3459 914 3602 ῙιΙῙΙεῩμ
920 3456 1065 3516 concludit
