2434 3925
360 190 449 243 nisu.
463 151 612 242 aaaron
624 192 692 241 mo.
705 193 760 261 111,
772 191 799 245 s.
1014 184 1074 246 115

79 358 145 415 stes
155 354 341 412 accusatur:
356 347 457 422 thesis,
469 343 518 407 Aa
532 345 655 409 Orestes
664 356 747 410 recte
758 350 797 411 sit
807 350 980 419 absolutam
993 353 1074 411 cuius

79 435 200 512 generis
217 441 278 507 est,
298 427 349 492 Aa
367 429 442 491 Cata
458 440 541 493 recta
555 428 708 493 Marciam
722 431 883 496 Hortensia
899 437 1072 497 tradiderit.

80 519 117 579 Hi
134 518 230 578 thesin
244 534 260 576 a
279 533 366 575 causa
381 516 424 573 sic
439 514 631 592 distinguunt,
649 524 680 573 ut
694 516 745 575 illa
762 519 800 576 sit
814 521 993 596 spectativae
1009 537 1073 597 par·

80 605 137 677 tis,
153 601 229 660 haec
244 600 371 667 activae;
388 597 449 657 illic
465 599 538 658 euim
550 600 680 659 veritatis
695 608 802 660 tautum
816 605 909 679 gratia
924 603 1073 681 disputari,

81 685 130 746 hic
145 685 293 761 negotium
308 684 365 758 agi.

38 761 50 780 '
170 767 338 844 Quanquam
361 765 476 824 inutiles
505 767 618 843 quidam
639 771 748 829 oratori
768 777 868 847 putant
894 769 1073 829 universales
1083 784 1117 835 12

82 852 289 931 quaestiones,
317 851 384 927 quia
408 848 478 908 nihil
507 853 615 928 prosit,
645 854 722 930 quod
744 861 873 926 constet,
902 853 1075 914 ducendam

81 955 150 998 csse
176 952 303 996 acorem
323 933 373 991 vel
398 933 677 997 administrandam
697 939 931 1015 rempublicam,
960 938 985 994 si
1011 937 1074 1012 quis

80 1019 130 1080 vel
147 1028 243 1079 aetate
257 1017 306 1076 vel
320 1017 484 1076 valetudine
499 1018 678 1097 impediatur.
710 1021 768 1080 Sed
782 1038 839 1079 non
855 1019 982 1079 omnibus
999 1021 1074 1078 eius·

80 1104 161 1163 modi
176 1100 392 1180 quaestiouibus
410 1103 453 1159 sic
469 1106 582 1162 occurri
599 1112 714 1182 potest,
736 1114 767 1163 ut
787 1105 861 1179 illis,
880 1106 957 1164 sitae
977 1105 1076 1163 cirtae
1128 1159 1130 1165 ,

79 1188 175 1265 fiais?
196 1194 363 1264 repatarac
380 1187 576 1262 procidentia
594 1190 750 1250 mundae?
779 1188 853 1261 Quin
877 1190 961 1247 etiam
976 1188 1004 1245 in
1018 1186 1117 1262 his,13

82 1288 158 1349 quae
179 1269 215 1328 ad
238 1286 392 1349 personam
414 1268 594 1345 referuntur,
621 1280 652 1330 ut
670 1289 727 1331 nou
748 1281 793 1331 est
815 1274 885 1332 satis
908 1271 1075 1348 generalem

81 1363 226 1415 tractasse
254 1353 467 1430 quaestionem,
496 1354 535 1413 ita
561 1358 706 1432 perveniri
732 1356 767 1415 ad
792 1358 921 1433 speciem
946 1356 1000 1414 uisi
1025 1355 1074 1414 illa

81 1440 162 1517 prius
185 1454 309 1496 excussa
330 1453 388 1494 non
410 1446 517 1513 potest.
562 1437 634 1498 Nam
657 1440 818 1517 quomodo,
846 1438 894 1500 Aa
914 1440 974 1501 sibl
994 1457 1076 1499 acor

82 1524 229 1585 ducenda
243 1522 298 1595 alt,
314 1519 485 1580 deliberabit
503 1518 591 1596 Cato,
609 1525 663 1582 nisi
681 1525 857 1599 constiterit,
877 1542 990 1585 aaaron
1009 1542 1075 1583 csse

82 1606 268 1667 ducendas?
310 1602 348 1663 Et
373 1604 535 1682 quomodo,
562 1607 615 1666 Aa
640 1608 755 1670 ducere
782 1609 889 1669 debeat
909 1605 1074 1704 Marciam,

82 1699 256 1768 quaeretur,
275 1685 453 1749 nis10atom'
472 1691 617 1750 ducenda
634 1709 716 1752 acor
736 1693 801 1752 eet?
830 1692 902 1764 Sunt
924 1692 1117 1766 tamenin-14

81 1774 185 1851 scripti
207 1775 322 1831 nominc
337 1770 533 1849 Hermagorae
556 1772 637 1848 libri,
661 1777 709 1852 qui
728 1759 894 1834 confirmant
912 1760 990 1833 illam
1012 1776 1074 1851 opi·

79 1859 213 1932 uionem,
242 1858 304 1915 sive
330 1855 420 1914 falsus
445 1865 491 1916 est
512 1856 611 1915 titulus
634 1860 697 1916 sive
720 1859 793 1918 alius
815 1857 862 1917 hic
880 1857 1074 1933 Hermagoras
1135 1903 1138 1907 .

79 1941 145 2000 luit.
183 1939 256 2001 Nam
274 1940 402 2000 eiusdem
417 1957 484 1999 esse
501 1940 647 2018 quomodo
663 1949 800 2021 possunt,
825 1943 873 2018 qui
890 1939 999 2000 dehac
1013 1949 1075 1999 arte

79 2025 252 2084 mirabiliter
271 2024 359 2084 multa
384 2026 562 2102 composuit,
585 2043 666 2101 cum,
686 2027 760 2085 sicut
780 2043 818 2084 ex
838 2022 988 2084 Ciceronis
1005 2041 1074 2101 quo·

80 2128 140 2188 que
156 2109 303 2168 rhetorico
320 2110 413 2184 primo
430 2108 611 2168 manifestum
626 2118 687 2186 est,
707 2111 854 2170 materiam
869 2108 1031 2168 rhetorices
1047 2109 1076 2166 in

77 2194 174 2253 thesis
201 2203 230 2251 et
251 2209 353 2252 causas
379 2188 530 2252 diviserit?
572 2192 658 2266 Quod
682 2193 867 2272 reprehendit
889 2191 1012 2268 Cicero,
1040 2209 1076 2251 ac

78 2278 177 2338 thesin
200 2276 269 2336 nihil
290 2275 325 2334 ad
347 2284 491 2336 oratorem
513 2278 661 2354 pertinere
686 2278 832 2338 contendit
854 2286 1001 2369 totumque
1018 2276 1075 2335 hoc

80 2378 176 2439 genus
195 2360 372 2438 quaestionis
388 2359 424 2418 ad
444 2360 635 2438 philosophos
656 2361 756 2421 refert.
799 2362 857 2421 Sed
878 2379 924 2421 me
943 2350 1075 2421 hberamt
1083 2366 1117 2419 15

79 2444 278 2544 respondendi
298 2444 513 2527 verecundia,
514 2452 543 2503 et
559 2446 665 2521 quod
656 2463 721 2523 ipse
739 2446 794 2505 hos
809 2445 901 2505 libros
922 2443 1074 2522 improbat,

81 2539 110 2589 et
127 2528 235 2605 quod
226 2546 256 2587 ιιι
279 2536 396 2586 oratore
418 2537 504 2605 atque
525 2527 587 2602 his,
612 2545 685 2606 quos
701 2530 738 2589 de
759 2538 876 2590 oratore
892 2530 1024 2606 scripsit,
1044 2537 1076 2587 et

82 2612 201 2690 Topicis
222 2612 383 2690 praecipit,
402 2621 432 2671 ut
454 2613 612 2689 apropriis
628 2615 768 2690 personis
790 2622 875 2691 atque
898 2611 1075 2689 temporibus

81 2713 239 2756 avocemus
262 2697 502 2755 controversiam:
526 2697 599 2772 qaia
617 2698 711 2758 latias
728 2699 834 2759 dicere
853 2698 946 2758 liceat
967 2696 1005 2757 aa
1021 2716 1075 2773 qe-

80 2798 157 2841 aere
173 2797 265 2857 qaam
279 2779 319 2841 de
333 2781 452 2857 specle,
474 2787 521 2855 et,
544 2782 627 2857 qaod
642 2781 675 2842 ia
690 2783 831 2843 aaiacrao
842 2780 1006 2859 probatam
1024 2781 1074 2855 cit,

80 2865 111 2925 in
134 2870 227 2941 parte
244 2863 407 2942 probatam
430 2881 498 2924 coac
516 2881 643 2925 accerse
660 2867 708 2929 cit.
743 2866 838 2925 Status
862 2872 956 2923 autem
975 2865 1004 2920 in
1018 2863 1075 2922 hoc
1085 2868 1119 2922 16

81 2964 168 3006 omne
184 2965 276 3024 genus
291 2948 429 3007 materiae
444 2947 547 3022 iidem,
568 2948 616 3025 qui
633 2949 662 3006 in
677 2966 796 3023 causas,
823 2948 935 3007 cadunt.
972 2945 1076 3005 Adhuc

80 3032 230 3105 adiicitur,
253 3031 324 3090 alias
343 3048 410 3089 esse
426 3033 613 3108 quaestiones
627 3034 655 3090 in
677 3031 764 3092 rebus
785 3033 872 3108 ipsis,
890 3030 977 3105 alias,
1001 3048 1075 3107 quae

81 3116 118 3174 ad
135 3115 241 3192 aliquid
257 3114 434 3174 referantur:
457 3115 544 3190 illud,
565 3113 614 3175 Aa
634 3133 715 3177 amor
736 3115 903 3176 ducenda?
931 3112 1004 3188 hoc,
1026 3111 1076 3173 Aa

78 3200 149 3260 semi
177 3200 342 3261 ducenda?
371 3197 461 3275 illud,
491 3197 540 3259 Aa
563 3199 676 3279 fortis?
707 3200 780 3273 hoo,
810 3195 859 3259 Aa
884 3198 1015 3276 fartim?
1046 3206 1075 3256 et

78 3283 193 3343 similia.

168 3364 320 3427 Causam
342 3366 402 3427 huit
422 3365 640 3445 Apollodorus,
670 3374 701 3424 ut
720 3366 957 3444 interpretatione
979 3362 1074 3438 Valgii
1083 3367 1116 3422 17

79 3450 392 3529 discipulieiusutar,
415 3452 469 3510 ita:
493 3449 598 3512 Causa
620 3457 665 3512 ast
684 3453 836 3529 mantiam
856 3451 994 3589 cappidus
1010 3446 1075 3506 suis
