2434 3925
142 191 205 253 230
450 206 489 252 u.
503 204 582 251 nan.
599 204 817 264 oumruumu

142 368 199 419 tam
222 360 260 418 sit
280 358 397 419 stultum
417 376 500 437 quam
523 360 552 418 in
574 359 762 461 clarissimum
781 360 874 421 solem
897 360 1019 422 mortale
1041 363 1150 424 lumen

142 444 260 503 inferre.

117 539 134 592 9
228 525 279 586 His
300 525 413 603 quidam
432 524 620 604 probationes
641 504 791 601 adiiciunt,
814 544 886 604 quas
900 520 1074 605 παθητικὰς
1089 547 1147 589 vo·

143 619 223 685 aaut,
248 610 347 669 ductas
368 628 418 668 ex
428 609 651 670 affectibus.
695 609 792 688 Atque
814 610 992 671 Aristoteles
1019 614 1146 690 quidem

143 695 370 774 potentissimum
389 702 470 771 putat
487 711 524 752 ex
544 711 597 767 eo,
619 695 667 771 ιιιι1
691 694 776 770 dicit,
806 696 836 753 si
856 698 905 754 sit
924 698 982 755 vir
1003 695 1144 765 bonus3

144 780 221 857 quod
237 787 268 836 ut
283 778 418 855 optimum
436 785 496 836 est:
519 778 557 836 ita
581 776 669 854 longe
686 778 799 854 quidem
815 778 869 838 sed
884 781 1015 857 sequitur
1029 788 1144 856 tamen,

103 863 277 928 lovideri.
313 859 383 920 Inde
399 879 473 920 emm
488 860 538 920 ula
553 860 658 920 nobilis
673 862 774 921 Scauri
795 862 942 921 defensio:
966 861 1003 936 Q.
1024 862 1146 924 Varius

142 947 345 1008 Sucronensis
365 947 410 1005 ait
423 941 582 1006 Aemilium
599 943 754 1006 Scaurum
773 965 838 1006 rem
857 948 1012 1024 publicam
1029 950 1146 1027 populi

142 1031 272 1092 Romani
291 1029 485 1107 prodidissm·
506 1025 652 1089 Acusilius
673 1027 814 1089 Scaurus
832 1039 933 1107 nepot.
973 1029 1025 1089 Cui
1041 1032 1143 1091 simile

143 1114 276 1194 quiddam
296 1113 404 1172 iecisse
425 1111 584 1209 Iphicrates
601 1113 720 1210 dicitnr,
744 1115 792 1190 qui
808 1132 872 1172 cum
885 1113 1140 1212 Aristophontem,

144 1215 201 1277 quo
220 1205 374 1256 accusante
387 1194 486 1254 similis
503 1197 627 1254 criminis
644 1214 712 1255 reus
727 1206 798 1271 erat,
814 1198 1042 1275 interrogasset,
1060 1216 1096 1257 an
1114 1201 1141 1257 is

143 1290 265 1358 accepta
286 1280 407 1357 pecunia
427 1298 489 1338 rem
519 1277 662 1376 publicam
686 1280 851 1357 proditurus
878 1290 973 1349 esset;
1002 1283 1087 1359 isque
1110 1283 1142 1342 id

103 1378 133 1430 ll
142 1373 295 1448 negasset
318 1362 406 1437 Quod
422 1365 512 1439 dicis,
528 1363 635 1439 inquit,
651 1371 679 1424 te
695 1382 754 1424 non
766 1365 888 1442 seciam,
905 1384 959 1443 epo
971 1366 1061 1443 feci?
1092 1365 1140 1424 ln·

133 1441 279 1509 tuendum
295 1456 389 1506 autem
405 1455 450 1521 et,
469 1464 517 1525 qur
531 1447 567 1504 srt
573 1446 679 1523 ,apud
697 1464 781 1524 quem
797 1448 932 1521 dicimus,
954 1457 984 1507 et
997 1448 1024 1506 rd
1032 1449 1140 1527 ,quod

144 1533 185 1592 illi
200 1532 320 1590 maxime
336 1530 487 1609 probabile
503 1530 649 1605 videatur,
672 1531 888 1608 requirendum
911 1549 967 1609 qua
987 1532 1070 1591 dere
1093 1532 1138 1591 lo·

106 1627 136 1679 12
145 1617 202 1676 cun
224 1633 320 1674 sumus
340 1624 369 1674 et
389 1616 528 1692 prooemii
552 1623 582 1673 et
605 1615 753 1674 suasoriae
772 1618 948 1693 praeceptis.
977 1614 1080 1675 Altera
1098 1634 1139 1675 ex

145 1700 404 1760 affirmatione
429 1697 561 1776 probatio
580 1707 641 1757 est:
663 1695 728 1775 Epo
743 1699 893 1776 daefeci;
922 1697 966 1758 Tu
986 1701 1059 1759 mibi
1078 1701 1138 1760 doc

145 1785 268 1852 diuisam
289 1792 318 1842 et
342 1780 505 1860 Ofaainus
525 1783 701 1860 indignum!
722 1791 751 1840 et
772 1782 888 1849 similia;
911 1800 985 1860 quae
1006 1800 1063 1841 non
1085 1783 1136 1842 de·

142 1867 213 1928 beut
228 1868 348 1945 quidem
357 1866 462 1925 deesse
479 1867 600 1925 orationi
622 1875 669 1939 et,
694 1884 718 1923 sr
712 1866 853 1940 ',desunt
876 1866 991 1925 multum
1014 1875 1135 1932 nocent:

144 1970 200 2012 non
216 1961 309 2037 tamen
324 1949 453 2012 habenda
469 1960 533 2009 sunt
554 1951 628 2010 inter
642 1968 744 2027 magna
758 1950 920 2029 praesidia,
941 1969 1004 2009 cum
1026 1949 1115 2010 boc'
1107 1968 1136 2009 in

102 2038 243 2101 laeadem
264 2025 350 2095 causa
371 2035 433 2094 deri
455 2053 492 2093 ex
515 2043 636 2112 utraque
665 2043 745 2111 parte
772 2034 903 2094 similiter
923 2036 1026 2112 possit
1061 2033 1135 2093 Illae

145 2122 286 2180 firmiores
303 2138 340 2178 en
357 2137 407 2178 sua
429 2120 531 2195 cuique
548 2134 674 2195 persona
692 2116 897 2195 probationes,
919 2135 1025 2199 quac
1012 2115 1136 2176 credibi÷

143 2204 201 2264 lem
218 2205 358 2262 rationem
373 2201 531 2264 subiectam
546 2201 683 2261 habeant:
705 2210 736 2259 nt
757 2200 922 2260 vulneratus
945 2210 993 2261 aut
1008 2190 1067 2260 lilio
1087 2218 1134 2259 or·

144 2287 226 2347 batus
242 2304 299 2345 non
313 2286 400 2344 luerit
416 2285 501 2343 alium
515 2294 700 2344 accusaturus
719 2302 802 2362 quam
817 2293 985 2384 nocentem,
1009 2285 1132 2361 quando,

144 2373 168 2430 si
184 2372 331 2447 negotium
348 2370 492 2426 innocenti
510 2369 589 2442 iacit,
606 2368 710 2427 liberet
726 2387 790 2427 eum
806 2386 892 2443 noxa,
910 2370 958 2445 qui
977 2368 1131 2427 admiserit.

143 2454 216 2515 Hinc
238 2463 267 2513 et
290 2462 387 2531 patres
410 2451 549 2511 adversus
570 2451 678 2510 liberos
703 2462 732 2511 et
753 2453 893 2512 adversus
917 2469 986 2510 suos
1012 2453 1132 2529 quisque

144 2539 328 2598 necessarios
344 2537 543 2595 auctoritatem
558 2544 667 2613 petunt.

106 2635 136 2688 ιι
231 2621 397 2695 Quaesitum
418 2621 519 2693 etiam,
542 2620 739 2697 potentissima
759 2628 924 2695 argumenta
939 2620 1068 2696 primone
1081 2634 1133 2695 po·

145 2706 238 2766 nenda
255 2708 311 2764 sint
327 2703 405 2777 loco,
422 2712 451 2762 ut
470 2712 613 2781 occupent
629 2704 753 2778 animos,
772 2722 807 2762 an
823 2720 951 2775 summo,
967 2711 997 2760 ut
1011 2701 1076 2760 inde
1091 2701 1132 2760 di·

143 2792 268 2864 mittant,
291 2807 326 2848 an
344 2788 447 2866 partita
469 2789 559 2865 primo
574 2805 759 2864 summoque,
781 2786 858 2884 quod
872 2785 1024 2846 Homerica
1038 2785 1133 2861 dispo·

144 2877 247 2934 sitione
268 2876 296 2933 in
318 2873 413 2932 medio
436 2872 491 2930 sint
512 2872 636 2951 infirma,
664 2880 695 2929 ut
720 2871 818 2928 animis
848 2866 999 2929 crescant?
1042 2867 1131 2944 Quae,

144 2968 230 3037 prout
245 2959 318 3017 ratio
333 2973 441 3017 causae
456 2956 595 3032 cuiusque
618 2953 793 3033 postulabit,
821 2953 1041 3026 ordinabuntur,
1065 2968 1131 3028 uno,

144 3050 175 3101 ut
192 3059 249 3119 ego
268 3049 394 3116 censeo,
408 3047 551 3116 excepto,
566 3057 603 3098 ne
621 3038 859 3150 opulentissimis
874 3037 909 3096 ad
925 3036 1070 3096 levissima
1083 3034 1130 3094 de·

146 3134 260 3186 crescat
275 3125 377 3184 oratio

104 3223 136 3275 15
227 3208 292 3285 Ego
314 3208 387 3268 haec
411 3206 540 3267 breviter
561 3205 776 3266 demonstrasse
803 3210 954 3262 contentus
976 3202 1015 3260 ita
1040 3202 1130 3279 posui,
1190 3255 1193 3261 .

145 3302 174 3353 ut
196 3293 308 3354 locos
300 3308 380 3369 ipsos
404 3301 433 3350 et
453 3308 562 3368 genera
591 3307 674 3367 quam
700 3304 817 3366 possem
837 3287 1017 3363 apertissime
1039 3293 1130 3343 osten·

145 3379 253 3438 darem.
286 3374 406 3449 Quidam
422 3376 537 3434 executi
555 3382 620 3432 sunt
637 3372 799 3445 verbosius,
817 3369 919 3450 quibus
933 3369 1051 3447 placuit,
1068 3384 1129 3446 pro-

145 3465 240 3542 posita
257 3460 387 3521 locorum
409 3458 595 3519 communium
612 3455 740 3533 materia,
761 3471 818 3535 quo
834 3470 968 3534 quaeque
983 3471 1032 3513 res
1049 3451 1130 3513 modo
