2434 3925
342 257 755 340 msu.oaarou.a1a.l,s.
894 319 901 326 ,
1004 260 1044 324 23

38 431 217 505 'emendata
235 438 268 489 ει
283 427 420 504 dilucida,
436 437 468 488 ει
482 436 581 489 ornata
599 428 637 488 sit
654 429 736 506 (quia
752 429 850 489 dicere
866 438 949 507 apte,
968 428 1046 508 quod

48 526 95 579 cst
108 516 314 596 praecipuum,
338 513 470 592 plerique
490 514 602 572 ornatui
623 512 806 592 subiiciunt);
827 514 945 574 totidem
965 516 1044 590 vitia,

48 620 126 681 quae
153 608 222 659 sunt
247 616 334 676 supra
358 598 442 658 dictis
467 598 624 679 contraria:
658 599 844 658 emendate
869 598 1045 675 loquendi

47 685 198 763 regulam,
219 699 293 760 quae
311 682 511 758 grammatices
530 683 610 759 prior
627 699 695 759 pars
713 690 774 757 est,
792 683 943 741 examinet.
966 682 1071 742 llaect

49 771 180 847 exigitur
198 766 295 825 uerbis
317 774 365 829 aut
385 766 506 842 singulis
529 774 577 825 aut
596 764 736 843 pluribus.
779 763 881 826 Verbo
898 783 973 825 nuuc
994 783 1046 843 ge·

47 853 193 915 neraliter
214 852 307 927 accipi
332 849 419 925 volo,
445 867 509 909 nam
535 849 644 927 duplex
671 866 770 908 eorum
792 848 959 909 intellectus
986 860 1045 917 est;

47 939 141 1012 alter,
162 937 210 1013 qui
228 935 320 993 omnia
336 951 390 1011 per
405 951 479 1011 quae
494 949 589 994 sermo
608 934 732 993 nectitur
746 933 905 1011 significat,
923 942 955 992 ει
971 933 1046 1013 apud

44 1021 211 1083 Horatium:
232 1018 390 1094 verboque
405 1019 560 1097 prouisam
581 1037 647 1079 rem
666 1037 727 1078 nort
746 1018 843 1079 incita
862 1027 1050 1095 sequentum,

47 1106 142 1179 alter,
165 1104 193 1163 in
215 1119 272 1181 quo
295 1111 341 1161 est
362 1119 416 1161 una
438 1120 506 1180 pars
528 1102 681 1174 orationis,
703 1103 785 1179 tego,
804 1102 914 1163 scribo.
956 1101 1048 1174 Quam

46 1192 176 1250 vitantes
194 1186 405 1263 ambiguitatem
424 1186 537 1264 quidam
555 1186 653 1245 dicere
667 1186 827 1246 maluerunt
840 1204 946 1261 occec,
964 1186 1046 1247 locu·

48 1277 168 1347 umes,
191 1273 349 1333 dictiones.
394 1270 513 1347 Singula
533 1279 598 1330 sunt
618 1278 667 1329 aut
691 1279 790 1330 nostra
805 1279 861 1330 aut
881 1263 1073 1347 peregrinat

48 1365 100 1419 aut
121 1355 263 1433 simplicia
283 1359 332 1413 aut
353 1355 528 1433 composita,
549 1363 598 1414 aut
618 1357 736 1432 propria
757 1363 805 1414 aut
824 1354 977 1429 translata,
999 1362 1048 1413 aut

48 1444 159 1502 usitata
176 1448 224 1498 aut
245 1439 320 1502 licta.
982 1465 984 1468 ·

136 1522 192 1583 Uni
210 1521 301 1581 verbo
317 1522 414 1582 vitium
429 1522 545 1600 saepius
561 1538 644 1598 quam
659 1523 749 1581 virtus
765 1522 850 1581 inest.
879 1521 960 1580 Licet
973 1522 1048 1580 enim

49 1609 181 1669 dicamus
197 1606 305 1684 aliquid
321 1608 483 1684 proprium,
505 1608 686 1684 speciosum,
708 1604 844 1665 sublime:
863 1605 933 1664 nihil
954 1614 1048 1665 tamen

49 1693 157 1756 borum
177 1692 232 1750 uisi
258 1692 287 1749 in
309 1690 463 1768 complexu
487 1689 624 1768 loquendi
650 1692 785 1767 serieque
806 1691 959 1766 contingit3
987 1690 1046 1749 lau·

50 1777 154 1837 damus
170 1776 244 1835 enim
260 1773 350 1834 verba
365 1773 453 1833 rebus
468 1773 543 1833 bene
558 1775 782 1834 accommodata.
814 1773 883 1833 Sola
898 1782 953 1848 est,
974 1778 1074 1851 quaed

49 1859 148 1921 notari
169 1860 263 1937 possit
282 1858 363 1919 velut
383 1860 550 1934 occulitur,
578 1875 653 1935 quae
673 1848 805 1934 εὖφωνία
825 1858 940 1924 dicitur;
967 1858 1047 1916 cuius

49 1946 80 2007 in
103 1961 141 2004 eo
164 1943 297 2004 delectus
318 1950 377 2020 est,
401 1951 432 2002 ut
448 1943 524 2002 inter
542 1941 614 2018 duo,
640 1959 713 2020 quae
735 1941 811 2001 idem
830 1940 993 2018 significant
1013 1957 1049 2000 ac

49 2028 219 2091 tantundem
236 2027 348 2102 valent,
371 2027 448 2104 quod
469 2026 570 2086 melius
589 2035 688 2102 sonet,
710 2025 802 2085 malis.

138 2112 232 2173 Prima
258 2111 474 2171 barbarismi
504 2128 538 2170 ac
567 2110 778 2170 soloecismi
809 2109 933 2169 foeditas
963 2107 1074 2169 absit-5

48 2197 112 2260 Sed
143 2198 210 2275 quia
235 2198 347 2255 interim
374 2205 549 2256 excusantur
572 2194 645 2254 haec
666 2195 735 2253 vitia
763 2203 811 2254 aut
841 2192 1048 2253 consuetudine

49 2291 101 2342 εει
114 2281 289 2340 auctoritate
306 2288 353 2339 aut
367 2287 511 2339 vetustate
527 2287 574 2338 aut
591 2278 714 2356 deniqne
731 2279 878 2338 vicinitate
898 2278 1047 2346 virtutum;

51 2383 117 2425 nam
138 2382 228 2442 saepe
250 2382 267 2424 a
287 2364 386 2439 liguris
407 2381 441 2423 ea
465 2380 603 2441 separare
623 2362 742 2422 difficile
763 2371 824 2422 est:
853 2380 890 2421 ue
914 2379 969 2439 qna
992 2370 1049 2421 tam

52 2449 167 2510 lubrica
183 2447 348 2507 observatio
364 2445 462 2521 labat,
486 2449 591 2506 acriter
610 2465 643 2505 se
662 2449 691 2506 in
705 2446 775 2506 illud
791 2455 877 2505 tenue
897 2445 1050 2504 discrimen

51 2533 257 2611 grammaticus
271 2530 408 2606 intendat,
426 2532 461 2590 de
476 2548 533 2608 qno
548 2548 601 2589 nos
616 2531 701 2590 latius
716 2530 754 2589 ibi
770 2530 935 2608 loquemur,
950 2529 998 2588 ubi
1013 2529 1050 2588 de

54 2617 155 2694 liguris
173 2616 311 2675 orationis
329 2616 504 2674 tractandum
519 2615 582 2674 erit.
615 2613 731 2674 Interim
748 2615 861 2689 vitium,
886 2613 963 2690 quod
978 2613 1009 2671 lit
1022 2614 1075 2674 ind

53 2700 179 2777 siugulis
197 2699 312 2774 verbis,
341 2701 378 2757 sit
398 2698 654 2759 barbarismus.
700 2696 841 2757 Occurrat
863 2697 930 2765 mibi
951 2697 1051 2756 forsan

54 2785 171 2862 aliquis,
185 2785 260 2860 quid
269 2785 319 2844 bic
329 2785 499 2861 promissor
509 2784 578 2844 tanti
590 2783 688 2860 operis
700 2782 846 2860 dippum?
860 2790 907 2840 aut
920 2783 982 2858 quis
994 2781 1052 2841 boc

53 2870 164 2942 nescit,
188 2867 260 2927 alios
275 2866 468 2927 barbarismos
487 2866 641 2926 scribendo
659 2866 722 2925 lieri
741 2866 815 2924 alios
831 2864 991 2941 loquendo;
1010 2894 1053 2912 -κ

55 2954 140 3031 quia,
173 2952 251 3029 quod
273 2951 347 3011 male
376 2950 526 3025 scribitur,
553 2950 628 3010 male
654 2952 740 3009 etiam
762 2949 819 3009 dici
844 2966 967 3007 necesse
990 2957 1050 3013 est;

52 3054 131 3115 quae
148 3037 254 3095 vitiose
272 3036 395 3110 dixeris,
416 3052 474 3094 non
492 3036 591 3113 utique
610 3036 764 3111 etscripto
781 3039 961 3111 peccant-
980 3031 1051 3091 illud

54 3121 135 3199 prius
156 3119 337 3194 adiectione,
358 3119 554 3193 detractione,
574 3119 785 3192 immutatione,
804 3118 1050 3190 transmutatione,

54 3204 114 3264 boc
126 3204 284 3263 secundum
299 3204 449 3277 divisione,
467 3203 680 3281 complexione,
697 3201 883 3280 aspiratione,
897 3216 970 3259 sono
983 3216 1050 3258 con-

54 3284 162 3347 tineri?
201 3287 259 3347 Sed
281 3296 312 3346 ut
329 3305 418 3365 parva
441 3289 497 3347 sint
514 3290 602 3348 haec:
625 3287 708 3364 pueri
729 3286 870 3344 docentur
891 3283 998 3358 adbuc,
1023 3290 1076 3345 eti

55 3373 259 3448 grammaticos
287 3371 375 3431 oflicii
402 3373 446 3430 sui
473 3387 696 3432 commonemus.
741 3368 787 3428 Ex
813 3368 915 3445 quibos
937 3369 962 3426 si
986 3367 1051 3443 quis

56 3458 113 3516 erit
131 3455 218 3534 plane
237 3455 382 3533 impolitus
402 3464 431 3515 et
451 3456 624 3516 vestibulum
645 3453 731 3512 modo
751 3453 820 3510 artis
840 3451 922 3510 huius
940 3453 1051 3527 ingres·

57 3557 128 3600 sus:-
144 3541 218 3600 iutra
241 3540 330 3616 haec,
353 3557 427 3618 quae
447 3541 640 3621 profitentium
668 3533 910 3597 commentariolis
934 3532 1052 3610 vulgata
