2434 3925
678 12 682 43 l

183 252 244 316 236
511 264 873 326 u.rue.oumn1n1un1

184 437 258 499 quae
274 421 423 481 transferri
438 438 496 481 non
510 428 660 499 poterant,
681 438 780 481 manus
795 422 904 480 iactare
920 429 949 481 et
964 420 1074 482 dulces
1095 423 1191 483 excla-

182 507 322 565 mationes
336 505 440 565 theatri
455 523 543 565 causa
557 505 721 584 producere
738 514 767 563 et
781 505 969 581 ingrediendo
981 515 1115 566 ventum
1130 526 1189 568 con

183 592 283 667 cipere
307 598 391 649 veste
418 596 448 648 et
472 605 672 667 nonnunquam
698 588 801 649 dextro
830 588 924 650 latere
944 589 1049 650 facere
1072 600 1186 668 gestus,

183 673 260 749 qnod
275 675 416 733 neminem
433 672 519 733 alium
533 674 587 732 nisi
601 672 779 732 Demetrium
795 672 906 741 decuit;
925 691 1051 751 namque
1069 677 1108 734 in
1125 675 1185 735 hacc

124 759 275 823 lsoomnia
296 767 405 817 statura
426 766 456 817 et
475 758 545 817 mira
569 758 671 835 specie
693 755 895 825 adiuvabatur;
921 758 1001 818 illum
1024 776 1147 821 cursus
1166 766 1184 817 et

182 841 297 918 agilitas
318 851 348 900 et
367 841 416 900 vel
433 859 533 921 parum
551 841 726 900 conveniens
743 857 888 918 personae
906 842 996 917 risus,
1022 859 1127 919 quem
1141 860 1184 902 nou

180 925 300 1002 ignarus
315 927 434 985 rationis
449 924 559 1003 populo
577 923 680 1000 dabat,
704 933 733 984 et
756 932 903 985 contracta
918 927 1003 984 etiam
1019 927 1183 986 cervicula

182 1009 328 1088 Quidquid
340 1008 441 1069 horum
453 1009 528 1068 alter
540 1007 673 1084 lecisset,
689 1008 886 1068 foedissimum
897 1009 1056 1069 videretur.
1093 1010 1183 1084 Quare

181 1095 258 1152 norit
273 1111 306 1152 se
322 1095 461 1175 quisque,
481 1110 537 1152 nec
552 1101 659 1151 tantum
675 1110 712 1151 cx
730 1092 926 1152 communibus
940 1095 1126 1172 praeceptis
1144 1095 1183 1154 sod

183 1178 267 1237 ctiam
293 1196 331 1236 ex
356 1186 455 1259 naturp
481 1194 533 1236 sua
559 1178 654 1254 capiat
679 1176 831 1236 consilinm
855 1175 1021 1236 formandae
1045 1180 1182 1238 actionis

123 1271 172 1328 161
181 1260 284 1339 Neque
304 1259 375 1321 illud
396 1272 490 1320 tamen
506 1268 551 1320 est
567 1260 665 1335 nefas,
690 1269 721 1319 ut
736 1259 860 1338 aliquem
877 1261 926 1319 vel
942 1262 1037 1320 omnia
1051 1261 1113 1323 vel
1131 1263 1182 1341 plu

180 1347 250 1404 m'ma
266 1345 397 1405 deceant.
425 1344 514 1405 llnius
529 1361 646 1423 quoque
662 1343 720 1405 loci
734 1343 864 1404 clausula
877 1346 913 1404 sit
924 1344 1037 1418 eadem,
1053 1363 1182 1406 necesse

181 1438 237 1504 est,
254 1447 328 1507 quac
344 1438 508 1488 ceterorum
524 1437 578 1505 est,
593 1446 718 1505 regnare
733 1429 855 1487 manime
870 1430 992 1489 modum.
1019 1427 1096 1489 Non
1115 1433 1181 1490 enin

182 1513 352 1572 comoedum
372 1531 441 1572 esse
458 1512 511 1572 sed
532 1521 677 1573 oratorem
696 1512 775 1571 volo.
814 1510 911 1585 Quare
931 1530 1027 1591 neque
1050 1514 1084 1573 in
1101 1525 1181 1592 gesta

180 1614 391 1675 persequemur
406 1615 506 1658 omnes
521 1598 647 1674 argutias
662 1615 717 1656 nec
731 1598 760 1656 in
773 1594 919 1675 loquendo
934 1597 1179 1671 distinctionibus,

122 1682 370 1760 lgotemporihns,
387 1680 588 1743 allectionibus
602 1681 727 1741 moleste
742 1689 863 1741 utemur.
895 1679 934 1741 Ut
948 1681 973 1740 si
990 1682 1077 1741 sitin
1094 1700 1178 1744 scena

180 1766 346 1826 dicendum:

245 1848 327 1924 Quid
340 1851 435 1930 ipitur
445 1850 584 1930 focium?
607 1868 669 1911 aon
682 1867 766 1922 eum,
782 1862 820 1910 ne
833 1867 918 1910 nunc
932 1850 1067 1928 quidem,

245 1931 319 1996 Cum
334 1952 479 1996 arcessor
498 1935 598 1997 ultro?
623 1951 666 1995 un
684 1935 787 2012 potius
806 1935 851 1995 itu
865 1952 913 1996 me
928 1951 1121 2013 comparem,

242 2018 310 2080 Non
323 2022 442 2098 perpeti
457 2020 649 2082 meretricum
664 2018 881 2080 contumelias?

264 2103 317 2163 Hic
330 2107 403 2163 enim
419 2102 600 2164 dubitationis
616 2119 723 2179 moras,
739 2104 820 2162 vocis
835 2101 938 2178 flexus,
953 2104 1048 2164 varias
1062 2122 1171 2178 manus,
1203 2115 1204 2166 l

181 2188 314 2248 diversos
337 2197 420 2247 nutus
441 2197 523 2247 actor
542 2185 698 2248 adhibebit.
731 2186 819 2246 Aliud
837 2188 929 2245 oratio
951 2188 1027 2265 sapit
1042 2206 1102 2248 nec
1116 2189 1170 2248 vult
1203 2183 1204 2262 l

181 2274 294 2331 nimium
312 2291 379 2331 esse
397 2271 520 2331 condita.
551 2271 674 2330 Actione
691 2272 766 2330 enim
788 2278 899 2330 constat
925 2288 982 2330 non
1004 2272 1169 2333 imitatione.
1203 2271 1204 2330 4

123 2354 278 2427 1830uare
299 2374 356 2415 non
376 2358 517 2416 immerito
534 2355 755 2434 reprehenditur
773 2356 965 2433 pronuntiatio
989 2365 1018 2415 et
1039 2357 1170 2416 vultuosa
1203 2365 1204 2442 p

181 2447 210 2496 et
225 2440 492 2515 gesticulationibus
515 2440 638 2499 molesta
656 2447 685 2498 et
703 2440 785 2498 vocis
800 2440 1002 2499 mutationibus
1017 2440 1168 2500 resultans.
1203 2449 1204 2494 t

180 2521 243 2582 Nec
259 2524 395 2584 inutiliter
415 2543 452 2586 ex
469 2524 588 2584 Graecis
610 2533 728 2583 veteres
750 2523 969 2599 transtulerunt,
992 2523 1070 2601 quod
1086 2524 1123 2584 ab
1138 2526 1166 2584 iis

181 2617 322 2685 sumptum
337 2607 447 2668 Laenas
462 2608 589 2687 Popilius
605 2609 718 2686 posuit,
741 2625 808 2666 esse
826 2606 899 2666 hanc
913 2609 1065 2668 inotiosam
1082 2612 1167 2669 actio

123 2693 255 2751 lssdnem.
285 2691 398 2770 Optime
419 2694 505 2769 igitur
525 2693 618 2767 idem,
643 2693 691 2770 qui
712 2691 820 2767 omnia,
845 2688 950 2752 Cicero
968 2703 1166 2772 praeceperat

180 2794 255 2853 quae
271 2795 357 2856 supra
376 2796 414 2836 ex
429 2786 546 2837 oratore
563 2777 664 2854 posui;
692 2775 793 2853 quibus
811 2776 913 2835 similia
930 2778 957 2835 in
975 2774 1065 2835 Bruto
1081 2777 1119 2837 de
1133 2776 1166 2837 ll.

179 2859 305 2921 Antonio
324 2861 400 2920 dicit.
434 2861 493 2921 Sed
515 2861 570 2922 iam
592 2868 712 2937 recepta
728 2868 773 2918 est
792 2860 867 2918 actio
889 2860 976 2938 paulo
991 2862 1129 2936 agitatior
1143 2869 1167 2919 et

179 2945 304 3021 exigitur
326 2955 355 3004 et
378 2945 545 3024 quibusdam
564 2944 693 3023 partibus
716 2944 865 3022 convenit,
892 2946 930 3003 ita
950 2953 1044 3003 tamen
1063 2954 1165 3025 tempe
1203 2995 1204 3022 p

178 3028 281 3104 nanda,
300 3048 351 3103 ne,
368 3031 433 3090 dum
451 3031 557 3091 actoris
578 3037 725 3106 captamus
743 3027 931 3105 elegantiam,
947 3027 1102 3107 perdamus
1119 3029 1164 3090 riri
1203 3079 1204 3130 p

178 3108 247 3172 boni
261 3121 290 3172 et
304 3116 400 3191 gravis
416 3115 624 3185 auctoritatem.
1203 3137 1204 3158 u
