2434 3925
167 233 208 298 ba
480 250 516 296 ιι.
528 248 605 294 rna.
619 246 838 307 cumbrorum

166 405 294 484 inprimis
310 406 356 463 vir
375 403 481 462 bonus:
503 402 602 462 utilem
625 410 705 462 certe
727 419 794 461 esse
812 420 874 462 eam
894 404 1087 465 confitendum
1103 416 1160 467 est.

125 488 203 553 tritt
228 488 347 549 hercule
372 487 443 548 deus
468 486 536 561 ille,
563 504 668 564 parens
694 503 789 545 rerum
815 486 1028 566 fabricatorque
1049 490 1160 567 muudi,

166 573 246 633 nullo
261 573 351 648 magis
366 572 507 631 hominem
522 572 668 649 separavit
681 587 697 630 a
717 572 839 645 ceteris,
863 588 937 648 quae
953 573 1067 652 quidem
1081 590 1160 634 mor·

125 658 232 721 lstalia
247 665 360 731 essent,
384 654 567 729 animalibus,
591 672 674 731 quam
697 653 809 715 dicendi
823 654 970 715 facultate.
1004 656 1076 717 Nam
1093 675 1160 717 cor·

166 737 238 820 pora
252 739 365 819 quidem
379 738 587 815 magnitudine,
603 738 727 811 viribus,
743 737 889 813 firmitate,
906 743 1058 818 patientia,
1074 742 1160 802 velo·

167 827 252 885 citate
279 826 488 902 praestantiora
515 823 543 880 iu
568 821 626 881 illis
655 823 739 880 mutis
764 822 909 890 videmus;
941 825 1041 885 eadem
1065 827 1160 885 miuus

166 927 256 985 cgere
271 909 429 986 acquisitae
452 907 632 965 extrinsecus
653 906 727 983 opis.
763 904 835 965 Nam
855 916 884 966 et
901 909 1012 985 ingredi
1028 910 1112 969 citius
1130 919 1161 970 et

166 995 246 1071 pasci
262 1001 291 1052 ct
309 1001 422 1052 tranare
437 1007 526 1068 aquas
542 991 614 1050 citra
629 989 781 1049 docentem
795 1000 894 1051 natura
909 994 972 1069 ipsa
987 996 1090 1053 sciunt.
1120 993 1160 1054 El

124 1077 303 1155 llpleroque
324 1084 424 1135 contra
446 1075 537 1149 frigus
559 1091 596 1133 ex
616 1090 670 1132 suo
688 1090 814 1151 corpore
830 1077 1005 1153 vestiuntur,
1029 1085 1059 1136 et
1079 1095 1159 1138 arma

164 1163 199 1219 iis
222 1162 347 1236 ingenita
369 1157 508 1237 quaedam
530 1166 617 1217 etex
640 1155 726 1217 obvio
752 1158 815 1217 fere
840 1160 951 1236 victus,
982 1162 1059 1221 circa
1081 1179 1159 1240 quae

165 1246 257 1303 omnia
281 1244 385 1302 multus
405 1241 564 1302 bominibus
591 1241 675 1300 labor
697 1250 751 1300 est.
793 1241 944 1303 Rationem
963 1246 1051 1321 igitur
1071 1246 1159 1305 nobis

165 1329 349 1405 praecipuam
364 1326 441 1386 dedit
459 1327 582 1404 eiusque
600 1341 654 1384 nos
669 1327 768 1385 socios
783 1344 850 1385 esse
867 1345 929 1387 cum
945 1327 998 1388 diis
1012 1330 1158 1396 immortae

121 1425 155 1477 15
165 1412 239 1472 libus
260 1410 361 1470 voluit.
397 1410 455 1469 Sed
476 1411 538 1487 ipsa
563 1411 636 1469 ratio
662 1427 757 1488 neque
776 1420 833 1470 tam
855 1427 908 1470 nos
927 1412 1038 1472 iuvaret
1058 1431 1158 1493 neque

110 1499 114 1507 ’
165 1505 221 1554 tam
250 1503 329 1555 esset
353 1492 493 1553 innubis
518 1494 686 1567 manifesta,
717 1495 789 1569 uisi,
816 1512 890 1572 quae
920 1498 1157 1575 concepissemus

163 1588 275 1654 mente,
299 1594 431 1657 promere
452 1579 535 1637 etiam
554 1577 699 1655 loquendo
716 1595 882 1655 possemus;
907 1580 983 1657 quod
997 1582 1088 1657 magis
1105 1580 1156 1640 de·

165 1681 231 1722 esse
258 1664 364 1722 ceteris
392 1660 557 1722 animalibus
584 1678 668 1739 quam
692 1662 870 1722 intellectum
897 1673 926 1722 et
950 1666 1157 1741 cogitationem

122 1748 304 1825 loquendam
318 1746 456 1807 videmus.
487 1742 558 1805 Nam
572 1754 602 1805 et
616 1744 731 1805 mollire
747 1746 851 1807 cubilia
867 1756 896 1806 et
911 1748 993 1807 nidos
1008 1758 1111 1808 texere
1127 1759 1156 1808 et

165 1831 289 1892 educare
311 1831 387 1890 fetus
408 1839 436 1889 et
457 1830 615 1889 excludere
637 1831 703 1907 quin
724 1832 808 1890 etiam
830 1848 975 1909 reponere
991 1834 1019 1890 in
1032 1832 1155 1892 hiemem

163 1915 314 1993 alimenta,
339 1932 428 1993 opera
444 1913 584 1992 quaedam
603 1912 687 1974 nobis
702 1913 876 1975 inimitabilia
898 1915 1008 1994 (qualia
1026 1926 1092 1977 sunt
1107 1934 1154 1977 ce·

163 2018 256 2061 rarum
273 2019 308 2060 ac
329 2000 439 2078 mellis)
466 1998 602 2074 efficere,
626 1999 788 2058 nonnullius
808 2000 934 2059 fortasse
953 2003 1072 2060 rationis
1094 2011 1154 2068 est:

163 2085 215 2145 sed
233 2088 299 2163 quia
320 2092 418 2151 carent
433 2100 582 2158 sermone,
606 2099 680 2160 quae
698 2081 727 2142 id
748 2084 871 2159 faciunt,
892 2093 968 2143 muta
983 2094 1069 2162 atque
1085 2087 1154 2144 irra-

123 2183 154 2240 17
162 2170 278 2228 tionalia
294 2176 441 2227 vocantur.
475 2165 607 2244 Denique
622 2166 768 2241 homines,
787 2167 888 2245 quibus
904 2177 1007 2244 negata
1023 2185 1083 2228 vox
1098 2177 1153 2243 est,

164 2252 329 2329 quantulum
349 2251 462 2310 adiurat
485 2253 593 2309 animus
614 2251 664 2311 ille
684 2249 845 2311 coelestis?
884 2251 980 2325 Quare
999 2254 1024 2312 si
1044 2252 1115 2314 nihil
1137 2269 1154 2312 a

162 2336 216 2394 diis
237 2338 367 2396 oratione
387 2333 490 2394 melius
511 2336 691 2412 accepimus,
721 2336 787 2413 quid
810 2345 866 2395 tam
888 2336 1001 2412 dignum
1021 2336 1099 2396 cultu
1120 2355 1154 2396 ac

163 2419 263 2479 labore
285 2419 435 2492 ducamus,
463 2420 559 2477 autin
583 2435 640 2496 quo
662 2419 789 2478 malimus
812 2429 961 2498 praestare
981 2420 1152 2496 bominibus,

121 2519 246 2580 lssquam
262 2508 319 2582 quo
334 2505 389 2581 ipsi
406 2502 534 2562 homines
551 2505 656 2562 ceteris
672 2503 838 2564 animalibus
854 2512 1015 2581 praestant;
1039 2520 1075 2563 eo
1092 2507 1154 2582 qui·

108 2647 118 2652 ,
162 2589 226 2647 dem
240 2589 346 2664 magis,
371 2585 448 2664 quod
464 2586 542 2646 uulla
557 2588 585 2646 iu
600 2596 662 2646 arte
678 2588 791 2665 plenius
807 2586 891 2647 labor
903 2589 1024 2664 gratiam
1041 2584 1154 2648 refert?

161 2671 192 2731 ld
208 2671 281 2732 adeo
296 2672 475 2731 manifestum
490 2672 560 2746 crit,
576 2673 601 2730 si
618 2673 850 2748 cogitaverimus,
867 2673 941 2731 unde
957 2680 986 2731 et
1002 2688 1154 2749 quousque

160 2758 214 2816 iam
234 2764 373 2834 provecta
396 2755 433 2814 sit
457 2754 556 2815 orandi
578 2755 716 2823 facultas;
746 2765 776 2815 et
801 2755 893 2815 adbuc
920 2757 1020 2832 augeri
1043 2764 1152 2834 potest.

117 2840 232 2908 19Nam
253 2849 284 2900 ut
305 2842 447 2921 omittam,
471 2838 629 2899 defendere
651 2841 775 2899 amicos.
798 2856 905 2916 regere
925 2839 1054 2899 consiliis
1070 2858 1152 2899 sena·

160 2933 233 2999 tum,
258 2923 411 3003 populum,
439 2924 596 2982 exercitum
617 2925 647 2982 in
671 2941 746 3001 quae
767 2923 839 2983 velit
861 2924 984 2997 ducere,
1013 2926 1154 3000 quamsit

159 3009 229 3068 utile
244 3009 453 3085 conveniatque
468 3005 544 3066 bono
558 3009 637 3067 viro:
653 3025 747 3067 nonne
763 3007 912 3084 pulchrum
926 3009 975 3070 uel
990 3007 1047 3072 boc
1060 3010 1152 3085 ipsum

160 3100 222 3166 est,
238 3110 276 3151 ex
291 3093 431 3152 communi
446 3090 594 3151 intellectu
606 3090 774 3169 verbisque,
791 3092 894 3168 quibus
911 3099 1026 3150 utuntur
1041 3108 1151 3165 omues,

159 3185 266 3235 tautum
284 3177 399 3253 assequi
421 3175 513 3234 laudis
531 3184 561 3233 et
575 3175 707 3251 gloriae,
728 3185 830 3235 utnon
846 3176 925 3253 loqui
941 3185 970 3235 et
985 3192 1070 3235 orare
1089 3176 1150 3249 sed,

160 3260 237 3338 quod
252 3259 356 3319 Pericli
373 3259 511 3335 contigit,
528 3258 678 3335 fulgurare
693 3276 728 3319 ac
740 3269 842 3319 tonare
856 3256 1002 3337 videaris?

573 3410 625 3460 AN
650 3411 740 3462 Atta.

202 3602 205 3607 ,
240 3507 331 3571 xvii.
362 3507 440 3570 Finis
455 3510 596 3591 nouerit,
614 3510 638 3568 si
654 3510 794 3586 expatiari
809 3510 837 3568 in
851 3471 937 3587 parte
948 3507 1001 3568 hac
1017 3517 1047 3568 et
1062 3509 1149 3570 indul-
