2434 3925
355 274 444 323 msr.
458 274 607 325 cunnos.
619 275 688 323 um.
702 276 729 341 1,
742 274 767 324 5.
1012 262 1052 323 27

11 451 26 476 ι»
54 450 147 507 vero,
166 450 240 511 quae
262 441 327 492 suut
348 429 480 507 syllabae
498 433 595 505 unius,
621 440 704 490 erunt
726 440 811 491 acuta
832 439 879 491 aut
900 431 992 505 llere,
1015 449 1052 490 ne

53 519 95 577 sit
112 517 209 594 aliqua
227 535 286 577 vox
305 519 367 576 sine
386 523 478 575 acuta.
514 513 552 573 Et
568 514 618 574 illa
637 533 690 592 per
708 532 797 592 sonos
817 516 957 589 accidunt,
978 526 1096 592 quaeat

11 611 13 696 l
53 601 248 661 demonstrari
264 603 374 678 scripto
389 616 447 658 nou
444 607 598 697 possunt,
618 600 686 658 vitia
701 601 759 659 oris
775 609 804 659 et
818 599 983 698 linguae?
971 622 1052 658 ιωτα-

53 703 181 762 caupone
192 693 222 743 et
234 674 480 763 λαμβδακισμους,
496 676 663 759 ἰσχνότητας
675 692 704 742 et
717 675 927 758 πλατειασμους
940 682 1052 742 felicio

53 787 105 828 res
119 768 262 867 lingendis
275 766 433 827 nominibus
442 766 546 826 Graeci
557 775 672 841 vocant,
686 768 760 826 sicut
769 769 980 866 uotlosropiuv,
992 786 1053 826 curn

54 870 117 912 vox
132 854 215 930 quasi
229 854 258 911 in
272 871 393 912 recessu
407 853 466 909 oris
482 850 602 909 auditur.
633 852 704 910 Sunt
719 853 803 911 etiam
818 853 927 928 proprii
942 851 1096 928 quidam33

54 946 86 996 et
101 936 311 997 inenarrabiles
325 937 404 1011 soni,
420 934 524 1012 quibus
536 952 735 1012 nonuunquam
749 937 881 995 nationes
894 934 1054 1012 depreben-

54 1021 160 1081 dimus.
191 1019 319 1080 Remotis
336 1017 587 1117 igituromnibus,
609 1018 766 1097 dequibus
783 1020 958 1096 supradixi,
979 1020 1054 1077 vitiis

55 1106 113 1164 erit
126 1104 190 1179 illa,
208 1122 281 1182 quae
295 1114 416 1164 vocatur
429 1093 521 1181 ἆρθοέ
520 1123 596 1178 netu,
613 1102 641 1161 id
658 1113 704 1163 est
719 1104 867 1163 emendata
884 1120 947 1162 cum
961 1103 1054 1161 suavi·

54 1196 119 1247 tate
135 1206 241 1248 vocum
257 1188 435 1266 explanatio:
456 1205 521 1245 nam
535 1188 578 1247 sic
595 1188 689 1265 accipi
704 1196 803 1265 potest
817 1195 907 1246 recta.

57 1278 61 1285 '
145 1269 252 1331 Cetera
270 1275 338 1333 vitia
360 1273 452 1331 omnia
477 1288 513 1329 er
538 1270 668 1348 pluribus
689 1271 811 1331 vocibus
835 1280 915 1345 sunt,
936 1277 1099 1349 quommbl

57 1364 105 1416 est
122 1355 204 1415 solo
215 1359 388 1430 ecismus,
408 1372 567 1432 quanquam
586 1357 663 1415 circa
680 1354 738 1415 hoc
753 1373 870 1433 quoque
885 1356 1057 1433 disputatum

58 1449 116 1500 est.
153 1438 225 1499 Nam
247 1441 331 1499 etiam
352 1441 400 1517 qui
420 1438 574 1515 complexu
593 1441 731 1499 orationis
750 1441 885 1500 accidere
906 1458 969 1498 eum
988 1456 1055 1498 cou-

57 1525 192 1599 litentur,
212 1527 277 1601 quia
295 1533 389 1582 tamen
408 1524 490 1582 unius
508 1523 706 1582 emendatione
725 1524 806 1583 verbi
827 1524 933 1599 corrigi
951 1525 1054 1601 possit,

57 1611 87 1667 in
104 1606 197 1666 verbo
214 1626 280 1666 esse
299 1609 397 1666 vitium
415 1623 472 1665 nou
486 1608 514 1666 iu
531 1624 664 1666 sermone
685 1608 872 1682 contendunt:
897 1624 970 1681 cum,
993 1609 1054 1665 sive
1064 1617 1097 1668 35

58 1702 192 1753 umorue
213 1693 336 1753 corticis
357 1708 409 1749 seu
426 1692 526 1751 medio
546 1694 660 1753 cortice
681 1709 735 1769 per
754 1710 846 1768 genus
867 1691 936 1751 lacit
958 1690 1055 1767 soloe·

58 1778 180 1834 cismum
193 1776 329 1853 (quorum
342 1783 473 1833 neutrum
488 1773 601 1851 quidem
615 1775 809 1853 reprehendo,
824 1793 887 1834 cum
901 1777 938 1833 sit
952 1777 1055 1834 utrius-

58 1876 116 1936 que
139 1858 287 1936 Vergilius
313 1868 427 1925 auctor:
456 1857 508 1916 sed
535 1857 673 1934 fingamus
701 1858 865 1918 utrumlibet
891 1874 948 1916 non
974 1866 1055 1917 recte

58 1943 182 2023 dictum)
205 1944 322 2004 mutatio
344 1944 425 2004 vocis
444 1941 579 2016 alterius,
602 1943 630 2001 iu
652 1960 707 2022 qua
729 1943 826 2002 vitium
846 1951 925 2017 erat,
948 1951 1056 2001 rectum

57 2027 199 2106 loquendi
220 2030 360 2087 rationem
381 2029 417 2087 sit
439 2027 598 2099 redditura,
618 2036 650 2085 ut
669 2029 771 2088 amori
794 2028 918 2088 corticis
937 2026 985 2086 liat
1007 2025 1056 2084 vel

56 2114 164 2173 ιιιειίἑα
184 2114 308 2174 cortice.
353 2108 437 2185 Quod
458 2110 627 2170 manifestae
650 2111 808 2171 calumniae
832 2119 891 2178 est;
924 2118 1055 2169 neutrum

58 2197 137 2255 enim
159 2198 293 2256 vitiosum
313 2205 359 2255 est
384 2204 562 2273 separatum,
589 2196 641 2254 sed
667 2196 878 2274 compositione
905 2202 1054 2272 peccatur,

58 2297 136 2356 quae
155 2281 210 2339 iarn
229 2281 369 2341 sermonis
389 2287 443 2338 est.
473 2277 546 2338 Illud
562 2279 699 2341 eruditius
719 2281 882 2357 quaeritur,
903 2292 939 2338 au
954 2280 982 2338 iu
999 2279 1098 2345 sin-36

59 2362 139 2462 gulis
165 2380 281 2443 quoque
302 2362 398 2422 verbis
423 2364 516 2440 possit
538 2363 600 2422 lieri
628 2363 836 2437 soloecismus,
862 2365 903 2421 uti
924 2364 948 2421 si
972 2379 1056 2419 unum

60 2448 126 2524 quis
151 2447 187 2506 ud
209 2465 254 2506 se.
262 2465 371 2506 vocans
398 2446 474 2506 dicat
495 2449 612 2532 uenite,
635 2456 683 2506 aut
704 2450 729 2507 si
751 2447 850 2525 plures
871 2464 887 2506 a
912 2464 946 2505 se
965 2447 1056 2506 dimit-

59 2539 125 2588 tens
144 2533 183 2589 ita
200 2531 334 2611 loquatur
350 2531 403 2592 obi
418 2539 466 2589 aut
483 2522 619 2592 discede.
652 2530 715 2591 Nec
734 2549 791 2590 non
806 2548 869 2591 cum
886 2546 1058 2608 responsum

60 2614 95 2674 ab
125 2616 323 2692 interrogante
350 2614 500 2688 dissentit,
528 2623 559 2673 ut
583 2615 607 2673 si
632 2615 737 2674 dicenti
762 2613 857 2688 Quem
877 2615 990 2677 uideo?
1018 2613 1058 2670 ita

62 2715 201 2758 occurras
221 2697 297 2777 Epo.
329 2696 361 2757 ln
382 2707 468 2774 gestu
489 2700 573 2757 etiam
595 2699 723 2758 nonnulli
744 2708 843 2777 putant
862 2699 938 2758 idem
958 2699 1057 2757 vitium

59 2784 176 2857 inesse,
201 2801 264 2841 cum
286 2782 362 2841 aliud
383 2799 457 2841 voce
475 2781 552 2841 aliud
573 2791 641 2842 nutu
664 2783 713 2842 vel
735 2801 817 2843 mauu
836 2782 1054 2841 demonstratur.

60 2864 134 2924 lluie
155 2868 285 2943 opinioni
307 2883 401 2942 neque
426 2868 539 2925 omuino
559 2866 668 2926 accedo
691 2884 785 2944 neque
804 2866 890 2945 plane
907 2865 1056 2925 dissentio
1065 2883 1100 2939 37

59 2948 133 3008 Nam
147 2949 176 3008 id
193 2950 289 3009 fateor
304 2949 439 3009 accidere
456 2967 531 3009 voce
551 2967 605 3009 una
624 2967 681 3017 non
701 2960 795 3010 tamen
810 2950 909 3034 aliter,
932 2967 1015 3029 quam
1033 2950 1058 3007 si

59 3034 98 3092 sit
117 3033 241 3110 aliquid,
263 3034 340 3111 quod
357 3033 414 3091 vim
436 3032 554 3093 alterius
576 3035 658 3093 vocis
681 3034 823 3107 obtineat,
846 3028 886 3093 ad
904 3033 982 3111 quod
999 3050 1059 3091 vox

59 3116 113 3175 illa
131 3117 290 3191 releuatus,
310 3125 341 3176 ut
358 3116 549 3176 soloecismus
568 3136 604 3176 ex
622 3118 775 3195 complexu
793 3119 842 3177 liat
860 3134 976 3191 eorum,
998 3117 1057 3194 qui-

60 3198 116 3258 bus
130 3219 179 3259 res
195 3201 390 3277 significantur
406 3208 435 3258 et
447 3201 580 3261 voluntas
596 3202 764 3260 ostenditur.
794 3201 890 3279 Atque
902 3210 932 3260 ut
947 3216 1101 3270 omuem3g
1137 3209 1139 3214 ’

61 3283 197 3360 effugiam
213 3284 440 3359 cavillationem,
462 3286 498 3343 sit
517 3284 669 3362 aliquando
688 3287 787 3344 inuno
803 3284 895 3344 verbo
916 3300 1058 3361 nunquam

60 3368 90 3426 iu
114 3368 181 3428 solo
207 3367 309 3428 verbo.
354 3367 410 3428 Per
433 3377 504 3445 quot
525 3378 619 3427 autem
644 3376 673 3426 et
696 3387 766 3446 quas
793 3369 906 3428 accidat
929 3369 1056 3446 species,

61 3454 210 3510 nonsatis
233 3453 377 3511 convenit.
418 3451 473 3525 oui
494 3451 679 3530 plenissime,
703 3453 937 3530 quadripertitam
957 3450 1058 3509 volunt

64 3551 131 3595 esse
146 3537 289 3596 radonem
306 3553 362 3596 neo
381 3535 464 3596 alium
480 3552 563 3614 quam
578 3535 761 3612 barbarismi,
781 3544 812 3594 ut
831 3536 878 3594 liat
895 3535 1058 3595 adiectione
