2434 3925
138 235 198 299 160
446 248 808 308 nnneonmnrnmm

134 406 172 466 sit
189 412 301 469 orator:
316 420 400 481 quem
416 411 510 461 tamen
525 405 552 461 in
570 403 621 462 illo
637 402 731 462 medio
751 420 860 479 genere
877 402 991 463 dicendi
1008 407 1153 483 praefert

135 488 265 550 omnibus
282 484 397 546 Cicero,

92 586 126 640 81
218 568 546 649 Philosophorum,
577 588 615 629 ex
643 569 745 648 quibus
773 569 924 647 plurimum
950 591 984 630 se
1013 577 1150 634 traxisse

135 657 317 735 eloquentiae
341 653 379 714 Μ.
403 653 514 713 Pullius
533 654 702 728 confltetur,
726 654 788 731 quis
811 653 920 714 dubitet
943 654 1149 718 Platonem

134 759 201 802 esse
215 741 403 817 praecipuum
420 739 482 796 sive
503 740 632 796 acumine
654 736 815 796 disserendi
841 740 902 797 sive
924 738 1093 816 eloquendi
1107 744 1148 802 fa·

134 825 241 887 cultate
256 824 349 883 divina
367 822 487 899 quadam
502 829 531 879 et
545 818 719 880 Hnmerica‘l
746 820 864 880 Multum
881 823 953 880 enim
964 842 1059 901 supra
1080 845 1148 905 pro·

133 927 194 970 sam
210 909 368 968 orationem
391 915 420 964 et
443 922 527 982 quam
546 905 712 982 pedestrem
729 904 832 965 Graeci
852 915 957 965 vocant
972 911 1094 985 surgit,
1119 919 1148 969 ut
1202 902 1203 923 ¹

132 994 200 1055 mihi
215 1009 272 1052 non
289 991 411 1051 hominis
426 990 542 1065 ingenio
560 989 613 1048 sed
629 989 751 1069 quodam
763 988 907 1066 Delphico
922 991 1062 1050 rideatur
1081 1012 1146 1054 ora·
1202 988 1203 1057 ζ

90 1076 200 1145 esculo
229 1077 389 1136 instinctus.
439 1072 514 1146 Quid
542 1090 598 1149 ego
630 1090 850 1133 commemorem
877 1072 1147 1152 Xenophontis

132 1161 210 1221 illam
226 1160 429 1219 iucunditatem
445 1156 635 1216 inaffectatum
651 1156 703 1215 sed
716 1174 799 1235 quam
814 1158 892 1216 nulla
909 1162 1053 1236 consequi
1072 1164 1144 1221 ade-

134 1247 222 1305 ctatio
238 1240 351 1322 possit?
372 1251 402 1300 nt
423 1243 506 1319 ipsae
527 1259 690 1301 sermonem
712 1241 829 1300 linxisse
848 1240 961 1301 Gratiae
985 1244 1145 1306 videantur

134 1338 178 1404 et,
203 1327 280 1407 quod
302 1327 338 1387 de
353 1325 466 1385 Pericle
491 1328 600 1384 veteris
627 1324 795 1385 comoediae
816 1327 1007 1385 testimonium
1023 1340 1093 1405 est,
1116 1333 1144 1390 in

132 1413 207 1472 hunc
223 1411 371 1470 transferri
387 1411 541 1471 iustissime
557 1411 665 1487 possit,
689 1411 717 1468 in
733 1410 820 1470 labris
838 1411 899 1468 eius
917 1411 1030 1471 sedisse
1049 1430 1142 1491 quan·

90 1497 196 1564 eadam
213 1495 407 1573 persuadendi
429 1494 520 1554 deam.
556 1492 631 1566 Quid
654 1493 830 1572 reliquorum
851 1495 1142 1558 Socraticorum

134 1575 329 1655 elegantiam?
372 1577 447 1653 Quid
473 1576 742 1638 Aristotelem?
780 1595 865 1654 quem
890 1577 988 1637 dubito
1015 1583 1140 1642 scientia

133 1681 229 1723 rerum
251 1681 286 1722 an
308 1664 480 1742 scriptorum
503 1663 587 1739 copia
605 1680 640 1722 an
656 1662 811 1740 eloquendi
826 1664 971 1729 suauitate
985 1681 1022 1722 an
1037 1666 1140 1726 inven-

132 1749 242 1806 tionum
262 1748 391 1808 acumine
414 1764 449 1805 an
464 1748 604 1805 varietate
620 1764 740 1825 operum
756 1747 909 1808 clariorem
926 1756 1032 1824 putem.
1068 1750 1140 1811 Nam

132 1832 161 1890 in
176 1830 436 1911 Theophrasto
456 1839 512 1890 tam
536 1840 580 1889 est
595 1831 733 1910 loquendi
747 1834 823 1915 nitpr
839 1830 890 1890 ille
905 1829 1035 1906 divinus,
1054 1843 1086 1893 ut
1103 1853 1140 1894 ex

90 1928 168 1985 gneo
184 1933 287 1976 nomen
304 1934 421 2000 quoque
435 1918 559 1975 traxisse
576 1915 695 1977 dicatur.
725 1915 817 1975 dlinus
833 1915 980 1976 indulsere
997 1916 1138 1996 elhquen·

132 2004 191 2062 tiae
206 2003 324 2062 Stoici
340 2012 472 2067 veteres;
489 2002 542 2061 sed
559 2018 621 2059 cnm
634 2002 755 2062 honesta
770 2008 922 2060 suaserunt
936 2009 994 2060 tum
1006 2004 1035 2060 in
1054 2004 1137 2063 colli-

132 2087 229 2162 gendo
252 2086 479 2165 probandoque,
499 2103 573 2163 quae
588 2087 784 2159 instituerant,
807 2085 957 2162 plurimum
973 2086 1135 2163 valuerunt,

133 2170 221 2230 rebus
232 2180 328 2231 tamen
340 2174 414 2231 acuti
425 2171 517 2246 magis
529 2187 623 2248 quam,
632 2170 660 2230 id
672 2170 749 2247 quod
764 2187 834 2228 sane
846 2187 904 2229 non
914 2168 1135 2249 affectaverunt,

133 2256 264 2313 oratione
281 2256 434 2331 magnifici.

90 2350 124 2403 85
215 2337 295 2398 Idem
316 2339 399 2399 nobis
423 2356 478 2418 per
498 2337 679 2397 Romanos
704 2348 819 2419 quoque
843 2347 978 2398 auctores
997 2338 1073 2398 ordo
1090 2341 1135 2399 dn·

135 2420 244 2480 cendus
260 2432 316 2497 est,
339 2422 438 2500 ltaque
454 2431 484 2481 ut
500 2421 574 2500 apud
590 2420 658 2480 illos
669 2420 812 2480 Homerus
827 2423 870 2481 sic
886 2419 961 2500 apud
976 2438 1031 2480 nos
1046 2422 1135 2483 Ver·

134 2504 251 2582 gilius
273 2508 533 2583 auspicatissimum
548 2506 661 2566 dederit
676 2506 841 2580 exordium,
867 2510 990 2565 omnium
1007 2509 1072 2566 eius
1089 2527 1134 2585 ge·

133 2590 211 2648 neris
223 2600 373 2667 poetarum
383 2589 556 2651 Graecorum
569 2600 790 2667 nostrorumque
801 2589 875 2649 haud
887 2589 1134 2665 duhieproximus.

91 2673 206 2745 86Utor
223 2677 297 2733 enim
312 2674 409 2733 verbis
430 2674 548 2748 iisdem,
577 2691 651 2751 quae
673 2692 710 2733 en
725 2673 797 2732 Afro
817 2673 943 2733 Domitio
959 2673 1073 2734 iuvenis
1090 2694 1136 2735 er·

135 2761 213 2835 ceph
233 2760 280 2837 qui
297 2758 364 2818 mihi
380 2760 587 2835 interroganti,
606 2776 692 2837 quem
712 2756 837 2817 Homero
861 2758 995 2817 crederet
1015 2763 1137 2819 maximo

133 2842 296 2918 accedere,
318 2842 496 2915 Secundus,
519 2844 623 2921 inquit,
641 2852 686 2904 est
704 2840 871 2921 Verqt‘lins,
893 2842 1021 2922 propior
1038 2851 1137 2904 tamen

130 2929 232 3004 primo
247 2946 339 3006 qnam
355 2931 454 2990 tertio.
486 2924 523 2986 Et
539 2926 658 2986 hercule
673 2936 704 2986 ut
719 2927 761 2986 illi
776 2935 893 2986 naturae
912 2924 1036 2985 coelesti
1051 2937 1137 3005 atque

94 3027 101 3042 ’
134 3012 287 3072 immortali
303 3015 492 3072 cesserimus:
511 3013 549 3070 ita
567 3029 654 3070 curae
671 3018 700 3069 et
714 3011 879 3088 diligentiae
896 3011 946 3070 vel
959 3009 1025 3068 ideo
1042 3012 1072 3069 in
1084 3011 1137 3071 hoo

135 3092 200 3170 plus
217 3105 277 3169 est,
301 3098 377 3173 quod
402 3100 428 3156 ei
444 3098 496 3157 luit
517 3097 608 3171 magis
628 3094 829 3169 laborandum,
857 3103 885 3152 et
909 3103 1044 3171 quantum
1071 3100 1136 3155 emi·

91 3178 266 3250 gqnentihus
289 3182 444 3254 vincimur,
474 3182 600 3240 fortasse
630 3179 803 3257 aequalitate
831 3196 994 3255 pensamus.
1040 3176 1138 3239 Ceteri

136 3279 235 3320 omnes
248 3262 336 3339 longe
349 3275 515 3342 sequentur.
543 3263 615 3321 Nam
630 3262 680 3321 llla
690 3281 705 3321 c
715 3281 752 3321 er
769 3272 797 3321 et
811 3260 1004 3321 Lucretius
1021 3260 1138 3338 legendi

136 3346 262 3423 quidem,
274 3348 326 3405 sed
339 3364 397 3405 non
407 3357 437 3406 ut
449 3349 575 3426 phrasin,
588 3346 615 3405 id
629 3356 684 3420 est,
702 3343 808 3424 corpus
821 3345 1004 3423 eloquentiae
1017 3345 1136 3413 laciano

156 3430 289 3506 legantes
304 3431 333 3488 in
348 3448 399 3489 sua
422 3434 543 3509 quisque
560 3433 680 3489 materia
702 3430 754 3490 sed
776 3431 850 3490 alter
864 3429 976 3489 humilis
994 3426 1071 3488 alter
1086 3430 1136 3490 dil·

175 3514 231 3575 ilis.
265 3514 444 3574 Atacinus
465 3513 580 3573 Varro
593 3515 622 3574 in
639 3516 690 3591 ils,
713 3531 767 3594 per
789 3530 863 3592 quae
878 3529 981 3573 nomen
996 3522 1043 3574 est
1057 3530 1135 3573 asse·
