2434 3925
358 274 768 342 msu.0nau0n.n1u.1,5.
1022 260 1062 322 25

62 434 192 495 forsitan
208 432 340 492 videatur
357 428 471 506 dicere,
490 430 711 505 barbarismum,
730 431 808 510 quod
822 439 867 490 est
881 431 963 489 unius
980 429 1063 492 verbi

61 521 184 592 vitium,
213 516 277 575 lieri
301 533 355 594 per
378 532 512 575 numeros
539 523 586 575 aut
609 533 719 590 genera
745 518 819 575 sicut
842 515 1062 574 soloecismum:

61 602 157 663 coola
173 610 268 659 tamen
286 609 315 658 et
328 617 425 678 acopo
442 608 601 677 contraque
620 600 739 660 bordon
757 608 786 658 et
800 599 914 674 marka,
933 598 1003 658 licet
1018 597 1062 657 lit·

62 694 197 744 terarum
219 684 419 757 mutationem,
451 683 676 759 detractionem,
708 682 900 742 adiectionem
927 682 1061 756 habeant,

63 786 128 827 non
154 767 213 827 alio
239 768 343 826 uitiosa
363 775 444 841 snut,
472 785 555 845 quam
576 767 653 844 quod
678 765 800 845 pluralia
822 766 1008 842 singulariter
1033 773 1063 825 et

64 850 228 928 singularia
248 850 400 928 pluraliter
417 851 586 918 efferuntur3
611 860 641 910 et
654 852 762 929 plodio
779 851 826 928 qui
846 851 991 926 dixerunt,
1011 867 1062 927 ge·

62 953 140 994 nere
162 931 341 994 exciderunt
381 934 440 994 Sed
465 934 522 994 hoc
548 951 664 1012 quoque
688 943 789 993 notare
814 942 965 993 contentus
989 952 1061 1006 sum,
1071 939 1105 995 11

62 1038 105 1079 ne
126 1020 182 1079 arti
205 1018 289 1096 culpa
308 1018 484 1096 quorundam
507 1019 701 1097 pervicacium
725 1018 885 1098 perplexae
910 1017 1010 1078 videar
1034 1026 1064 1077 et

61 1105 133 1183 ipse
156 1103 355 1181 quaestionem
373 1101 527 1162 addidisse.

153 1185 222 1246 Plus
250 1187 379 1262 exigunt
393 1185 557 1246 subtilitatis
586 1202 660 1263 quae
689 1185 822 1246 accidunt
849 1187 878 1246 in
906 1183 1062 1244 dicendo

63 1271 154 1345 vitia,
179 1270 244 1347 quia
266 1270 399 1348 exempla
421 1287 520 1329 eorum
541 1270 613 1329 tradi
635 1272 745 1348 scripto
769 1287 827 1329 non
846 1277 983 1349 possunt,
1008 1270 1062 1327 nisi

67 1372 135 1416 oum
162 1355 190 1413 in
214 1371 317 1412 uersus
340 1355 516 1428 inciderunt,
545 1363 575 1412 ut
604 1353 706 1413 divisio
732 1350 877 1433 Europae
902 1362 931 1413 et
954 1350 1061 1418 Asiam

67 1448 98 1499 et
127 1439 156 1497 ei
186 1439 358 1498 contrarium
383 1439 498 1512 vitium,
528 1437 605 1514 quod
632 1438 799 1518 συναίρεσιν
824 1447 853 1497 et
879 1427 1064 1513 συναλοιφὴν

67 1522 176 1584 Graeci
192 1529 313 1597 vocant,
337 1538 390 1580 nos
407 1521 639 1599 complexionem
656 1521 792 1597 dicimus,
815 1522 907 1601 qualis
926 1530 971 1580 est
988 1519 1063 1598 apud

65 1607 100 1667 P.
113 1605 289 1665 Varronem:
311 1603 384 1667 Tam
396 1615 424 1666 tc
438 1603 584 1683 liuprandi
599 1608 750 1667 deiectum
762 1607 888 1685 fulmine
899 1605 1061 1667 Pboetlton.

65 1689 142 1750 Nam
164 1691 188 1747 si
209 1697 289 1749 esset
309 1706 397 1767 prosa
416 1691 524 1765 oratio,
550 1689 667 1750 easdem
689 1690 799 1750 litteras
818 1692 966 1750 enuntiare
984 1690 1062 1747 veris
1071 1691 1105 1747 18

67 1772 192 1848 syllabis
212 1772 327 1833 licebat.
363 1774 518 1833 Praeterea
534 1791 608 1851 quae
628 1774 696 1833 liunt
714 1776 823 1852 spatio,
843 1776 906 1833 sive
924 1791 987 1846 cum
1004 1771 1062 1846 syl·

67 1856 137 1917 laba
165 1866 299 1934 correpta
322 1858 507 1935 producitur,
534 1867 564 1916 ut
586 1856 711 1918 ltaliom
732 1859 798 1937 soto
819 1859 986 1937 profugos,
1010 1872 1063 1915 seu

68 1940 160 2019 longa
178 1942 346 2020 corripitur,
368 1950 398 2002 ut
420 1939 515 2003 Unius
531 1942 567 2004 ob
584 1960 698 2004 nomon
717 1950 746 2003 et
761 1941 879 2020 samos,
900 1949 981 2000 extra
1001 1955 1062 1999 car·

67 2043 138 2084 men
160 2043 218 2084 non
241 2026 455 2104 deprehendam
483 2026 536 2085 sed
561 2044 617 2085 nec
644 2027 672 2085 in
696 2027 820 2086 carmine
841 2027 909 2084 vitia
933 2023 1063 2083 ducenda

67 2117 147 2168 sunt.
188 2109 241 2169 llla
258 2128 330 2169 vero
351 2111 463 2170 nonnisi
480 2128 549 2170 aure
571 2112 739 2187 exiguntur,
761 2128 836 2187 quae
855 2110 923 2168 liunt
941 2126 994 2187 per
1015 2123 1062 2166 so·
1071 2116 1105 2171 19

67 2210 140 2260 nos3
162 2210 322 2271 quanquam
340 2212 394 2271 per
411 2196 630 2272 aspirationem,
651 2196 713 2253 siue
730 2194 860 2255 adiicitur
875 2194 981 2252 vitiose
1000 2192 1062 2251 sive

68 2276 243 2352 detrahitur,
265 2279 340 2355 apud
359 2295 412 2337 nos
432 2287 530 2356 potest
551 2280 651 2356 quaeri
669 2297 705 2337 an
722 2281 750 2338 in
768 2280 878 2356 scripto
899 2279 935 2336 sit
954 2277 1062 2349 vitium,

69 2362 94 2419 si
115 2359 142 2418 H
163 2360 257 2421 littera
275 2370 335 2436 cst,
353 2379 411 2421 non
426 2372 503 2422 nota.
537 2360 624 2422 Cuius
644 2363 761 2439 quidem
780 2365 853 2422 ratio
874 2370 980 2421 mutata
1000 2378 1063 2419 cum

69 2444 248 2520 temporibus
269 2454 313 2503 est
332 2448 457 2525 saepius.
490 2447 661 2506 Parcissime
679 2465 713 2506 ea
732 2456 849 2506 veteres
868 2448 913 2505 usi
934 2448 1019 2505 etiam
1036 2446 1105 2506 into
1205 2507 1207 2515 ,

67 2527 238 2603 vocalibus,
259 2547 322 2588 cum
340 2532 432 2592 oados
450 2532 590 2608 ircosque
609 2530 758 2605 dicebant,
778 2530 824 2590 diu
843 2530 947 2590 deinde
963 2545 1062 2588 serva·

67 2621 143 2686 tum,
162 2630 199 2670 ne
214 2614 436 2673 consonantibus
452 2616 628 2692 aspirarent,
643 2623 674 2673 ut
688 2616 716 2674 iu
730 2615 860 2675 Graccis
875 2623 903 2673 et
917 2616 944 2673 in
960 2615 1062 2673 trinam·

64 2697 137 2774 pis;
155 2698 250 2773 erupit
269 2696 351 2756 brevi
368 2707 498 2776 tempore
517 2700 618 2757 nimius
637 2716 721 2772 usus,
739 2708 770 2758 nt
786 2698 953 2772 eborones,
972 2697 1057 2758 oben·

67 2779 221 2852 ton'onccq
239 2783 431 2859 praechones
448 2783 540 2841 adhuc
563 2782 731 2860 quibusdam
750 2781 984 2863 inscriptionibus
1005 2797 1062 2839 ma·

67 2870 171 2945 aeaut,
194 2881 249 2940 qua
267 2864 302 2924 de
320 2885 353 2924 re
372 2864 476 2926 Catulli
496 2865 593 2925 nobile
615 2868 790 2944 epigramma
808 2876 863 2926 est.
895 2865 964 2925 lude
982 2866 1102 2925 durattl

69 2947 105 3006 ad
126 2963 180 3006 nos
200 2966 292 3026 usque
310 2951 499 3011 veliementer
519 2958 548 3009 et
566 2951 823 3028 comprehendere
841 2959 870 3009 et
890 2950 976 3023 milti,
999 2966 1063 3007 nam

68 3030 156 3093 neda
171 3048 287 3110 quoque
302 3051 356 3111 pro
371 3053 418 3094 me
433 3034 507 3111 apud
526 3035 659 3111 antiquos
676 3034 888 3111 tragoediarum
906 3036 1062 3112 praecipue

68 3116 231 3192 scriptores
252 3117 280 3175 in
297 3116 445 3177 veteribus
466 3117 546 3176 libris
566 3119 733 3176 invenimus.

152 3196 256 3258 Adhuc
276 3200 421 3265 difficilior
444 3200 611 3261 observatio
637 3210 682 3260 est
703 3219 757 3278 per
779 3208 946 3276 tenores,
974 3200 1103 3277 (questu

69 3280 184 3358 quidem
205 3282 241 3342 ah
263 3286 385 3362 antiquis
410 3284 516 3347 dictos
526 3294 646 3347 tonores
665 3287 793 3362 comperi
816 3286 953 3345 videlicet
973 3282 1062 3343 decli·

68 3375 136 3425 nato
159 3384 175 3426 a
197 3366 317 3428 Graecis
338 3368 447 3444 verbo,
473 3370 521 3446 qui
541 3362 645 3441 τόνους
667 3368 778 3449 dicunt)
799 3369 848 3429 vel
870 3376 1060 3437 accentus,

69 3466 141 3526 quas
157 3449 260 3510 Graeci
275 3452 441 3536 προσῳδίας
455 3463 576 3528 vocant,
596 3471 660 3511 cum
677 3462 760 3512 acuta
776 3462 805 3512 et
820 3456 917 3529 gravis
935 3451 990 3510 alia
1007 3465 1061 3527 pro

70 3532 125 3592 alia
148 3544 306 3613 ponuntur,
330 3546 362 3596 ut
384 3539 413 3596 in
435 3536 492 3597 hoo
516 3534 679 3613 Camillos,
701 3538 726 3596 si
751 3538 862 3600 acuitur
883 3538 987 3616 primm
1014 3539 1103 3594 autad
