2434 3925
133 201 173 267 84
429 193 473 262 'm
495 213 575 263 nuo.
597 211 817 274 oomrmmnu

215 370 347 432 Pluribus
361 378 454 429 autem
465 367 562 428 verbis
576 386 640 429 cnm
655 367 699 445 id,
716 368 793 446 quod
809 384 865 427 uno
881 378 928 429 aut
943 372 1146 448 paucioribus

129 464 214 517 certe
232 456 288 515 dici
310 463 422 533 potest,
444 453 622 531 explicatur,
642 454 877 529 περίφρασιν
901 465 1024 530 vocant,
1055 457 1144 515 cir-

132 541 268 601 cultum
283 538 423 616 quendam
444 536 669 613 eloquendi,
691 538 739 614 qui
753 552 954 614 nonuunquam
969 541 1144 599 necessita-

131 633 189 684 tem
205 622 306 697 habet,
323 625 456 700 quotiens
468 622 545 680 dictu
561 620 700 679 deformia
717 622 827 697 operit:
844 630 876 680 ut
890 622 1061 697 Sallustius,
1082 620 1144 685 Ad

89 708 281 785 coreqetsirc
299 717 441 767 naturae.
481 703 597 763 Interim
623 714 752 764 ornatum
775 705 847 782 petit
872 705 984 782 solum,
1009 708 1058 785 qui
1089 717 1143 767 est

131 793 206 871 apud
221 800 323 869 poetas
340 790 602 867 frequentissimum

196 874 325 953 Tempus
345 883 427 949 erat,
451 890 510 952 quo
526 874 630 953 primo
647 872 931 950 quiesmortolibus
951 876 1056 954 capris

19 1030 23 1036 .
192 958 304 1037 lampio
325 968 353 1019 et
374 960 452 1020 dono
473 959 575 1018 dicum
592 959 771 1034 prcusstmc
790 958 895 1035 serpit
1212 1005 1213 1024 ἱ

89 1052 122 1109 61
131 1042 168 1104 Et
182 1044 257 1122 apud
272 1051 404 1102 oratores
421 1060 478 1101 non
493 1059 574 1100 rarus
596 1058 713 1118 semper
730 1050 825 1100 tamen
841 1042 995 1101 astrictior.
1040 1040 1139 1114 Quid·
1212 1041 1213 1088 i

132 1129 199 1208 quid
212 1129 285 1187 enim
296 1127 449 1203 significari
464 1126 580 1185 brevius
592 1133 690 1202 potest
702 1133 732 1183 et
744 1142 808 1184 oum
822 1134 922 1184 ornatu
935 1125 1018 1184 latius
1032 1136 1138 1185 osten·

132 1212 221 1286 ditur,
243 1211 415 1309 περίφρασις
429 1218 490 1287 est,
515 1210 560 1268 oui
576 1226 681 1267 nomen
694 1207 793 1267 Latine
809 1209 904 1267 datum
920 1218 1035 1269 estnon
1057 1228 1136 1270 sane

133 1305 228 1373 aptum
251 1295 388 1354 orationis
410 1294 507 1354 virtuti
533 1292 831 1352 circumlocutio.
874 1292 982 1352 Verum
1005 1293 1061 1353 lroc
1090 1303 1135 1370 ut,

133 1397 196 1439 cum
218 1380 354 1438 decorem
373 1377 476 1454 habet,
497 1376 691 1455 periphrasis.
714 1378 768 1449 ita,
786 1394 848 1435 cum
864 1378 891 1435 in
906 1378 1004 1436 vitium
1019 1378 1136 1457 incidit,

131 1463 332 1543 meproooloplc
343 1462 455 1521 dicitur.
500 1460 602 1520 Obstat
617 1462 706 1534 eninr,
724 1460 860 1539 quidquid
876 1478 934 1519 non
948 1460 1072 1520 adiuvat.

90 1556 124 1612 62
215 1545 453 1624 Hyperbaton
482 1563 614 1625 quoque,
637 1544 664 1603 id
686 1553 732 1604 est
752 1544 836 1603 verbi
857 1546 1134 1623 transgressionem,

134 1630 264 1708 quoniam
281 1631 447 1708 frequenter
463 1630 536 1689 ratio
554 1630 777 1706 comparationis
795 1637 825 1687 et
839 1629 930 1688 decor
945 1630 1056 1707 poscit,
1073 1649 1134 1690 non

132 1715 271 1773 immerito
296 1715 370 1773 inter
393 1715 514 1774 virtutes
539 1711 686 1772 habemus.
729 1711 774 1772 Fit
798 1714 872 1772 enim
897 1713 1134 1792 frequentissime

133 1816 237 1875 aspera
258 1807 288 1857 et
302 1798 372 1859 dura
394 1807 423 1858 et
439 1797 580 1857 dissoluta
596 1805 626 1857 et
646 1796 727 1855 hians
742 1798 853 1871 oratio,
876 1799 900 1856 si
916 1798 952 1857 ad
969 1800 1133 1858 necessita·

132 1891 189 1940 tem
205 1882 311 1941 ordinis
328 1884 371 1942 sui
388 1882 478 1942 verba
492 1882 676 1957 redigantur,
699 1890 744 1955 et,
765 1889 795 1939 ut
811 1882 945 1960 quodque
961 1883 1068 1957 oritur,
1093 1885 1133 1942 ita

91 1968 286 2044 eaproximis,
312 1968 424 2026 etiamsi
445 1969 546 2026 vinciri
566 1983 624 2025 nou
639 1975 754 2045 potest,
776 1965 921 2042 alligetur.
963 1965 1131 2027 Differeuda

132 2053 219 2127 igitur
238 2052 376 2129 quaedam
400 2061 429 2111 et
444 2050 668 2129 praesumenda,
693 2060 778 2128 atque
794 2058 824 2108 ut
843 2051 871 2108 in
893 2051 1042 2109 structuris
1059 2050 1132 2129 lapi·

134 2135 199 2194 dum
220 2135 412 2213 impolitomm
438 2136 522 2211 loco,
544 2151 600 2212 quo
623 2137 775 2209 convenit,
798 2133 934 2211 quodque
957 2134 1131 2212 ponendum.

133 2216 198 2276 Non
212 2220 285 2277 enim
297 2220 430 2278 recidere
446 2237 480 2279 ea
494 2237 549 2278 neo
560 2218 655 2297 polire
671 2236 841 2296 possumus,
858 2235 915 2295 quo
928 2228 1131 2295 coagmentata

133 2319 167 2360 se
182 2304 273 2379 magis
289 2304 421 2379 iungant,
438 2303 490 2362 sed
504 2303 639 2362 utendum
652 2303 701 2379 iis,
718 2301 812 2381 qualia
825 2311 904 2379 sunt,
918 2302 1132 2380 eligendaeque

91 2385 228 2448 64sedes.
270 2385 332 2445 Neo
353 2386 428 2446 aliud
442 2396 539 2465 potest
554 2402 716 2446 sermonem
731 2387 829 2445 iacere
847 2403 1029 2445 numerosum
1047 2404 1131 2464 quam

135 2478 296 2546 opportuna
317 2470 424 2529 ordinis
439 2472 572 2539 mutatio;
596 2488 692 2550 neque
708 2469 765 2529 alio
782 2471 857 2529 ceris
875 2470 1001 2531 Platonis
1015 2472 1131 2529 inventa

135 2561 200 2612 sunt
215 2562 348 2631 quattuor
368 2553 418 2613 illa
432 2554 538 2629 verba,
557 2554 660 2634 quibus
681 2556 710 2614 in
731 2554 782 2613 illo
800 2553 995 2631 pulcherrimo
1012 2571 1131 2631 operum

133 2639 161 2696 in
174 2637 322 2699 Piraeeum
338 2657 370 2697 se
387 2638 574 2705 descendisse
586 2639 745 2739 significat,
762 2638 891 2717 plurimis
903 2638 995 2697 modis
1011 2640 1129 2716 scripta

93 2728 219 2798 65quam
236 2721 314 2799 quod
329 2740 392 2780 eum
412 2739 529 2800 quoque
543 2725 665 2783 maxime
681 2723 780 2783 iacere
800 2724 991 2820 experiretur
1023 2722 1131 2781 Verum

105 2862 106 2865 ,
134 2806 245 2864 iduum
270 2808 298 2865 in
325 2805 435 2865 duobus
457 2807 555 2866 verbis
579 2807 627 2883 lit,
654 2795 826 2886 ἀναστροφὴ
852 2807 970 2881 dicitur,
999 2807 1130 2865 reversio

135 2890 290 2966 quaedam:
313 2890 600 2967 qualiasuntvulgo,
616 2911 748 2964 mecum,
763 2909 885 2957 resume
907 2890 981 2968 apud
999 2899 1130 2949 oratores

135 2980 164 3030 et
181 2972 335 3033 historicos
352 2975 464 3052 quidus
480 2977 519 3036 de
534 2977 635 3036 rebus.
671 2975 711 3034 m
728 2992 791 3034 oum
808 2974 923 3033 decoris
938 2975 1030 3050 gratia
1045 2975 1131 3034 trahi·

134 3063 180 3113 tur
203 3057 315 3133 longius
338 3058 471 3133 verbum,
493 3060 613 3137 proprie
640 3058 790 3134 hyberbati
811 3067 893 3118 tenet
912 3075 1032 3117 nomen:
1058 3056 1131 3118 Arri·

134 3140 299 3216 madverte,
316 3143 453 3218 irrdices,
470 3161 586 3203 omnem
602 3145 796 3204 accusatoris
816 3144 984 3205 orationem
1004 3144 1038 3202 ira
1052 3144 1130 3203 duos
1159 3150 1161 3155 ’

135 3223 265 3283 dicisum
289 3244 355 3286 esse
372 3236 489 3304 parter.
533 3225 604 3285 Nam
625 3228 658 3286 ire
678 3228 759 3289 daras
777 3236 886 3305 partes
911 3227 1043 3287 diuisum
1065 3245 1129 3287 esse

94 3316 244 3372 derectum
256 3317 333 3382 erat,
353 3310 404 3368 sed
418 3310 517 3369 durum
533 3319 562 3368 et
577 3312 759 3389 incomptum.
799 3309 906 3370 Poetae
918 3310 1032 3388 quidem
1048 3311 1128 3370 etiam

135 3391 288 3451 verborum
306 3392 445 3451 divisione
462 3394 568 3453 iaciunt
583 3397 858 3471 transgressionem:

298 3510 339 3522 ·-
356 3474 552 3554 Hyberdoreo
568 3487 683 3557 septem
701 3479 838 3540 subiecto
857 3480 957 3558 trioni,
