2434 3925
51 122 64 151 ἱ

314 222 787 289 ruso.onsron.n1n.1v,e.c
989 212 1048 276 185

65 381 148 457 aldit,
165 380 375 461 interpellatio,
389 382 565 441 interventus
580 380 716 455 alicuius,
730 380 875 441 tumultus.
905 380 988 442 Unde
1003 380 1091 449 (li-17

65 467 162 525 ceroni
176 484 291 544 quoque
305 467 333 524 in
347 466 513 543 prooemio,
529 465 718 532 condiceret
734 481 787 541 pro
802 463 919 541 Milone,
938 465 1050 543 digredi

62 548 117 609 luit
130 567 264 624 necesse,
279 557 310 608 ut
324 550 386 627 ipsa
401 549 587 623 oratiuncula,
604 566 741 626 qua-usus
757 557 811 622 est,
829 558 917 626 patet.
950 549 1050 610 Potest

63 642 157 692 autem
171 633 257 711 paulo
273 633 387 708 longius
403 635 501 707 exire,
527 635 574 709 qui
589 640 742 710 praeparat
760 631 867 710 aliquid
883 641 947 691 ante
963 651 1049 711 quae·

63 718 185 798 ationem
207 727 235 777 et
250 719 297 794 qui
313 716 407 775 linitae
422 716 585 793 probationi
603 716 682 775 velut
694 715 965 775 commendationem
980 717 1049 776 adii·

8 800 10 893 l
63 802 112 860 cit.
143 799 245 878 Atqui
266 819 303 861 ex
317 800 409 862 media
425 801 565 879 erumpit,
581 801 640 858 cito
656 799 734 859 adid
752 798 847 868 redire
861 798 958 876 debet,
974 800 1049 861 unde

8 908 10 939 r
62 883 194 944 devertit.

405 1037 449 1088 DE
466 1034 708 1089 PROPOSITIONE.

146 1129 194 1190 lv.
224 1133 295 1193 Sunt
313 1134 361 1211 qni
379 1134 533 1192 narrationi
555 1132 854 1210 propositionem
880 1128 1051 1209 subiungant

61 1224 194 1294 tauquam
216 1226 325 1295 partem
349 1216 489 1276 iudicialis
512 1218 663 1291 materiae,
685 1217 730 1275 cui
752 1217 878 1293 opinioni
899 1217 1048 1295 respondi·
1088 1262 1091 1275 r

61 1318 134 1358 mus.
175 1298 244 1360 Mihi
270 1310 364 1360 autem
389 1301 550 1378 propositio
575 1300 688 1359 videtur
711 1301 802 1358 omnis
828 1300 1049 1360 confirmationis

61 1384 187 1461 initium,
208 1384 285 1461 quod
304 1402 361 1444 non
378 1383 463 1443 modo
478 1385 507 1442 in
520 1383 697 1443 ostendenda
715 1385 884 1461 quaestione
899 1384 1050 1463 principali

62 1467 114 1526 sed
129 1484 327 1546 nonnunquam
348 1469 433 1527 etiam
453 1469 482 1526 in
495 1466 615 1544 singulis
630 1470 804 1543 argumentis
819 1470 887 1546 poni
901 1468 978 1528 solet
992 1486 1049 1528 ma·

61 1552 195 1627 ximeque
215 1553 243 1610 in
264 1552 324 1628 his,
347 1569 420 1630 quae
443 1544 647 1631 ἐπιχειρήματα
667 1561 814 1610 vocantur.
850 1552 908 1612 Sed
926 1570 999 1611 nunc
1013 1553 1049 1612 de

62 1636 160 1711 priore
177 1635 326 1713 loquimur.
356 1635 399 1695 Ea
414 1651 470 1694 non
484 1652 599 1712 semper
613 1637 653 1693 uti
663 1653 786 1695 necesse
803 1644 857 1694 est.
886 1635 1048 1714 Aliquando
1061 1653 1079 1704 n

62 1720 137 1776 enim
152 1720 214 1778 sinc
229 1722 427 1797 propositione
447 1737 561 1796 quoqne
576 1721 645 1778 satis
661 1718 839 1777 manifestum
856 1727 916 1793 est,
941 1719 1050 1796 quidin

63 1805 232 1879 quaestione
252 1812 399 1878 versetur,
422 1805 519 1880 utique
541 1804 565 1860 si
589 1805 712 1861 narratio
728 1801 766 1861 ibi
781 1802 864 1860 linem
879 1800 980 1877 habet,
1002 1801 1050 1861 nbi

62 1886 169 1944 initium
185 1890 330 1965 quaestio;
346 1887 438 1963 adeo,
455 1885 650 1965 utaliquando
666 1884 851 1961 subiungatur
865 1887 1050 1963 expositioni,

64 1988 138 2048 quae
153 1971 229 2044 solet
243 1974 272 2031 in
290 1974 463 2049 argumentis
478 1989 544 2030 esse
560 1988 667 2030 summa
683 1969 835 2029 collectio:
857 1967 953 2044 llaec,
971 1969 1051 2030 ocur

62 2057 200 2133 exposui,
220 2057 266 2117 itu
278 2066 365 2134 gestu
384 2062 469 2131 sunt,
483 2057 620 2123 iudicem
633 2055 797 2115 insidiator
811 2061 976 2131 superatus
994 2062 1049 2129 est,

62 2141 92 2198 ni
107 2139 190 2200 vieta
203 2141 251 2199 oio
264 2140 313 2200 oet
322 2140 424 2217 potius
443 2156 592 2218 oppressu
611 2139 722 2198 uirtute
735 2137 873 2197 audacio
887 2144 940 2198 ert.
973 2134 1079 2202 Non-3

62 2239 203 2297 nonquam
221 2239 292 2281 vero
307 2222 391 2284 valde
405 2223 481 2282 utilis
496 2233 555 2297 est,
578 2221 626 2281 ubi
641 2239 689 2280 res
705 2220 820 2280 delendi
834 2236 891 2279 non
905 2229 1003 2298 potest
1020 2230 1050 2281 et

63 2305 98 2364 de
114 2305 170 2364 line
186 2307 344 2385 quaeritur,
360 2316 390 2367 ut
404 2325 458 2387 pro
476 2325 528 2382 eo,
551 2308 598 2383 qui
614 2307 763 2383 pecuniam
776 2306 914 2383 privatam
930 2305 966 2365 de
981 2312 1049 2364 tem·

62 2389 112 2465 plo
136 2388 263 2452 sustulit:
292 2391 455 2470 Sacrilepc‘i
474 2393 595 2469 agitur,
618 2391 657 2450 de
675 2390 837 2468 occmlepio
852 2390 1051 2467 cognoscitis,-

63 2481 93 2533 ut
109 2468 195 2535 iudex
212 2474 363 2552 intelligat,
380 2474 408 2534 id
422 2493 506 2535 unum
521 2492 588 2533 esse
604 2472 693 2533 ollicii
710 2475 764 2547 sui,
786 2490 945 2550 quaerere,
961 2490 996 2532 an
1009 2472 1048 2548 id,

64 2558 141 2636 quod
155 2558 303 2635 obiicitur,
329 2558 512 2635 sacrilegium
527 2559 572 2617 sit.
611 2556 682 2617 Item
702 2558 729 2615 in
747 2559 841 2616 causis
856 2557 987 2616 obscuris
1002 2564 1078 2622 autc

63 2640 281 2719 multiplicibus;
302 2660 357 2701 nec
379 2660 494 2721 semper
509 2650 630 2720 propter
645 2640 702 2700 hoc
718 2640 826 2716 solum,
854 2650 885 2699 ut
906 2641 943 2699 sit
965 2656 1051 2700 causa

64 2725 202 2801 lucidior,
223 2725 274 2786 sed
291 2726 442 2803 aliquando
458 2727 558 2799 etiam,
578 2734 609 2784 ut
629 2727 719 2801 magis
733 2733 856 2784 moveat.
889 2722 988 2784 llovet
1002 2742 1050 2782 an·

64 2816 131 2883 tem,
148 2810 173 2867 si
183 2810 311 2887 protinus
323 2808 510 2869 subtexantur
518 2809 624 2887 aliqua,
638 2826 711 2886 quae
723 2810 842 2887 prosint.
869 2805 934 2868 Len
944 2814 1052 2886 aperte

62 2893 191 2969 scripta,
202 2900 262 2968 cst,
284 2902 317 2954 ut
328 2895 525 2972 peregrinus,
548 2893 601 2970 qui
615 2911 733 2955 murum
747 2892 939 2967 accenderat,
958 2897 1053 2951 morte

63 2975 225 3047 multatum
240 2979 436 3055 pereqrdnum
450 2986 478 3039 te
492 2996 558 3039 esee
572 2986 688 3038 certum
703 2984 766 3043 est,-
786 2977 858 3053 quin
873 2975 1052 3036 accenderis

62 3078 198 3136 marum,
219 3079 278 3122 aon
305 3062 483 3139 quaeritam-
502 3062 578 3139 quid
591 3068 745 3141 superest,
769 3060 828 3120 nisi
846 3067 880 3119 ut
901 3060 1052 3137 taposiri

63 3145 223 3221 oporteat?
256 3144 336 3204 Haec
364 3147 437 3204 enim
463 3145 626 3224 propositio
655 3144 868 3205 consessionem
894 3142 1050 3202 adversarii

64 3228 167 3305 premit
190 3235 220 3286 et
239 3229 446 3306 quodammodo
468 3228 608 3289 indicandi
626 3245 733 3289 moram
754 3226 843 3303 tollit,
871 3243 927 3286 nec
945 3226 1052 3285 indicat

65 3312 264 3387 quaestionem
279 3314 364 3372 iudici
379 3313 431 3373 sed
448 3314 571 3374 adiuvat.

147 3394 218 3453 Sunt
240 3404 332 3471 antem
353 3399 567 3475 propositiones
589 3403 619 3454 et
638 3391 783 3471 simplices
804 3399 833 3452 et
851 3391 982 3470 duplices
1002 3390 1078 3452 velt

8 3539 9 3542 ,
63 3477 253 3557 nuluplices,
273 3479 350 3558 quod
369 3480 472 3540 accidit
490 3498 548 3540 non
563 3495 620 3539 uno
642 3478 738 3539 modo.
769 3476 839 3539 Nam
853 3485 882 3537 et
896 3476 979 3556 plura
994 3476 1048 3534 cri·
