2434 3925
265 318 268 325 ¹
328 261 732 327 lusu.01tn'r01t.h113.n,
747 256 773 312 3.
889 314 896 341 ἱ
991 247 1052 311 230

15 438 97 499 per
114 418 198 490 itam
219 435 273 495 epo
288 425 317 479 te
336 418 493 478 incudem
512 419 618 493 patria
631 434 690 495 per
704 415 825 477 eosdem
843 417 975 478 retinere
988 435 1050 478 noa

15 505 177 583 potero?
212 499 249 561 Et
272 519 335 560 cum
355 501 431 560 hona
451 497 484 559 G.
507 499 618 560 Rabirii
639 517 696 560 uno
717 501 855 559 sestertio
875 500 997 577 addicit:
1021 497 1046 561 0

19 605 145 648 mcum
159 587 307 647 miseram
319 585 526 663 acerbumque
537 586 748 662 praeconiam.
777 582 831 643 llla
846 599 962 661 quoque
977 586 1048 643 mire
1058 592 1109 650 173

20 671 113 730 facit
140 671 172 729 in
193 671 386 748 ‘peroratione
410 669 490 728 velut
512 668 673 728 deliciantis
702 667 805 727 dolore
827 675 856 727 et
877 666 1047 744 fatigatione

24 754 214 814 confessio:
239 762 270 812 ut
284 771 338 832 pro
354 753 458 813 eodem
474 752 598 826 Milone,
614 751 680 813 Sed
693 751 765 829 fiais
777 752 835 821 sim
855 754 1048 830 nequeenim

22 857 123 917 prae
139 838 282 898 lacrimis
300 840 363 898 iam
383 838 465 915 loqui
482 854 615 913 possam.
648 835 731 910 Quae
746 834 867 894 similem
882 834 980 894 verbis
997 835 1047 895 lra-

26 923 117 981 bere
133 920 244 981 debent
260 924 345 981 etiam
359 922 627 999 pronuntiationem.
659 920 783 980 Possunt
797 919 888 979 videri
904 919 960 979 alia
976 926 1108 997 quo-174

31 1024 102 1084 que
121 1004 209 1064 huius
233 1008 322 1083 partis
340 1014 426 1083 atque
450 1004 554 1065 oflicii:
579 1021 648 1063 reos
670 1006 819 1077 excitare,
837 1019 946 1080 pueros
962 1003 1046 1064 attol-

29 1091 125 1166 lere,
153 1091 335 1168 propinquos
359 1089 540 1168 producere,
563 1096 664 1148 vestes
685 1087 811 1155 laniare;
834 1087 887 1147 sed
908 1103 962 1148 suo
978 1088 1047 1148 loco

31 1176 121 1236 dicta
138 1183 215 1233 sunt.

131 1255 172 1316 Et
192 1259 258 1335 quia
279 1258 308 1316 in
329 1256 459 1335 partibus
481 1274 587 1316 causae
609 1256 675 1316 talis
691 1265 736 1316 est
750 1255 890 1315 varietas:
912 1257 981 1314 satis
998 1273 1048 1332 ap·

36 1349 141 1421 paret,
156 1340 426 1401 accommodandam
438 1342 587 1400 sententiis
602 1343 674 1419 ipsis
686 1341 956 1419 pronuntiationem,
973 1340 1049 1398 siout

38 1424 241 1494 ostendimus;
272 1425 324 1484 sed
347 1425 445 1485 verbis
468 1442 601 1503 quoque,
625 1425 702 1503 quod
724 1425 880 1484 novissime
907 1424 1046 1498 dixeram,

38 1527 104 1568 non
120 1526 240 1586 semper
253 1509 305 1569 sed
321 1508 483 1587 aliquando.
513 1508 557 1567 An
572 1525 629 1567 non
645 1509 703 1568 hoc
718 1509 855 1571 misellas
867 1515 896 1567 et
909 1518 1106 1585 pauper-175

40 1595 137 1655 culus
151 1592 299 1652 summissa
317 1603 403 1672 atque
422 1601 585 1667 contracta,
600 1594 691 1671 fortis
704 1601 735 1652 et
749 1594 910 1654 retromeat
926 1599 954 1649 et
968 1593 1048 1653 latro

42 1685 150 1737 erecta
167 1685 197 1734 et
212 1679 355 1736 concitata
369 1694 445 1736 voce
462 1676 614 1737 dicendum
629 1673 693 1736 esti
721 1676 846 1735 Accedit
862 1676 936 1734 enirn
953 1676 998 1733 vis
1017 1685 1048 1735 et

42 1761 213 1840 proprietas
228 1759 316 1820 rebus
331 1760 380 1820 tali
397 1761 612 1838 astipulatione,
631 1778 705 1839 quae
720 1760 775 1819 nisi
790 1761 876 1818 assit:
895 1758 971 1819 aliud
986 1776 1046 1818 vox
1130 1751 1133 1757 ’

43 1843 125 1904 aliud
137 1845 244 1903 animus
257 1844 399 1904 ostendat.
432 1842 527 1917 Quia?
542 1844 620 1922 quod
635 1843 736 1904 eadem
750 1843 841 1903 verba
857 1851 963 1902 mutata
978 1849 1106 1919 pro-176

43 1928 224 2012 nuntiatione
239 1928 373 2004 indicant,
390 1928 541 2005 affirmant,
560 1928 748 2007 exprobrant,
764 1935 881 2003 negant,
897 1927 1045 2002 mirantur,

43 2013 244 2088 indignantur,
260 2015 448 2090 interrogant,
464 2015 592 2089 irrident,
608 2010 745 2074 elevanti
775 2011 870 2071 Aliter
885 2012 959 2071 einim
974 2010 1046 2070 dici·

45 2106 110 2157 tur:
134 2094 177 2156 l'a
191 2098 263 2157 milti
277 2099 477 2175 qaodcunque
491 2098 548 2159 doc
567 2100 656 2176 repni
673 2106 702 2157 et
718 2093 879 2157 Cantando
892 2103 925 2156 ta
938 2095 1046 2156 illam?

47 2189 81 2241 et
98 2177 182 2240 Tuae
194 2181 245 2241 ille
261 2178 403 2242 Aeneas?
423 2190 452 2241 et
467 2179 576 2259 Meque
589 2183 705 2242 timoris
718 2178 824 2259 Arpos
838 2187 887 2254 ta,
907 2177 1045 2240 Drance.

45 2264 90 2325 Et
109 2280 144 2322 ne
164 2280 276 2341 morer,
298 2265 370 2324 intra
393 2283 426 2324 se
442 2266 565 2345 quisque
581 2265 631 2324 rel
646 2265 704 2324 hoc
717 2263 765 2323 vel
783 2263 876 2338 aliud,
900 2262 978 2340 quod
993 2280 1045 2322 vo·

47 2351 108 2423 let,
124 2365 175 2426 per
191 2365 290 2407 omnes
311 2349 433 2409 allectus
447 2358 560 2417 verset;
586 2365 791 2423 ieiunasse,
813 2346 891 2425 quod
912 2346 1043 2423 dicimus,

50 2433 133 2493 sciet.

139 2514 229 2575 Unum
241 2518 295 2575 iam
310 2515 355 2576 lais
370 2515 558 2576 adiiciendum
573 2524 628 2591 est,
646 2534 709 2576 curn
720 2517 879 2594 praecipue
891 2516 920 2574 in
931 2515 1045 2575 actione
1054 2512 1104 2571 lli
1149 2517 1152 2524 '

56 2609 201 2678 spectetur
229 2601 333 2660 decor:
359 2618 449 2679 saepe
471 2601 574 2661 aliud
595 2599 694 2660 alios
717 2601 861 2661 decere.
896 2597 950 2658 Est
971 2602 1046 2658 enim

57 2684 145 2743 latens
161 2684 298 2761 quaedam
315 2685 344 2743 in
360 2682 417 2744 hoc
437 2687 510 2745 ratio
527 2694 556 2745 et
571 2684 785 2751 inenarrabilis:
806 2693 836 2744 et
855 2691 886 2743 ut
899 2701 971 2742 rere
988 2681 1045 2741 hoc

57 2766 225 2842 dictumest,
243 2777 329 2847 caput
344 2787 421 2843 esse,
438 2770 545 2830 decere
561 2769 640 2847 quod
653 2770 758 2828 iacias:
774 2770 812 2828 ita
827 2768 856 2826 id
871 2784 965 2843 neque
981 2767 1045 2824 sine

58 2860 116 2909 arte
137 2868 200 2909 esse
222 2869 317 2930 neque
337 2861 427 2912 totum
445 2861 506 2911 arte
522 2855 595 2914 tradi
610 2861 718 2931 potest.
756 2850 788 2911 ln
803 2849 971 2929 quibusdam
987 2850 1103 2908 vir-178

57 2943 128 2993 tutes
142 2950 197 2992 nou
214 2934 319 2995 habent
335 2938 471 3014 gratiam,
494 2939 522 2995 in
538 2936 707 3014 quibusdam
721 2937 791 2995 vitia
805 2938 869 3012 ipsa
884 2932 1042 2993 delectant.

57 3016 187 3078 llaximos
209 3028 324 3078 actores
354 3020 580 3095 comoediamm,
609 3020 786 3080 Demetrium
813 3026 843 3078 et
865 3016 1042 3093 Stratoclea,

58 3101 167 3179 plaeere
186 3101 306 3161 diversis
327 3103 477 3164 virtutihus
493 3105 624 3164 vidimus.
646 3105 715 3179 ¹Sed
733 3102 804 3162 illud
824 3103 915 3161 minus
930 3101 1041 3176 mirum,

61 3184 131 3263 quod
151 3184 221 3243 alter
246 3186 317 3245 deos
339 3198 368 3247 et
388 3189 507 3247 iuvenes
532 3198 560 3247 et
587 3188 679 3249 bonos
706 3195 805 3265 patres
826 3202 987 3262 servosque
1011 3194 1041 3243 et

14 3299 15 3304 1
60 3278 191 3328 matronas
207 3277 355 3346 etgraves
371 3290 440 3331 anus
456 3273 581 3351 optime,
602 3272 677 3331 alter
695 3288 778 3329 acres
798 3288 901 3345 senes,
918 3268 1040 3328 callidos

61 3369 168 3428 servos,
190 3355 349 3431 parasitos,
372 3355 492 3415 lenones
507 3364 536 3415 et
553 3356 646 3415 omnia
662 3355 814 3430 agitatiora
833 3353 947 3413 melius.
978 3351 1045 3411 Fuit

62 3439 129 3496 enirn
146 3445 241 3497 natura
266 3437 393 3505 diversa:
419 3458 482 3500 nam
503 3457 562 3499 vox
584 3456 699 3517 quoque
720 3437 859 3497 Demetrii
879 3436 1041 3518 iucundior,

62 3521 130 3583 illius
143 3522 234 3582 aanor
251 3530 322 3584 erat.
356 3520 545 3585 Anootandae
566 3524 704 3603 memoria
725 3522 816 3601 magis
834 3522 1040 3601 proprietates,
1050 3521 1102 3578 rto
