2434 3925
416 676 717 819 rururrrro.

125 1006 231 1089 Prodit
240 1023 475 1096 post‘editionem
488 1026 679 1098 Zumptianaru
696 1040 770 1080 nunc
786 1024 905 1095 primum
923 1041 998 1082 nova
1015 1026 1087 1082 haec

49 1122 172 1194 integros
185 1122 333 1178 duodecim
350 1124 435 1179 libros
446 1122 628 1179 iustitutionis
643 1124 779 1177 oratoriae
790 1124 829 1177 Μ.
839 1123 916 1179 Fabii
928 1123 1087 1191 Quintiliani

48 1221 200 1277 continens.
243 1222 420 1276 Praeclaram
436 1220 547 1292 quidem
566 1236 682 1292 operam
697 1220 762 1277 huic
783 1222 911 1293 scriptori
928 1222 1026 1293 viginti
1040 1225 1088 1277 ab·

49 1316 111 1374 hinc
123 1320 204 1376 annis
215 1318 488 1391 Henricusllleyerus
501 1320 617 1374 Helveto
625 1318 817 1389 -Turicensis,
829 1320 940 1391 adJ'utus
952 1320 1086 1391 imprimis

49 1413 149 1472 Codice
158 1417 376 1490 bambergensi,
389 1417 550 1489 impendere
560 1424 705 1489 coeperat,
718 1417 769 1473 sed
781 1418 931 1473 dolendum
942 1417 999 1486 cst,
1011 1419 1087 1490 quod

47 1522 110 1585 post
127 1519 284 1573 absolutum
310 1523 437 1588 quartum
457 1517 556 1573 librum
572 1517 617 1571 vir
642 1514 739 1572 doctus
759 1518 889 1572 cessavit.
937 1519 1087 1573 Praeterea

48 1616 147 1687 optime
176 1617 276 1671 meruit
308 1615 343 1671 de
368 1616 535 1685 Quintiliano
559 1615 718 1671 Fridericus
742 1614 905 1670 leonardus
924 1614 1086 1682 Enderlein,

29 1704 34 1712 ’
49 1714 187 1784 gymnasii
199 1713 383 1773 Ludoviciani
394 1716 554 1786 professor,
566 1731 650 1786 quum
661 1714 768 1785 egregii
777 1712 888 1768 Codicis
899 1711 1087 1785 Bambergen-

48 1814 85 1868 sis
97 1812 202 1871 aditum
214 1817 340 1885 quattuor
357 1816 553 1887 scriptionibus
572 1814 747 1871 scholasticis
764 1814 798 1866 ab
816 1827 888 1866 anno
906 1814 1086 1869 1843-1852

47 1912 163 1971 subinde
181 1912 341 1984 Suevolurti
358 1915 469 1971 emissis
492 1916 642 1973 maximam
663 1918 769 1984 partem
789 1910 917 1981 aperiret.
965 1909 1087 1964 Plurima

49 2010 190 2068 hominum
203 2010 375 2066 eruditorum
387 2012 479 2068 studia
490 2014 618 2069 invitavit
630 2012 699 2066 liber
712 2008 850 2076 decimus,
863 2009 933 2062 inter
945 2023 1014 2077 quos
1022 2013 1087 2077 post

49 2111 195 2166 editionem
203 2109 305 2181 Georgi
317 2109 438 2182 Augusti
444 2112 545 2167 Herbst
556 2111 691 2183 imprimis
702 2106 899 2163 memorandus
911 2107 988 2161 estF.
998 2105 1087 2162 Osan-

51 2226 100 2268 nus
113 2209 255 2267 Gissensis
265 2210 420 2281 prolessor.
461 2211 564 2266 Horum
577 2218 603 2267 et
615 2224 795 2282 quaecunque
807 2205 874 2261 mihi
886 2203 997 2260 aliunde
1011 2205 1086 2259 obla·

47 2317 87 2365 tae
105 2313 170 2364 sunt
187 2324 269 2366 curas
286 2307 453 2377 Quintiliano
472 2309 579 2366 dicatas
596 2310 625 2365 in
646 2311 763 2365 fructum
782 2322 862 2360 meae
882 2303 1085 2361 convertendas

47 2407 109 2464 mihi
122 2425 187 2464 esse
200 2408 296 2464 censui
309 2407 456 2482 editionis,
467 2425 533 2467 ,uon
544 2407 612 2462 mihi
626 2409 673 2463 uni
685 2406 738 2462 sed
753 2407 901 2462 universae
915 2405 1086 2460 literatorum

48 2505 185 2564 hominum
199 2507 303 2562 civitati
315 2523 367 2578 pro
380 2507 455 2562 virili
465 2512 544 2577 parte
555 2506 728 2576 profuturae.
770 2504 808 2558 At
819 2502 928 2573 insigne
942 2501 1086 2572 edJumen·

49 2611 99 2662 tum
116 2611 215 2661 nactus
228 2622 290 2661 sum
303 2604 427 2677 diligenti
446 2605 591 2660 collatione
603 2604 664 2673 ejus
676 2602 764 2673 partis
777 2599 888 2656 Codicis
898 2600 1085 2671 Bambergeu·

52 2707 98 2774 sis,
117 2706 196 2775 cujus
208 2704 302 2760 varias
319 2704 453 2758 lectiones
466 2700 617 2757 Enderlein
635 2700 758 2757 nondum
773 2699 876 2771 publici
888 2699 959 2769 juris
971 2700 1084 2752 lecerat.

27 2816 28 2855 l
52 2803 152 2861 Gratiae
165 2804 239 2859 hanc
251 2805 287 2859 ob
305 2819 419 2859 causam
430 2802 485 2858 hoc
497 2804 559 2857 loco
572 2800 639 2856 mihi
654 2796 782 2871 agendae
797 2801 860 2852 sunt
870 2797 992 2851 Antonio
1004 2796 1081 2851 Lins-

52 2917 139 2975 noyer
150 2944 157 2969 ‚
169 2916 244 2957 nuuc
254 2900 433 2957 Monacensis
445 2900 586 2971 gymnasii
597 2900 741 2970 collegae,
758 2897 804 2966 qui
817 2911 834 2949 a
845 2910 889 2948 me
900 2902 1014 2966 rogatus
1027 2896 1084 2950 acri

54 2998 187 3072 diligentia
203 3004 231 3053 et
246 2998 350 3070 insigni
367 2997 494 3052 couritate
510 3003 614 3052 certam
632 3012 665 3052 ac
676 2994 762 3050 fidam
779 2992 901 3064 elligiem
915 2995 1084 3064 praestantis

54 3096 116 3154 illius
134 3096 246 3153 Codicis
267 3098 387 3153 coniecit
406 3095 530 3166 mihique
553 3095 703 3150 liberaliter
719 3094 853 3165 permisit.
905 3090 1017 3153 Codicis
1033 3091 1084 3147 hu-

52 3194 89 3263 ius
111 3197 246 3268 scriptura
275 3197 383 3267 primae
408 3193 523 3266 quidem
549 3208 649 3248 manus
677 3209 741 3248 cum
768 3192 893 3248 secunda
916 3194 1007 3248 classe
1034 3179 1108 3247 00!
1138 3235 1141 3240 .

55 3289 137 3348 dicum
161 3293 323 3362 Quintiliani
349 3294 512 3366 plerumque
534 3291 688 3357 consentit,
718 3297 814 3346 contra
837 3291 963 3346 secunda
984 3305 1083 3345 manus

55 3391 217 3448 emendantis
235 3368 340 3448 librarii
354 3409 418 3449 cum
433 3392 524 3463 prima
535 3391 643 3460 classe,
661 3389 781 3444 maxime
799 3405 861 3443 cum
872 3389 1021 3444 Florentini
1040 3404 1083 3443 se·

57 3489 138 3546 cmda
147 3505 245 3559 manu,
255 3490 332 3556 uias.
341 3507 404 3547 cum
416 3489 600 3547 Ambrosiano
612 3486 740 3546 codicum
751 3488 875 3608 optImo.ss
901 3487 968 3542 lnde
982 3502 998 3540 a
1012 3484 1082 3542 libro

832 3587 849 3626 a
