2434 3925
189 199 249 262 158
273 244 275 251 .
487 210 524 262 u.'
545 214 624 262 ran.
647 212 866 274 Qumrmmun

185 384 248 431 nnn
259 366 399 444 intelligi:
420 383 520 427 rerum
537 368 602 446 quia
625 366 699 426 istud
715 384 774 426 non
787 367 964 445 negligentia
986 371 1090 441 iudicis
1108 393 1172 436 oon

144 452 269 528 38tingit
282 451 336 513 scd
350 469 460 511 errore.
491 450 570 510 Dixit
586 452 660 510 enim
675 450 857 510 adversarius
873 461 902 511 et
913 453 1039 514 fortasse
1055 475 1185 534 persua·

185 537 236 603 sit;
258 533 341 592 nobis
364 551 436 615 opus
458 543 503 593 est
524 536 585 594 eius
607 534 721 593 diversa
737 535 888 612 opinione,
912 554 986 615 quae
1000 543 1103 600 mutari
1119 561 1186 602 non

185 626 300 695 potest,
324 619 377 676 nisi
399 618 480 681 illam
496 618 650 678 fecerimus
665 616 702 676 ad
719 634 753 676 ea
769 635 843 695 quae
859 619 987 679 dicemus
1003 623 1131 684 docilem
1152 637 1186 686 et

184 703 330 760 intentum.
368 699 441 773 Quid
458 717 533 777 ergo
547 698 612 759 estt
642 700 833 761 lmminuenda
849 703 989 779 quaedam
1007 715 1036 766 et
1051 707 1183 771 levanda

185 794 213 843 et
234 785 315 861 quasi
338 785 548 844 contemnenda
571 802 654 858 esse,
677 786 845 860 consentio,
867 787 903 845 ad
920 790 1118 850 remittendam
1135 795 1182 852 in·

184 869 339 927 tentionem
363 869 480 942 iudicis,
511 885 594 944 quam
607 868 781 934 ¹adversario
803 877 947 946 praestat,
977 880 1008 930 ut
1028 874 1099 934 iecit
1120 895 1181 954 pro

143 950 296 1027 39Ligario
315 948 430 1010 Cicero.
475 951 549 1024 Quid
572 952 646 1010 enim
670 950 775 1028 agebat
791 951 867 1012 aliud
890 954 981 1014 ironia
1001 955 1065 1031 illa,
1089 977 1182 1036 quam

184 1044 214 1094 ut
235 1032 344 1094 Caesar
367 1036 458 1093 minus
477 1036 506 1093 in
532 1045 593 1094 rem
617 1043 754 1114 tanquam
777 1052 834 1096 non
863 1053 966 1096 novam
991 1040 1182 1102 intenderet?

184 1117 258 1191 Quid
273 1135 326 1195 pro
339 1115 450 1192 (laelio,
469 1135 552 1196 quam
567 1127 597 1176 ut
614 1136 662 1176 res
678 1120 882 1196 expectatione
897 1122 990 1179 minor
1003 1123 1182 1187 uideretur?

265 1201 372 1260 Verium
391 1219 427 1259 ex
444 1202 504 1275 his,
522 1219 595 1279 quae
613 1204 831 1279 proposuimus,
852 1204 930 1265 aliud
943 1207 971 1264 in
987 1207 1043 1265 alio
1062 1224 1181 1283 genere

142 1294 291 1347 locausae
306 1285 464 1349 desiderari
479 1283 573 1363 palam
589 1294 643 1344 est.
683 1284 778 1345 (lene
788 1304 825 1346 ra
842 1304 930 1365 porro
946 1307 1097 1351 causarum
1112 1294 1180 1371 plu·

184 1369 246 1426 rimi
262 1369 386 1446 quinque
399 1368 539 1443 fecerunt,
552 1368 713 1443 honestum,
729 1369 844 1444 humile,
861 1371 981 1430 dubium·
990 1374 1040 1435 rel
1053 1392 1180 1455 anceps,

184 1451 358 1526 admirabile,
375 1450 542 1511 obscurum:
558 1452 586 1512 id
602 1462 648 1512 cst
662 1452 790 1529 ἔνδοξον,
805 1447 919 1530 ἄδοξον,
932 1449 1107 1535 ἀμφίδοξον,
1118 1483 1182 1522 πα·

184 1530 317 1616 ράόοξοο,
333 1530 658 1614 δυσπαρακολούθητον.
685 1536 858 1609 Quibusdam
869 1547 952 1597 recte
963 1541 1075 1600 videtur
1088 1545 1182 1604 adiici

141 1628 174 1681 41
181 1627 275 1696 turpe,
293 1619 369 1696 quod
388 1619 434 1678 alii
449 1618 555 1693 humili,
576 1619 625 1679 alii
641 1619 798 1680 admirabili
809 1620 971 1680 subiiciunt.
995 1623 1179 1693 Admirabile

183 1710 276 1762 autem
289 1711 411 1778 vocant,
425 1704 502 1780 quod
519 1710 563 1760 est
573 1711 691 1780 practer
703 1704 867 1781 opinionem
879 1706 1020 1766 hominum
1036 1712 1179 1773 constitu·

183 1795 250 1844 tum.
280 1784 312 1844 ln
327 1787 442 1864 ancipiti
454 1788 575 1847 maxime
586 1786 750 1846 benivolum
761 1789 894 1862 iudicem,
912 1791 940 1848 in
952 1789 1076 1851 obscuro
1094 1793 1178 1853 doci·

182 1869 249 1945 lem,
265 1871 294 1929 in
308 1869 405 1929 humili
421 1879 557 1930 attentum
569 1888 673 1947 parare
688 1870 834 1931 debemus.
862 1871 933 1931 Nam
948 1873 1100 1935 honestum
1113 1881 1178 1957 qui·

182 1954 246 2014 dem
264 1955 299 2015 ad
316 1954 548 2015 conciliationem
563 1955 632 2014 satis
649 1973 702 2033 per
718 1974 751 2015 se
768 1955 862 2031 valet,
877 1956 1035 2019 admirabili
1051 1970 1080 2020 et
1098 1965 1178 2040 turpi

139 2045 173 2099 tt
183 2040 318 2098 remediis
331 2056 403 2117 opus
419 2048 472 2098 est.
499 2037 543 2099 Eo
557 2039 669 2118 quidam
681 2039 828 2099 exordium
840 2042 867 2099 in
881 2040 951 2101 duas
967 2042 1094 2103 dividunt
1109 2064 1177 2122 par-

182 2131 238 2197 tes,
256 2124 443 2201 principium
458 2131 487 2182 et
501 2125 746 2199 insinuationem,
769 2132 800 2182 nt
818 2126 855 2184 sit
875 2126 904 2183 in
923 2126 1070 2204 principiis
1092 2139 1179 2189 recta

181 2205 394 2265 benivolentiae
415 2216 443 2266 et
464 2208 628 2266 attentionis
658 2207 831 2284 postulatio,
859 2225 933 2285 quae
959 2227 1026 2268 esse
1047 2213 1076 2269 in
1097 2215 1177 2291 turpi

183 2306 287 2348 causae
308 2308 418 2365 genere
439 2308 494 2349 uon
515 2292 624 2369 possit;
648 2291 799 2351 insinuatio
825 2302 959 2369 surrepat
977 2295 1094 2370 animis,
1113 2314 1176 2356 ma·

180 2374 256 2432 xime
283 2373 329 2432 uhi
349 2373 429 2432 frons
456 2392 562 2435 causae
582 2390 640 2434 non
656 2376 725 2449 satis
741 2375 864 2435 honesta
880 2385 941 2451 est,
961 2376 1010 2436 vel
1033 2379 1099 2455 quia
1122 2398 1177 2438 res

181 2458 217 2515 sit
233 2456 362 2533 improba
376 2457 506 2535 vel'quia
523 2457 682 2517 hominibus
702 2476 801 2536 parum
817 2458 970 2536 probetur:
991 2470 1039 2520 aut
1055 2463 1079 2520 si
1095 2462 1179 2523 facie

182 2557 297 2618 quoque
320 2542 382 2618 ipsa
405 2543 544 2619 premitur
566 2542 615 2602 vel
637 2542 778 2603 inuidiosa
802 2544 985 2602 consistentis
1002 2562 1039 2603 ex
1054 2546 1178 2605 diverso

138 2624 296 2701 43patr0ni
318 2633 365 2683 aut
390 2627 479 2702 patris
500 2626 550 2686 vel
564 2623 722 2685 miserabili
742 2627 836 2701 senis,
860 2629 958 2701 caeci,
980 2628 1105 2687 infantis.
1137 2628 1179 2689 Et

180 2707 294 2786 quidem
316 2707 419 2786 quibus
443 2709 581 2768 adversus
602 2707 677 2769 baec
691 2710 782 2769 modis
803 2711 840 2769 sit
858 2711 1043 2785 medendum,
1065 2712 1177 2771 verbo-

179 2793 238 2850 sius
253 2791 366 2851 tradunt
381 2794 573 2870 materiasque
589 2792 644 2852 sibi
659 2793 714 2869 ipsi
735 2794 843 2869 tingunt
861 2802 890 2852 et
906 2794 942 2853 ad
957 2812 1066 2854 morem
1081 2797 1176 2855 actio·

178 2893 244 2934 num
258 2885 484 2954 prosequuntur;
500 2877 552 2937 sed
566 2875 632 2951 hae,
650 2894 714 2935 cum
729 2878 855 2942 oriantur
870 2896 907 2937 ex
923 2880 1034 2951 causis,
1053 2895 1177 2956 quarum

179 2960 294 3036 species
313 2961 453 3037 consequi
468 2976 566 3019 omnes
578 2978 636 3019 non
650 2977 813 3038 possumus,
831 2962 885 3019 nisi
900 2961 1077 3037 generaliter
1094 2979 1176 3023 com-

136 3042 400 3120 tlp'rebenduntur,
418 3046 447 3103 in
469 3044 605 3104 inlinitum
621 3052 685 3102 suut
702 3044 905 3105 extrahendae.
938 3044 1034 3117 Quare
1049 3046 1175 3122 singulis

180 3126 328 3185 consilium
350 3146 388 3188 ex
408 3129 526 3206 propria
549 3129 661 3187 natione
681 3136 825 3186 nascetur.
863 3127 936 3188 lllud
960 3130 987 3188 in
1007 3130 1174 3188 universum

178 3213 396 3288 praeceperim,
412 3220 442 3270 ut
457 3210 492 3271 ab
508 3211 568 3287 his,
585 3229 659 3288 quae
678 3210 812 3276 laedunt,
830 3212 865 3270 ad
881 3230 930 3286 ea,
948 3231 1022 3290 quae
1039 3223 1173 3290 prosunt,

177 3292 363 3369 refugiamus.
406 3296 437 3354 Si
467 3313 553 3354 causa
575 3293 785 3369 laborabimus,
808 3312 933 3372 persona
956 3295 1125 3362 subveniat:
1148 3299 1174 3355 si

177 3384 321 3455 persona,
339 3395 439 3445 causa:
455 3380 480 3437 si
495 3377 581 3452 nihil,
598 3378 675 3455 quod
690 3390 744 3436 nos
760 3378 889 3453 adiuvet,
907 3380 971 3455 erit,
987 3397 1172 3458 quaeramus,

180 3461 243 3487 “²¹
266 3461 459 3522 'iversariuru
481 3462 591 3531 laedat;
613 3478 677 3522 nam
699 3470 729 3521 ut
746 3461 875 3540 optabile
889 3470 951 3540 est,
972 3462 1038 3542 plus
1060 3461 1174 3523 lavaris
