2434 3925
157 190 217 251 124
313 250 316 260 ,
461 204 498 253 ιι.
514 205 594 252 usn.
613 204 831 265 nnmmnmm

153 359 282 425 dcrunts
301 375 374 431 nor,
396 357 478 436 quod
494 360 551 420 ooli
570 360 757 437 occepimus,
776 360 809 418 in
828 377 930 421 omnen
954 366 1056 422 terror
1080 361 1155 421 dir·
1202 406 1203 417 ι

109 442 319 507 minuemus.
361 439 406 500 Fit
425 443 510 501 etiam
531 451 676 520 assumpta
697 442 746 500 illu
768 442 874 518 figura,
900 460 955 520 quu
976 443 1066 503 verbu
1099 444 1139 503 de

147 525 257 584 -clinuto
272 532 450 602 repetuntur,
463 526 540 603 quod
555 515 764 605 ἆντιμεταβοιὴ
775 526 893 586 dicitur:
909 524 986 602 Non,
998 535 1031 587 nt
1041 528 1153 602 edam,

151 611 238 676 ciem·
258 610 330 684 ιιι,
352 616 385 669 ut
403 610 516 679 riuum,
539 611 607 671 erto.
644 607 682 668 Et
700 608 777 686 quod
793 607 1053 688 upudCiceroncm
1077 628 1153 670 con·
1202 658 1203 667 ,

152 709 267 751 versum
291 693 329 751 itu
354 699 414 768 est,
438 699 487 767 ut,
512 710 575 753 cum
597 693 781 752 mutationem
803 710 886 755 cesus
911 692 1032 769 habeut,
1058 696 1152 758 etism

153 776 283 841 similiter
310 776 436 836 desinat:
468 773 507 837 Ut
535 784 566 837 et
589 779 657 839 sine
680 777 798 837 invidio
826 777 918 855 cnipo
939 779 1102 854 plectatur
1124 788 1155 839 et
1202 846 1203 861 χ

110 862 216 924 florino
230 860 323 937 crtlpo
335 860 453 921 invidio
465 868 606 937 ponatur.
636 859 719 933 Quod
736 869 765 919 et
782 860 884 920 eodem
899 860 1021 920 cluditur
1034 861 1151 921 verbo:

152 953 183 1002 ut
197 943 274 1021 quod
288 944 356 1004 dicit
371 942 408 1002 de
425 943 545 1019 Roscio,
561 941 690 1021 Etenim,
711 960 780 1004 cum
799 947 913 1025 artifex
933 946 1084 1006 ιίιιιιηιιιι
1099 947 1152 1021 cit,

150 1035 184 1087 ut
203 1028 286 1088 sotus
306 1028 417 1105 dipnur
434 1028 577 1089 rideatur
598 1046 675 1104 ecre,
697 1030 750 1106 qni
768 1046 893 1090 ocenum
912 1029 1060 1097 introeutr
1086 1038 1154 1089 tuus

150 1112 201 1171 cir
222 1112 368 1172 eiusmodi
393 1118 451 1186 est,
480 1120 511 1171 ut
528 1113 612 1173 soluo
627 1113 771 1174 videatur
789 1113 918 1191 dipnuu,
944 1114 997 1191 qni
1022 1132 1058 1174 eo
1088 1132 1153 1175 nort

152 1197 291 1255 accedat.
318 1192 372 1253 un
385 1203 414 1253 et
423 1195 452 1254 in
463 1195 622 1255 nominibus
634 1206 672 1255 ιιι
683 1195 798 1255 diverso
811 1197 961 1256 collocatis
973 1214 1024 1255 sua
1034 1199 1150 1272 gratio:
1202 1222 1203 1233 ι

151 1277 188 1339 Si
217 1276 331 1339 Coroni
355 1274 520 1339 Antonius:
546 1277 661 1340 Brutus
687 1279 797 1350 tortior
821 1282 850 1341 si
875 1287 1072 1342 reserrentur
1103 1282 1153 1341 rei

151 1361 294 1441 publicae
313 1360 447 1422 Brutus:
466 1363 557 1424 ironic
578 1360 734 1424 Antonius.

110 1457 145 1513 87
236 1443 311 1505 Olim
323 1444 410 1523 plura
424 1445 461 1506 de
477 1446 576 1524 figuris
592 1464 675 1524 quum
690 1463 815 1506 necesse
830 1454 909 1522 erut,
925 1455 954 1505 et
970 1445 1062 1506 adhuc
1079 1450 1148 1522 erit,

154 1530 202 1608 qui
215 1537 296 1608 putet
311 1546 378 1588 esse
394 1529 527 1606 figuram:
543 1529 731 1593 Incredibile
751 1538 806 1606 cst,
827 1534 909 1609 quod
919 1531 999 1606 dico,
1018 1531 1078 1591 sert
1094 1551 1148 1592 oe

152 1631 241 1684 rum;
274 1603 493 1693 ἆνθιποφορᾶν
516 1624 636 1682 nocuum
666 1624 695 1674 et
730 1610 1147 1692 superterrenorum,
1202 1616 1203 1633 ¹

154 1716 208 1775 epo
229 1698 291 1772 tis,
317 1715 372 1775 epo
390 1706 454 1794 ιρι,
479 1696 627 1773 trientem
654 1706 683 1757 et
711 1696 841 1777 inopius
860 1704 982 1761 euectus
998 1716 1067 1759 uum
1089 1700 1147 1760 sed

109 1783 247 1846 88reuteo
267 1781 310 1843 ud
328 1783 526 1860 propositum,
544 1776 668 1859 ἄφοδον.
705 1781 851 1855 Quaedam
865 1780 1020 1840 verborum
1035 1782 1146 1859 figurae

153 1865 269 1944 paulum
290 1864 388 1941 figuris
411 1867 615 1927 sententiumm
634 1866 828 1941 declinantur,
846 1873 876 1924 ut
890 1865 1038 1926 dubitatio.
1073 1865 1145 1926 Num

155 1969 217 2010 cum
235 1958 279 2010 est
295 1950 323 2008 in
337 1968 385 2026 re,
406 1950 497 2030 priori
511 1951 585 2030 purti
600 1949 770 2028 assignanda
785 1946 842 2018 ιιις
859 1968 922 2010 cum
935 1950 961 2008 in
976 1949 1079 2026 verbo,
1100 1970 1144 2011 se·

154 2036 266 2117 quenti.
296 2032 368 2098 Sine
388 2055 435 2097 me
455 2037 599 2098 malitium
623 2038 688 2097 sice
713 2036 868 2097 stultitiam
888 2035 992 2095 dicere
1019 2043 1144 2112 oportet
1202 2091 1203 2096 ,

112 2131 146 2185 89
155 2121 226 2182 Item
248 2122 438 2181 correctionis
459 2121 560 2180 eadem
581 2120 656 2179 ratio
679 2128 733 2178 est.
770 2118 841 2179 Num
855 2118 933 2197 quod
948 2118 1009 2177 illic
1024 2117 1143 2194 dubitat,

153 2207 201 2267 hic
217 2205 361 2270 emendat.
405 2203 498 2264 Etiam
518 2205 547 2263 in
573 2220 718 2281 personae
738 2203 854 2262 fictione
875 2202 1009 2262 accidere
1032 2203 1144 2279 quidam

154 2290 229 2349 idem
243 2296 424 2368 putaverunt,
440 2290 513 2347 utin
528 2287 626 2347 verbis
644 2281 723 2346 esset
739 2287 812 2346 hoec
827 2286 932 2363 figura:
950 2283 1146 2359 Grudelitotr'r

154 2381 251 2435 muter
272 2380 316 2433 est
336 2374 488 2441 amomon,-
516 2380 546 2431 et
571 2371 647 2449 apud
667 2370 850 2435 Menandrum
880 2368 1016 2447 Oedipum
1039 2367 1144 2431 Thrio-

152 2459 226 2517 rius.
258 2455 338 2515 Haeo
351 2458 444 2515 omnic
462 2456 611 2535 copiosius
634 2464 698 2514 suut
714 2456 838 2529 executi,
854 2455 902 2532 qui
917 2469 974 2512 non
989 2460 1020 2512 nt
1034 2462 1144 2531 purtem

154 2541 253 2619 operis
267 2548 497 2599 transcurrerunt
512 2539 563 2599 sed
578 2541 697 2618 proprie
713 2538 802 2599 libros
813 2538 880 2597 huic
896 2537 979 2615 operi
993 2536 1143 2597 dedicare·

153 2634 228 2700 runt,
240 2624 314 2683 sicut
327 2620 482 2698 Caecilius,
493 2621 660 2698 Dionysius,
673 2619 1000 2697 Rutilius,·Gomificius,
1006 2620 1145 2681 Visellius

153 2709 261 2786 aliique
284 2724 342 2766 non
363 2708 462 2785 panci;
486 2707 538 2767 sed
561 2724 619 2766 non
639 2708 730 2766 minor
752 2708 806 2765 erit
830 2722 946 2780 eorum,
968 2706 1016 2782 qui
1035 2705 1143 2779 uiuunt,

112 2793 255 2870 togioria.
290 2790 328 2851 Ut
350 2790 446 2851 intuor
464 2800 575 2866 autem,
602 2790 757 2850 nerbomm
785 2806 902 2867 quoque
927 2789 1033 2865 figuras
1055 2804 1143 2866 posse
1202 2803 1203 2824 ³

154 2877 254 2955 plures
270 2875 393 2954 reperiri
410 2892 426 2933 a
446 2874 630 2953 quibusdum:
645 2876 685 2934 ita
698 2876 744 2949 iis,
760 2891 834 2952 quae
850 2872 886 2933 ab
905 2870 1068 2932 auctoribus
1087 2872 1142 2931 clu·

154 2962 194 3019 ris
220 2960 367 3019 truduntur
393 2959 547 3034 meliores,
575 2975 633 3018 non
659 2960 811 3018 assentior.
847 2955 919 3016 Num
939 2957 967 3014 in
987 2956 1084 3034 primis
1106 2955 1141 3014 ii.

154 3042 265 3103 Tullius
279 3044 383 3103 multas
398 3044 427 3101 in
442 3044 527 3102 tertio
543 3042 579 3102 de
597 3051 715 3102 oratore
732 3042 806 3100 libro
819 3042 926 3119 posuit,
943 3056 1014 3117 quas
1033 3040 1061 3097 in
1075 3037 1143 3098 Oru-
1202 3085 1203 3130 ,

154 3134 220 3186 tore
237 3136 340 3204 posteo
362 3126 471 3204 scripto
490 3126 665 3186 transeundo
681 3124 794 3185 videtur
813 3126 878 3204 ipsc
894 3124 1058 3190 damnasse;
1076 3139 1142 3200 qun·
1202 3139 1203 3174 ι

154 3227 216 3270 rum
233 3226 301 3287 pars
316 3218 379 3285 cst,
395 3228 469 3287 quae
484 3210 689 3269 sententiarum
708 3211 803 3287 potius
823 3226 906 3286 quum
919 3206 1073 3266 verborum
1089 3208 1141 3265 sit:

155 3303 187 3353 ut
199 3294 365 3368 imminutio,
382 3293 577 3371 improvisum,
593 3294 700 3370 imago,
716 3292 770 3352 sibi
786 3293 841 3370 ipsi
857 3292 1021 3369 responsio,
1037 3290 1143 3365 digres-

155 3378 217 3454 sio,
243 3377 411 3455 permissio,
443 3379 631 3453 contrurium,
658 3376 737 3454 (hoc
757 3378 832 3434 enim
846 3384 932 3455 puto,
955 3373 1032 3451 quod
1046 3373 1144 3432 dicitnr

115 3469 148 3526 91
157 3454 342 3540 inconcinne)
364 3468 475 3539 sumpts
497 3478 534 3521 ex
549 3460 674 3521 adverso
690 3459 833 3539 probatio.
871 3458 1018 3533 Quasdam
1034 3457 1143 3518 omnino
