2434 3925
169 185 211 251 58
476 201 513 249 rs.
530 200 609 249 san.
628 200 848 262 nummum

167 374 220 417 ves
233 354 282 415 vel
307 363 389 433 aptas
408 354 589 432 opinionibus
612 353 755 415 hominum
779 372 814 415 ac
837 355 975 418 moribus.
1011 357 1063 417 llis
1087 360 1166 421 enim

167 440 256 501 salvis
272 438 341 497 licet
356 456 503 498 assumere
517 456 562 515 ea,
579 438 681 517 quibus
699 439 839 499 illustrem
854 439 919 514 lieri
935 442 1096 501 orationem
1111 463 1165 522 pu-

166 533 226 598 tat,
242 521 372 596 delecta,
390 522 545 596 translata,
563 522 720 602 superlata,
739 522 892 582 adnomen
907 523 1049 600 adiuncta,
1067 526 1164 605 dupli·

167 610 212 667 cia
227 614 257 665 ct
271 606 347 678 idern
363 606 569 682 significantia,
587 604 700 685 abipsa
716 607 830 665 actione
847 615 934 685 atque
949 607 985 667 ab
1002 610 1164 670 imitatione

166 707 260 751 rerum
275 706 332 749 non
348 687 541 749 abhorrentia.

124 784 159 839 44
248 773 306 833 Sed
327 773 460 851 quoniarn
479 774 546 831 vitia
567 772 647 850 prius
670 772 868 833 demonstrare
891 774 1025 851 aggressi
1048 793 1161 853 sumus,

166 858 214 917 vel
227 856 284 917 hoc
299 857 397 915 vitium
412 858 459 930 sit,
476 855 553 933 quod
570 852 818 933 nonippusov
838 867 976 917 vocatur:
997 859 1060 918 sive
1083 861 1161 920 mala

167 939 373 1001 consuetudine
393 941 422 997 in
448 938 604 999 obscenum
631 939 808 999 intellectum
833 957 929 999 sermo
951 940 1081 1001 detortus
1104 953 1159 1020 est,

167 1026 213 1102 (ut
227 1025 356 1085 ductore
371 1025 524 1085 exercitus
540 1032 570 1082 et
581 1031 712 1102 patrare
726 1024 820 1098 bedu,
842 1023 917 1102 apud
935 1025 1104 1085 Sallustium
1118 1028 1159 1086 di·

166 1118 212 1168 cta
232 1116 331 1167 sancte
355 1116 385 1166 et
410 1108 543 1185 antique,
565 1107 739 1183 ridentibus,
760 1108 785 1165 si
799 1106 842 1166 dis
859 1107 972 1185 placem
996 1126 1080 1186 quom
1098 1111 1159 1170 cul·

124 1202 231 1270 tspam
250 1208 307 1250 non
329 1190 511 1250 scribentium
536 1190 650 1268 quidem
671 1189 766 1249 iudico
787 1191 840 1250 sed
862 1191 1034 1267 legentium
1060 1201 1160 1253 tamen

164 1275 289 1350 vitanda,
309 1283 447 1352 quatenus
461 1272 551 1332 verba
565 1273 687 1334 honesta
701 1271 828 1333 moribus
842 1274 1031 1352 perdidimus,
1051 1285 1080 1336 et
1096 1280 1158 1336 viu·

166 1357 296 1419 centibus
317 1359 401 1417 etiam
420 1358 496 1415 vitiis
519 1357 678 1417 cedendum
700 1358 767 1436 est)
788 1359 851 1417 sive
870 1360 999 1418 iunctura
1020 1358 1158 1420 deformi-

77 1451 78 1458 ’
164 1451 210 1503 ter
224 1449 318 1517 sonat,
333 1449 373 1516 ut,
389 1441 413 1499 si
429 1460 497 1502 cnm
511 1442 678 1504 bominibus
690 1443 769 1503 nolis
781 1442 863 1519 loqui
878 1459 931 1500 nos
949 1442 1083 1518 dicimus,
1103 1446 1160 1503 nisi

164 1525 221 1585 boc
237 1527 330 1603 ipsum
350 1524 517 1586 bominibus
530 1524 652 1585 medium
668 1525 721 1601 sit,
741 1526 770 1583 iu
789 1524 945 1603 praeianda
964 1526 1094 1585 videmur
1117 1530 1159 1587 in·

167 1608 279 1675 cidere:
308 1608 373 1686 quia
398 1608 494 1668 ultima
513 1610 618 1686 prioris
650 1608 781 1683 syllabae
800 1608 913 1684 littera,
935 1627 1009 1687 quae
1032 1613 1158 1689 exprimi

98 1724 100 1729 ·
165 1694 220 1752 nisi
237 1690 325 1752 labris
341 1691 508 1751 coeuntibus
525 1709 582 1751 non
597 1701 709 1770 potest,
731 1700 779 1752 aut
799 1692 979 1751 intersistere
998 1710 1052 1752 nos
1073 1694 1157 1755 inde·

166 1777 331 1836 centissime
352 1778 431 1852 cogit
454 1784 501 1835 aut
524 1778 686 1835 continuata
708 1793 772 1835 cum
796 1777 965 1854 insequente
982 1779 1010 1835 in
1024 1786 1156 1837 naturam

121 1861 226 1924 ineius
242 1859 441 1938 corrumpitur.
477 1858 620 1937 Aliaeque
641 1861 857 1919 coniunctiones
879 1859 984 1938 aliquid
999 1860 1093 1919 simile
1114 1862 1154 1921 la·

164 1945 251 2020 ciunt,
268 1961 339 2022 quas
355 1943 492 2021 persequi
506 1942 623 2020 longum
640 1952 701 2020 est,
717 1944 745 2002 in
762 1960 798 2005 eo
812 1944 900 2019 vitio,
918 1943 995 2022 quod
1009 1946 1155 2006 vitandum

163 2027 293 2103 dicimus,
310 2036 530 2087 commorantes.
561 2028 620 2088 Sed
631 2027 733 2087 divisio
749 2046 864 2106 quoquc
880 2029 963 2088 allent
978 2028 1098 2088 candem
1113 2032 1155 2088 in-

163 2112 263 2171 iuriam
283 2110 401 2189 pudori,
429 2121 460 2170 ut
487 2111 513 2170 si
538 2113 779 2191 intercapedinis
800 2113 972 2171 nominativo
999 2130 1067 2172 casu
1089 2113 1155 2190 quis

121 2202 265 2258 dlutatur.
297 2193 360 2253 Nec
382 2196 491 2273 scripto
507 2195 592 2254 modo
608 2195 637 2254 id
651 2195 769 2271 accidit,
793 2194 845 2255 sed
861 2197 945 2254 etiam
961 2213 1047 2254 sensu
1063 2195 1154 2273 pleri·

163 2295 219 2356 que
237 2277 365 2339 obscene
376 2278 558 2354 intelligere,
576 2280 631 2338 uisi
648 2280 776 2354 caveris,
799 2280 914 2357 cupiunt
932 2279 977 2356 (ut
994 2279 1068 2356 apud
1084 2277 1155 2338 Ovi·

163 2361 238 2420 dium
264 2358 409 2439 Quaeque
431 2363 523 2423 latent
549 2364 675 2424 meliora
693 2364 802 2442 palat)
825 2370 854 2421 et
875 2380 912 2421 ex
933 2361 1046 2436 verbis,
1076 2379 1154 2439 quae

162 2444 331 2520 longissime
350 2444 386 2504 ab
413 2445 592 2505 obscenitate
615 2445 732 2522 absunt,
760 2447 944 2505 occasionem
970 2444 1154 2523 turpitudinis

161 2545 276 2607 rapere.
306 2527 451 2606 Siquidem
467 2526 570 2589 Celsus
591 2528 780 2608 κακὲμφατον
793 2529 868 2610 apud
882 2529 1041 2606 Vergilium
1052 2537 1154 2605 putat:

416 2611 569 2690 Incipiunt
582 2616 699 2692 opilata
714 2622 891 2675 tumescere.

162 2694 247 2770 Quod
263 2696 287 2755 si
302 2697 441 2773 recipias:
457 2695 525 2754 nihil
543 2695 623 2775 loqui
637 2705 726 2756 tutum
742 2704 796 2755 est.

120 2789 155 2844 48
247 2780 428 2845 Deformitati
443 2780 602 2857 proximum
618 2788 663 2839 est
683 2779 902 2839 humilitatis
922 2779 1035 2853 vitium,
1052 2782 1152 2838 ταπεί-

162 2882 253 2925 νωσιν
273 2872 393 2938 vocant,
417 2878 472 2941 qua
489 2865 533 2922 rei
552 2862 716 2940 magnitudo
736 2863 785 2922 vel
810 2863 932 2943 dignitas
953 2862 1098 2921 minuitur:
1122 2870 1153 2921 ut

162 2945 269 3008 Sason
288 2955 332 3009 est
352 2964 484 3008 verruca
499 2949 539 3008 in‘
557 2966 672 3009 mmmo
691 2947 800 3008 montis
817 2948 940 3007 vertice.
975 2943 1027 3004 Cui
1049 2952 1152 3005 natura

163 3032 334 3089 contrarium
353 3031 405 3090 sed
426 3022 526 3090 errore
547 3048 600 3110 par
621 3039 681 3106 est,
703 3031 799 3108 parvis
815 3029 883 3089 dare
902 3028 1072 3089 excedentia
1088 3044 1151 3087 nro·

163 3112 228 3173 dum
243 3115 370 3189 nomina,
393 3116 447 3173 nisi
465 3132 528 3173 cum
545 3133 582 3173 ex
598 3112 735 3172 industria
749 3116 823 3172 risus
838 3113 904 3174 inde
920 3115 1059 3192 captatur.
1092 3109 1151 3171 lta·

163 3214 218 3274 que
241 3215 296 3255 nec
316 3197 486 3274 parricidam
504 3212 635 3275 nequam
657 3197 764 3258 dixeris
784 3196 926 3257 hominem
946 3213 1002 3255 nec
1023 3194 1151 3255 deditum

162 3279 238 3340 forte
254 3281 398 3339 meretrici
416 3282 587 3360 nefarium
611 3279 688 3358 quod
708 3280 829 3340 alterum
848 3298 947 3358 parum
967 3278 1088 3338 alterum
1108 3279 1149 3335 ni·

12 3411 15 3415 .
120 3365 246 3429 49mium
263 3371 317 3422 est.
348 3362 470 3422 Proinde
486 3364 624 3441 quaedam
640 3362 749 3438 hebes,
765 3363 900 3440 sordida,
920 3365 1030 3437 ieiuna,
1046 3360 1148 3437 tristis,

162 3449 284 3525 ingrata,
300 3446 366 3506 vilis
382 3448 473 3506 oratio
491 3457 545 3508 est.
580 3446 663 3521 Quae
677 3447 744 3507 vitia
761 3446 898 3508 facillime
914 3446 983 3507 dunt
995 3443 1150 3505 manifesto
