2434 3925
670 22 677 54 l

380 168 817 236 msu.onsuon.me.m,r.
1025 161 1082 223 103

77 316 174 402 πήσει
188 324 290 401 potuit.
323 321 394 381 Nam
408 321 527 381 brevior
540 323 599 398 ille,
621 331 652 383 nt
666 326 705 383 ait
727 323 842 401 Cicero,
858 344 874 385 a
892 342 924 386 re
940 325 1083 404 digressio
1092 341 1126 396 56

79 409 218 488 plurimis
233 407 263 466 iit
277 406 379 466 modis.
411 406 469 466 Sed
484 407 557 466 haec
572 409 697 486 exempli
714 412 807 484 gratia
827 410 986 470 sufficient:
1011 411 1084 475 Tam

82 491 122 554 0.
146 491 296 566 Varenus,
312 492 340 551 is
355 492 407 568 qni
421 509 441 551 a
455 492 574 567 familia
584 489 788 556 Anchariana
802 497 923 555 occisas
938 505 1000 564 est;
1015 496 1083 574 boc,

80 593 218 656 quaeso,
241 577 376 651 iudicas,
405 576 566 652 dilipenter
589 578 752 645 attendam·
782 586 810 636 et
837 595 895 656 pro
916 577 1024 638 Milone
1045 579 1087 642 m

80 662 210 738 aspexit
229 678 276 720 me
294 660 354 720 iilis
375 660 497 736 quidem
511 660 623 736 oculis,
649 661 760 737 quibas
779 670 841 721 tum
862 662 993 738 solebat,
1017 683 1085 725 crim

80 745 226 807 amnibus
245 745 346 804 amnia
360 744 543 809 minabatur.
579 743 632 804 Est
652 745 707 803 alia
723 763 779 803 non
796 746 907 822 quidem
923 749 1082 823 reticentia,
1093 761 1126 818 57

82 846 164 906 quae
179 829 216 886 sit
230 828 392 905 imperfecti
408 827 563 903 sermonis,
586 827 638 887 sed
661 836 754 887 tamen
777 831 909 907 praecisa
924 829 1004 890 velut
1020 841 1085 891 ante

82 911 245 988 legitimum
266 912 349 970 linem
372 913 480 970 oratio:
505 920 535 969 ut
560 910 631 971 illud
654 910 752 973 Nimis
771 933 879 992 arpeo,
904 918 1084 975 commoveri

80 996 210 1056 videtur
229 997 428 1065 adolescens,·
448 1005 478 1054 et
506 993 588 1067 Quid
604 998 721 1075 plara?
741 999 841 1077 ipsam
861 999 1085 1060 adolescentem

82 1081 194 1142 dicere
208 1080 348 1140 audistis.

172 1162 335 1222 imitatio
360 1180 493 1222 morum
519 1162 740 1241 alienorum,
763 1181 837 1243 quae
860 1158 1126 1244 ibonociusvelffi

81 1255 115 1308 ut
132 1246 181 1307 alii
199 1247 316 1323 malunt,
329 1247 446 1324 pinnam
461 1247 574 1323 dicitur,
591 1249 647 1307 iam
661 1246 735 1308 inter
751 1249 878 1308 leniores
895 1249 1015 1309 allectus
1033 1269 1083 1310 nn·

82 1332 192 1390 merari
206 1332 314 1408 potest.
344 1330 396 1390 Est
417 1332 491 1390 enim
507 1334 601 1408 posita
619 1332 682 1390 iere
694 1335 724 1405 in
740 1333 899 1408 eludendo,
918 1335 970 1393 sed
985 1352 1083 1393 versa·

82 1423 133 1475 tur
149 1416 220 1473 etin
238 1415 321 1474 iactis
337 1416 410 1473 etin
429 1414 522 1474 dictis.
566 1414 598 1474 ln
613 1416 715 1491 lactis,
738 1416 881 1494 quodem
901 1409 1085 1478 ὑποτυπώσει

83 1499 227 1566 vicinum;
243 1500 272 1558 in
287 1500 382 1573 dictis,
399 1498 485 1577 quale
497 1508 543 1558 est
561 1500 636 1577 apud
651 1498 836 1560 Terentium·

171 1580 211 1642 At
225 1602 280 1660 epo
293 1583 475 1658 nesciebam,
491 1598 635 1660 quorsum
654 1593 686 1643 tn
699 1587 770 1644 ires.
804 1582 939 1646 Parenta

170 1664 250 1727 Hinc
264 1676 309 1728 est
323 1668 464 1744 abrepta,
479 1668 584 1727 educit
597 1676 697 1728 mater
708 1686 767 1747 pro
781 1686 850 1744 sna,

172 1748 268 1811 Soror
282 1752 367 1811 dicta
382 1759 444 1809 est:
462 1752 551 1829 capio
566 1752 732 1827 abducere,
748 1758 782 1812 nt
794 1752 925 1813 reddam
935 1753 1009 1812 saris.

87 1927 134 1979 est
149 1917 458 1998 persolutionem,
475 1919 529 1977 nisi
545 1919 622 1997 quod
639 1918 818 1998 frequentius
835 1928 985 1978 asseverat
1001 1937 1084 1996 quam

87 2004 195 2063 eludit:
218 2003 368 2065 Dicebam
390 2004 505 2065 babere
527 2022 578 2064 eos
597 2013 732 2065 actorem
755 2001 791 2077 0.
809 2001 984 2065 Caeciliam.
1015 2004 1087 2064 Sunt

87 2097 118 2146 et
145 2088 194 2147 illa
221 2088 342 2148 iucunda
367 2098 396 2147 et
424 2087 460 2145 ad
486 2087 760 2147 commendationem
781 2105 844 2145 cnm
864 2088 1005 2147 varietate
1027 2095 1085 2146 tum

89 2173 173 2230 etiam
194 2173 256 2249 ipsu
279 2182 377 2231 natura
401 2172 549 2248 plurimum
568 2181 704 2249 prosunt,
728 2188 801 2249 quae
823 2170 981 2248 simplicem
998 2188 1084 2249 quan·
1167 2241 1169 2245 ,

87 2255 155 2315 dam
171 2265 201 2315 et
221 2272 278 2314 non
307 2264 507 2333 praeparatam
534 2255 712 2315 ostendendo
742 2255 899 2315 orationem
918 2256 1009 2313 minus
1031 2272 1085 2314 nos

88 2348 243 2417 suspectos
259 2340 345 2399 iudici
362 2340 478 2399 iaciunt.
508 2337 581 2397 Hinc
603 2348 648 2399 est
670 2341 752 2417 quasi
773 2340 1009 2417 poenitentia
1033 2340 1128 2401 di-oo

90 2425 151 2483 cti:
176 2431 207 2481 ut
216 2441 274 2500 pro
291 2420 391 2482 Caelio
415 2422 481 2483 Sed
497 2423 571 2500 qnid
586 2442 641 2498 epo
655 2424 699 2484 ita
714 2441 842 2502 prooem
861 2441 1024 2500 personam
1037 2425 1082 2484 in-

89 2508 232 2568 troduci?
261 2505 299 2565 Et
319 2507 422 2585 quibus
442 2509 545 2566 utimur
565 2506 672 2584 vulgo:
692 2506 995 2585 Imprudensincidi.
1027 2506 1085 2568 Vel

91 2609 153 2650 oum
167 2607 308 2668 quaerere
328 2608 402 2666 nos,
426 2591 492 2669 quid
509 2590 651 2667 dicamus,
673 2590 820 2666 fingimus:
840 2588 921 2663 Ouid
934 2591 1086 2668 reliquum

90 2676 155 2736 est?
170 2684 199 2734 et
213 2671 293 2734 Nam
308 2675 383 2752 qnid
396 2677 504 2737 entim?
525 2684 555 2733 et
571 2693 634 2734 cum
649 2674 754 2734 ibidem
770 2677 916 2751 invenire,
937 2683 967 2733 ut
983 2674 1022 2733 ait
1038 2671 1084 2732 Gi·

92 2775 176 2818 cero:
194 2756 292 2819 Unam
306 2760 398 2821 etiam
414 2760 487 2819 mibi
501 2760 649 2836 reliquam
658 2760 830 2820 bninsmodi
841 2761 956 2820 crimen
974 2765 1040 2827 ea,-
1055 2764 1086 2815 et

90 2840 182 2905 Aliud
197 2861 237 2902 ea
250 2843 310 2904 alio
323 2843 479 2903 snccnrnt
493 2844 574 2903 milti.
610 2842 692 2902 Unde
712 2844 796 2902 etiam
816 2842 929 2901 venusti
950 2842 1084 2899 transitus
1093 2845 1126 2900 61

91 2927 171 2993 liunt3
188 2945 245 2985 non
263 2928 328 3003 qnia
343 2928 478 2985 transitus
493 2928 557 3004 ipse
578 2927 615 2984 sit
630 2927 763 3000 schema,
781 2935 811 2984 ut
828 2923 948 2999 Cicero,
969 2933 1085 2983 narrato

91 3011 200 3071 Pisonis
216 3010 363 3088 exemplo,
380 3012 428 3088 qui
441 3010 554 3069 anulum
569 3010 624 3068 sibi
642 3011 707 3069 cudi
722 3008 757 3067 ab
775 3008 893 3067 aurifice
908 3010 937 3066 in
952 3007 1085 3068 tribunali

92 3110 143 3153 suo
156 3095 296 3169 iusserat,
321 3093 402 3153 velut
421 3094 478 3153 hoc
499 3096 527 3153 in
551 3095 716 3153 memoriam
735 3092 866 3151 inductus
887 3090 1005 3152 adiecit:
1027 3091 1086 3154 llic

91 3177 176 3238 modo
191 3195 238 3239 me
255 3179 432 3248 cmnmnnnit
446 3176 565 3239 Pisaeis
579 3179 699 3252 enaim,
716 3177 797 3253 qnod
809 3184 900 3236 tottam
912 3173 1084 3255 effinxerat.
1144 3251 1147 3258 Ι

95 3259 190 3334 Quam
212 3262 313 3321 multis
332 3263 422 3322 istum
441 3264 560 3340 putetis
580 3261 747 3322 bominibus
767 3259 899 3321 bonestis
920 3261 959 3320 de
982 3261 1087 3338 dicitis

93 3345 199 3405 anulos
213 3363 326 3405 aureos
347 3346 530 3407 abstulisse?
556 3343 593 3403 Et
613 3362 676 3403 cum
696 3342 791 3420 aliqua
809 3340 891 3403 velut
905 3344 1085 3420 ignoramus:

94 3426 156 3490 Sed
170 3447 277 3490 earum
291 3447 395 3490 rerum
409 3429 571 3507 artificem,
587 3428 695 3505 queem?
711 3429 896 3504 quemnam?
917 3427 1014 3489 Recte
1025 3426 1087 3487 ad·
