2434 3925
176 148 237 209 244
479 160 609 208 nuuc.
625 158 843 220 anrrmlnnr

176 325 205 375 et
220 314 333 393 quidem
346 331 545 392 nonnunquam
560 304 718 374 levioribus
734 313 843 372 causis:
860 319 889 371 ut
904 310 934 370 in
948 316 1071 391 pneris
1090 334 1187 394 aegro

175 399 299 459 lantibus
324 399 450 458 utilitatis
475 415 574 458 eornm
591 399 689 474 gratia
711 394 799 455 multa
823 395 975 473 fingimus,
1008 400 1122 460 multa
1143 418 1185 459 nor

132 483 275 549 39laoturi
290 483 493 561 promittimus;
515 481 620 541 nedum
644 482 669 540 si
689 480 725 540 ab
742 480 856 539 bomine
872 480 1052 542 occidendo
1074 503 1185 560 grassa·

173 577 220 626 tor
245 565 417 625 avertendus
440 567 477 625 sit
501 574 549 625 aut
568 565 661 624 hostis
682 580 735 642 pro
756 563 849 623 salute
877 566 993 641 patriae
1014 566 1184 628 fallendae

173 659 203 709 ut
220 651 286 724 boc,
303 649 380 729 quod
396 649 467 709 alias
483 649 620 708 inservis
636 665 752 726 quoqne
767 646 1054 724 reprehendendum
1076 661 1146 727 est,
1160 652 1184 709 sit

175 735 246 794 alias
261 735 366 812 inipso
383 735 514 812 sapiente
530 731 709 792 laudandum.
736 729 768 790 ld
784 732 809 789 si
824 733 999 808 constiterit,
1016 734 1129 795 multa
1143 738 1182 793 ian

173 819 260 877 video
275 833 364 896 posse
381 817 509 892 evenire,
526 824 648 895 propter
662 832 735 894 qnae
752 823 850 873 orator
864 813 939 874 bene
955 819 1125 897 suscipiat
1139 819 1182 878 tale

174 918 279 962 causae
294 919 402 977 genus,
421 900 507 978 quale
521 907 633 960 remota
649 899 761 958 ratione
780 897 901 958 honesta
916 916 974 958 non
992 904 1181 982 recepisset

131 984 236 1050 dullen
252 984 309 1044 boc
323 985 399 1059 dico,
416 985 482 1061 quia
499 984 666 1043 severiores
682 986 764 1060 sequi
779 981 876 1059 placet
891 983 987 1059 leges,
1006 1002 1076 1062 pro
1097 996 1180 1064 patre,

173 1069 278 1143 iratre,
303 1069 396 1128 amico
416 1067 660 1146 periclitantibus;
687 1067 800 1125 tametsi
822 1082 880 1125 non
899 1067 1072 1127 mediocris
1094 1070 1181 1130 haesi

173 1153 243 1212 tatio
257 1160 314 1223 est,
331 1151 396 1210 hinc
412 1152 534 1212 institiae
549 1151 700 1230 proposita
715 1150 838 1225 imagine
854 1150 919 1209 inde
935 1151 1080 1228 pietatis.
1112 1151 1180 1213 itud

173 1235 250 1296 dubii
274 1235 479 1314 relinquamus.
513 1235 556 1293 Sit
576 1234 680 1313 aliquis
703 1233 851 1293 insidiatus
877 1242 1000 1308 tyranno
1025 1245 1133 1314 atque
1152 1236 1179 1295 ol

172 1320 201 1379 id
216 1336 299 1378 reus:
325 1327 454 1377 utrumne
477 1319 586 1377 salvum
604 1335 669 1376 enm
688 1315 770 1377 nolet
789 1317 831 1392 is,
855 1318 903 1395 qui
923 1317 1047 1378 anobis
1076 1321 1177 1391 linitur,

173 1400 291 1463 oratori
319 1420 370 1477 an,
387 1403 411 1460 si
426 1401 757 1478 tuendumsusceperit,
775 1409 904 1460 nontam
920 1401 1005 1461 lalsis
1022 1402 1176 1465 defendet

130 1493 256 1566 mquam
272 1486 319 1563 qui
336 1485 412 1563 apud
428 1484 537 1545 iudices
552 1484 655 1544 malam
675 1502 790 1544 causam
804 1481 919 1543 tuetur?
948 1483 1028 1557 Quid
1043 1488 1077 1547 si
1095 1502 1175 1567 qnae·

173 1570 237 1630 dam
252 1569 327 1628 bene
343 1569 420 1628 iacta
437 1569 618 1629 damnaturus
634 1577 678 1627 est
693 1568 796 1643 iudex,
812 1569 866 1627 nisi
882 1586 917 1628 ea
933 1585 992 1628 non
1009 1588 1090 1630 esse
1107 1573 1187 1631 lacta¹

174 1653 401 1712 convicerimus:
428 1671 486 1713 non
505 1653 556 1713 vel
577 1652 634 1711 boc
653 1653 738 1713 modo
754 1651 883 1711 servabit
900 1661 1000 1711 orator
1015 1671 1084 1714 non
1102 1656 1171 1714 inno·

174 1746 286 1797 centem
301 1737 387 1797 modo
402 1737 454 1796 sed
469 1739 553 1797 etiam
567 1735 740 1796 laudabilem
755 1732 869 1795 civem?
896 1734 971 1809 Quid
985 1738 1012 1795 si
1030 1738 1171 1815 quaedan

173 1823 247 1881 insta
271 1830 371 1881 natura
393 1820 445 1881 sed
469 1820 640 1880 condicione
661 1828 821 1899 temporum
843 1819 949 1879 inutilia
968 1820 1088 1882 diritati
1105 1823 1170 1882 soie·

173 1924 249 1965 mus:
271 1922 365 1965 nonne
381 1912 492 1965 utemur
504 1914 568 1966 arte
585 1902 698 1965 dicendi
712 1903 788 1965 bona
804 1902 918 1981 quidem
933 1904 985 1964 sed
1003 1905 1097 1966 malis
1113 1904 1168 1966 arti·

132 1990 227 2049 tubus
242 1986 347 2049 simili?
379 1988 425 2049 Ad
438 1988 495 2050 boc
509 2005 593 2050 nemo
610 1988 759 2063 dubitabit,
776 1990 854 2067 quin,
871 1988 896 2047 si
911 1998 1056 2049 nocentes
1074 1989 1168 2050 mutari
1188 1991 1189 1994 ’

174 2076 201 2133 in
216 2073 319 2134 bonam
333 2082 457 2133 mentem
472 2074 569 2152 aliquo
584 2072 672 2131 modo
687 2074 815 2150 possint,
832 2073 906 2132 sicut
920 2089 1012 2151 posse
1029 2074 1167 2135 interdura

175 2157 358 2230 conceditur,
382 2157 482 2217 salvos
506 2174 574 2216 esse
589 2157 682 2233 magis
700 2155 895 2234 erepublica
912 2157 949 2215 sit
963 2175 1050 2234 quam
1068 2157 1165 2237 puniri

173 2242 203 2300 Si
222 2241 329 2319 liqueat
345 2242 430 2318 igitur
447 2241 571 2316 oratori,
588 2239 711 2300 futurum
725 2238 830 2299 bonnm
845 2240 951 2314 virum,
969 2242 1016 2300 oui
1031 2260 1108 2302 vera
1122 2240 1167 2300 ob

130 2326 318 2384 obiicientur:
341 2342 399 2384 non
420 2325 448 2385 id
472 2333 555 2403 aget,
578 2332 609 2383 ut
624 2323 721 2383 salvus
738 2320 794 2383 siti
824 2323 868 2383 Da
883 2340 972 2399 nnnc,
996 2334 1029 2384 nt
1052 2326 1166 2385 crimine

173 2408 324 2466 manifesto
341 2417 486 2486 prematur
502 2408 560 2468 dur
581 2406 691 2483 bonus,
714 2416 748 2467 et·
763 2408 826 2466 sine
849 2424 906 2486 quo
920 2408 1041 2468 vincere
1055 2408 1167 2469 hostem

173 2491 275 2551 civitas
297 2507 354 2549 non
374 2493 482 2570 possit:
505 2508 600 2551 nonne
616 2491 644 2550 ei
662 2492 817 2551 communis
835 2491 942 2550 utilitas
956 2501 1107 2552 oratorem
1122 2489 1165 2552 ad·

172 2570 307 2635 vocabit?
335 2573 422 2634 Certe
437 2574 586 2635 Fabricius
603 2571 769 2635 Cornelium
783 2574 928 2648 Rufinum,
943 2583 973 2634 et
987 2575 1101 2655 alioqui
1115 2594 1165 2636 ma·

173 2660 230 2720 lum
246 2659 337 2718 civem
358 2667 387 2718 et
407 2658 462 2717 sibi
476 2658 635 2735 inimicum,
659 2667 769 2734 tamen,
794 2659 859 2737 quia
876 2658 975 2718 utilem
990 2660 1107 2721 sciebat
1122 2661 1164 2721 dn

173 2762 253 2818 cem,
279 2743 441 2803 imminente
466 2740 547 2802 bello
569 2743 664 2821 palam
687 2742 834 2802 consulem
856 2743 994 2820 suffragio
1018 2760 1072 2803 suo
1100 2745 1163 2805 fecit

173 2836 260 2906 atque
277 2826 478 2887 admIrantibus
494 2826 664 2904 quibusdam
677 2826 845 2905 respondit,
860 2823 889 2886 A
904 2827 970 2887 eine
984 2845 1019 2889 ee
1039 2828 1163 2905 spoliari

172 2912 262 2973 molle
280 2928 374 2989 quom
394 2911 434 2973 ab
458 2910 542 2971 doute
562 2912 677 2972 venire.
713 2908 772 2985 lta,
795 2911 819 2968 si
842 2909 945 2969 luisset
970 2919 1086 2987 orator,
1113 2929 1161 2973 non

173 2994 353 3055 defendisset
377 2994 499 3054 eundem
522 2992 654 3054 Rufinum
673 2993 723 3054 vei
743 2993 886 3053 manifesti
901 2993 1051 3072 peculatus
1064 2992 1160 3056 renml

131 3076 259 3139 delinita
275 3078 331 3138 dici
348 3086 468 3157 possunt
480 3078 595 3153 similia,
611 3078 665 3138 sed
678 3077 727 3136 vel
742 3095 826 3136 unum
842 3078 928 3137 exiis
943 3076 1093 3156 quodlibet
1108 3080 1157 3139 sni·

173 3162 241 3220 licit.
275 3160 339 3222 Non
357 3164 431 3222 enim
446 3161 503 3221 hoc
524 3162 650 3238 agimus,
672 3169 702 3220 ut
717 3160 792 3220 istud
816 3160 872 3237 illi,
894 3178 980 3238 quem
1001 3160 1155 3236 formamus,

173 3246 236 3303 viro
251 3262 342 3324 saepe
359 3247 395 3305 sit
411 3246 587 3314 laciendum3
612 3245 666 3304 sed
682 3253 728 3318 ut,
754 3245 778 3303 si
793 3244 859 3303 talis
873 3244 1005 3320 coegerit
1019 3246 1107 3321 ratio,
1126 3248 1155 3304 sit
1188 3267 1189 3306 1

175 3338 268 3389 tamen
283 3347 353 3389 vera
370 3329 474 3404 finitio,
490 3336 643 3391 oratorem
660 3347 727 3391 ease
741 3330 840 3390 airum
854 3328 964 3389 bonum
978 3328 1100 3389 dicendi
1109 3349 1152 3408 pa·

133 3414 273 3475 tacitum.
312 3411 486 3491 Praecipere
502 3430 574 3473 vero
592 3430 628 3475 ac
642 3411 775 3506 discere,
801 3411 943 3490 quomodo
960 3412 1044 3471 etiam
1059 3413 1150 3490 proba·
