2434 3925
169 234 231 299 202
318 320 323 331 ,
440 248 443 255 ’
477 250 514 297 ιι.
527 247 838 309 ascomannorum

169 413 367 479 controversa,
383 403 465 463 iocus
480 422 549 464 esse
565 421 623 463 non
641 408 753 483 potest;
769 405 832 462 sive
847 401 942 479 dubia,
958 421 1015 464 non
1029 413 1095 466 sunt
1110 423 1159 469 ar·

167 497 301 565 gumenta
316 487 367 547 sed
383 488 445 565 ipsa
460 490 634 565 argumentis
650 496 746 565 egent.

139 581 158 636 3
251 571 419 631 Dividuntur
444 582 538 632 autern
563 574 591 630 in
618 573 669 631 has
696 572 766 631 duas
789 572 895 648 primas
922 573 1049 649 species,
1078 572 1160 649 quod

168 674 268 716 eorum
288 655 344 716 alia
364 664 443 731 suut,
467 665 497 715 ut
513 656 586 731 dixi,
604 674 679 733 quae
700 656 920 714 necessaria
942 666 1006 714 sunt
1022 674 1158 735 quaeque

168 740 252 800 aliter
266 739 374 799 habere
393 758 426 798 se
441 757 498 798 nou
512 749 648 818 possunt,
670 757 743 817 quae
762 737 864 798 Graeci
879 748 985 798 vocant
1006 736 1158 818 τεκμήρια,
1195 738 1197 743 ’

168 818 259 883 ἄλυτα
287 827 405 901 σημεῖα,
431 841 506 901 quae
528 823 595 883 mihi
615 825 664 882 vix
685 825 831 902 pertinere
852 821 887 881 ad
907 832 1064 901 praecepta
1086 826 1158 884 artis

166 907 312 974 videntum
335 920 398 965 nam
420 907 468 966 uhi
493 915 539 966 est
559 908 679 984 signum»
693 905 864 982 insolubile,
882 905 921 965 ibi
937 926 974 967 ne
990 907 1025 966 lis
1040 907 1158 984 quidem

141 999 223 1055 sest.
260 990 292 1050 ld
314 999 408 1050 autem
430 991 550 1065 accidit,
575 1009 638 1050 oum
659 991 726 1067 quid
745 999 792 1050 aut
811 1008 934 1049 necesse
957 1000 1002 1049 est
1028 991 1091 1049 fieri
1115 991 1156 1050 ia·
1180 1046 1187 1053 .

169 1083 281 1134 otumvc
306 1092 388 1150 esse,
412 1082 459 1134 aut
481 1075 593 1134 omnino
614 1093 671 1133 non
692 1083 789 1153 potest
811 1073 873 1132 fleri
886 1074 934 1134 vei
950 1092 1016 1133 esse
1032 1075 1156 1138 iactum:

168 1175 225 1235 quo
242 1160 270 1216 in
285 1159 379 1217 causis
395 1161 490 1236 posito
506 1176 563 1217 non
582 1168 627 1217 est
645 1158 679 1217 iis
695 1158 772 1218 iacti.
807 1156 870 1217 Hoc
884 1175 975 1235 genus
993 1175 1046 1236 per
1061 1159 1158 1217 omnia

139 1251 297 1319 stempora
311 1242 450 1319 perpendi
467 1242 553 1302 solet.
585 1241 656 1301 Nam
671 1252 700 1301 et
716 1243 811 1301 coisse
827 1260 890 1300 eam
905 1261 968 1302 curn
982 1243 1063 1316 viro,
1080 1259 1159 1319 quae

167 1327 297 1404 peperit,
314 1324 391 1402 qnod
407 1336 452 1384 est
466 1327 614 1404 praeteriti
620 1347 627 1393 ;
645 1336 674 1385 et
690 1326 792 1385 ductus
808 1343 891 1401 esse,
914 1345 977 1386 cum
991 1343 1092 1402 magna
1110 1328 1158 1385 ris

166 1410 244 1468 venti
266 1411 294 1466 in
316 1426 394 1468 mare
408 1410 550 1483 incubuit,
569 1409 646 1487 quod
664 1411 822 1479 coniuncti;
840 1418 946 1469 etcum
962 1412 1050 1484 mori,
1072 1411 1159 1469 cuius

168 1510 219 1553 cor
234 1501 279 1551 est
293 1492 480 1569 vulneratum,
498 1494 574 1571 quod
589 1494 689 1569 iuturi,
706 1512 828 1552 necesse
843 1502 896 1553 cst.
928 1491 990 1553 Nec
1006 1494 1067 1552 iieri
1089 1503 1158 1572 pot·

168 1585 228 1650 est,
245 1584 275 1634 ut
290 1575 328 1635 ibi
344 1579 447 1636 messis
464 1579 517 1653 sit,
537 1576 585 1636 ubi
600 1586 691 1636 satum
705 1595 762 1636 uon
777 1587 835 1644 est;
852 1586 883 1636 ut
900 1578 963 1655 quis
978 1576 1087 1636 Romae
1105 1579 1158 1652 sit,

167 1668 290 1719 comest
308 1658 442 1728 Athenis3
464 1670 494 1720 ιιι
514 1663 551 1720 sit
566 1661 645 1720 ierro
660 1661 841 1737 vulneratus,
865 1664 912 1739 qui
933 1663 994 1720 sine
1017 1661 1157 1721 cicatrice

139 1750 221 1804 6est.
258 1743 317 1802 Sed
333 1745 515 1822 quaedamst
535 1754 693 1804 retrorsum
712 1745 787 1805 idem
804 1746 918 1821 ualent,
941 1754 971 1804 ut
985 1746 1085 1804 vivere
1100 1744 1154 1804 ho·

93 1864 96 1867 -
166 1829 268 1887 minem
285 1829 332 1905 qui
350 1830 455 1905 spirat,
478 1838 507 1888 et
521 1830 633 1907 spirare
648 1831 696 1907 qui
712 1830 790 1888 vivit.
829 1828 975 1902 Quaedam
993 1829 1022 1886 iu
1039 1837 1153 1887 contra·

165 1912 236 1971 rium
251 1927 307 1970 non
321 1921 485 1981 recurruut;
506 1931 561 1973 neo
581 1914 671 1989 enim,
696 1915 761 1992 quia
776 1922 906 1973 movetur
921 1913 969 1992 qui
983 1912 1152 1989 ingreditur,

134 2002 150 2058 7
164 1996 273 2056 idcirco
289 1997 336 2074 qui
350 2006 481 2057 movetur
495 1997 661 2074 ingreditur.
700 1997 796 2071 Quare
813 2006 910 2076 potest
932 2006 961 2056 et
977 1998 1071 2057 coisse
1088 2014 1152 2055 cum

165 2079 245 2154 viro,
262 2097 335 2157 quae
353 2098 410 2138 non
424 2083 551 2159 peperit;
568 2091 597 2140 et
613 2098 671 2141 non
686 2099 752 2141 esse
767 2091 868 2140 ventus
883 2084 911 2140 in
925 2083 1010 2155 mari,
1028 2098 1090 2140 cum
1107 2088 1153 2138 est

166 2161 283 2230 linctus3
304 2181 399 2241 neque
421 2167 520 2243 utique
541 2183 592 2225 cor
615 2167 676 2225 eius
695 2166 872 2225 vulneratum
889 2183 972 2240 esse,
996 2164 1045 2241 qui
1064 2165 1151 2241 perit.

97 2242 102 2288 Γ
167 2243 211 2303 Ac
226 2246 355 2306 similiter
376 2256 467 2307 saturn
487 2247 576 2307 iuisse
600 2258 714 2326 potest,
736 2248 784 2308 ubi
805 2248 934 2308 nonfuit
955 2249 1073 2314 messis;
1095 2265 1152 2306 nec

166 2327 256 2387 inisse
277 2328 402 2406 Romae,
427 2333 475 2409 qui
496 2350 552 2391 non
573 2332 625 2391 iuit
646 2332 782 2401 Ath,enis;
804 2332 967 2393 cecinisse
992 2332 1071 2391 ferro
1087 2331 1151 2391 vul·

166 2421 291 2487 neratus,
309 2415 356 2491 qui
370 2413 457 2475 habet
473 2417 645 2476 cicatricem.
1137 2447 1140 2453 ·
1178 2425 1186 2434 “

137 2500 156 2554 8
250 2494 314 2555 niu
329 2507 393 2556 sunt
407 2500 489 2575 sigua
505 2516 573 2558 non
589 2502 781 2560 necessari
788 2518 822 2574 a,
845 2517 919 2578 quae
935 2492 1032 2559 εἰκότα
1047 2497 1151 2559 Graeci

164 2588 286 2646 vocant;
313 2599 385 2658 quae
410 2584 520 2643 etiarnsi
546 2582 581 2642 ad
603 2582 760 2644 tollendam
783 2583 985 2644 dubitationem
1009 2581 1071 2641 sola
1091 2600 1150 2641 uon

137 2662 323 2739 9suiiioiunt,
345 2673 438 2724 tamen
458 2666 552 2726 adiuta
573 2670 679 2727 ceteris
698 2668 847 2746 plurimum
862 2667 968 2726 valent.
1005 2666 1150 2742 Signum

165 2756 285 2821 vocant,
309 2756 339 2806 ut
357 2749 430 2824 dixi,
454 2754 586 2827 σημεῖον,
615 2769 773 2829 quanquam
794 2752 821 2810 id
849 2751 960 2828 quidam
978 2750 1150 2809 indicium

166 2830 277 2908 quidam
292 2834 490 2909 vestigium
506 2836 732 2909 nominaverunt,
748 2853 801 2913 per
817 2834 893 2912 quod
908 2836 1026 2894 uliares
1043 2832 1149 2892 intelli·

164 2916 252 2991 gitur,
268 2924 298 2973 ot
313 2934 366 2993 per
378 2919 543 2994 sanguinein
559 2919 674 2978 caedes.
703 2917 752 2993 At,
765 2921 829 2996 quia
846 2920 963 2996 sanguis
980 2916 1028 2976 vel
1044 2934 1082 2975 ex
1096 2916 1149 2975 ho·

164 3000 218 3057 stia
232 3002 409 3076 respersisse
426 3010 536 3061 vestem
551 3011 649 3079 potest
662 3002 711 3061 vel
728 3019 744 3060 e
759 3001 873 3061 naribus
889 3002 1076 3080 produxisse:
1091 3017 1150 3059 noo

164 3083 279 3159 utiquo,
304 3086 350 3161 qui
370 3095 481 3144 vestem
505 3095 649 3145 cruentam
670 3085 816 3160 habuerit,
837 3085 1017 3146 homicidium
1033 3084 1147 3143 iecerit.

123 3164 223 3226 loSed
239 3176 269 3225 ut
285 3185 338 3244 per
356 3185 389 3227 se
405 3187 461 3228 non
482 3169 603 3229 sufficit:
628 3171 665 3228 ita
687 3171 792 3229 ceteris
813 3170 973 3230 adiunctum
992 3169 1148 3228 testimonii

165 3248 233 3307 loco
254 3249 380 3326 ducitur,
403 3255 427 3312 si
449 3255 593 3327 inimicus,
616 3255 641 3311 si
660 3254 780 3312 minatus
808 3263 889 3329 ante,
910 3256 935 3313 si
956 3252 1058 3313 eodem
1079 3251 1148 3311 loco

164 3331 229 3400 iuit;
252 3333 353 3411 quibus
370 3338 480 3413 signum
496 3354 559 3396 cum
574 3338 715 3411 accessit,
731 3336 836 3413 efficit,
854 3348 898 3413 ut,
922 3354 996 3414 quae
1011 3343 1148 3412 suspecta

122 3426 153 3479 11
165 3426 261 3493 erant,
277 3426 355 3477 certa
372 3420 528 3479 videantur.
566 3418 683 3498 Alioqui
700 3430 764 3480 sunt
780 3421 917 3500 quaedam
933 3423 1015 3497 signa
1033 3419 1148 3495 utrique

163 3504 237 3579 parti
256 3505 428 3581 communia,
455 3514 486 3564 ut
506 3505 631 3581 livores,
661 3512 787 3565 tumores
813 3504 896 3583 (nam
914 3505 1006 3567 rideri
1027 3507 1150 3582 possunt
