2434 3925
151 149 213 211 tto
461 163 824 226 mussouuurmssu

151 323 256 397 litas,
271 339 309 381 ue
324 336 420 381 sermo
430 318 574 380 subsultet
590 319 746 399 imparibus
756 322 857 399 spatiis
870 324 1011 398 acsonis,
1031 328 1172 387 miscet

45 434 47 437 ·
151 406 239 483 longa
254 405 406 480 breuibus,
423 405 525 482 grauia
538 407 647 480 acutis,
665 405 742 465 elata
756 407 929 482 summissis,
948 417 978 467 et
993 410 1171 490 inaequale

151 499 211 550 tate
226 489 327 549 borum
341 491 465 549 omnium
478 489 554 547 sicut
574 488 679 566 pedum
696 488 854 558 claudicet:
876 492 1006 551 secunda
1036 497 1169 554 varie·

108 582 222 648 litas,
241 574 317 652 quod
337 573 431 632 solum
447 580 493 631 est
507 574 711 649 pronuntiatio.
737 571 783 632 Ac
799 592 834 632 ne
850 576 913 652 quis
928 593 1074 652 pugnare
1095 581 1168 638 inter

150 676 184 717 se
199 666 280 737 putet
301 657 505 736 aequalitatem
520 665 550 715 et
563 657 748 732 uadetutem,
769 674 833 717 cum
853 657 896 718 illi
916 660 1016 718 rirtmi
1044 672 1167 723 contra
1194 682 1195 715 ³

149 745 222 802 riuus
241 743 339 801 vitium
357 742 395 800 sit
415 740 623 818 inaequalitas,
650 740 733 816 buic,
761 742 839 819 qnod
863 743 966 802 dicitur
992 744 1165 819 μονοειδὲς,

150 828 232 905 qnasi
247 825 360 903 quidam
374 843 446 884 unus
461 832 608 902 aspectus.
631 823 689 884 Ars
704 842 793 903 porro
808 827 933 886 sanandi
948 845 1014 886 cum
1034 834 1167 905 gratian

149 908 271 989 praebet
292 927 326 969 uc
346 917 467 969 renovat
489 926 591 983 aures,
617 917 676 968 tum
691 909 834 969 dicentem
857 912 919 987 ipsa
933 909 1051 972 laboris
1071 924 1168 975 muta·

149 995 228 1054 tione
247 994 357 1068 reiicit,
378 1001 409 1052 ut
427 991 536 1066 standi,
565 992 743 1068 ambulandi,
770 993 907 1069 sedendi,
933 995 1055 1055 iacendi
1080 1000 1169 1059 vices

107 1086 229 1154 essunt,
255 1077 508 1155 nihilqueeorum
529 1078 588 1154 pati
608 1096 694 1136 unurn
716 1077 763 1137 diu
785 1095 948 1155 possumus.
980 1078 1066 1141 lllnd
1090 1100 1168 1142 vero

148 1162 314 1236 maximnm,
338 1161 406 1238 (sed
426 1161 455 1221 id
475 1159 562 1239 paulo
583 1170 651 1239 post
672 1160 873 1241 tractabimus)
892 1161 969 1240 quod
993 1166 1168 1226 secundnm

148 1247 289 1306 rationem
313 1263 424 1321 rerum,
451 1244 613 1322 dequibus
638 1244 771 1320 dicimus,
798 1249 1013 1324 animommque
1040 1248 1167 1310 babitus

150 1328 353 1390 conformanda
368 1345 427 1388 vox
442 1337 497 1405 est,
513 1345 550 1388 ne
566 1327 603 1388 ab
619 1330 751 1388 oratione
766 1330 923 1391 discordet.
949 1329 1091 1392 vitemus
1112 1335 1167 1411 igi·

149 1424 195 1474 tur
209 1413 304 1489 illam,
323 1430 397 1490 quae
415 1412 527 1473 Graece
542 1412 698 1490 μονοτονία
711 1423 848 1490 uocatur,
863 1432 918 1475 una
932 1415 1082 1492 quaedam
1103 1419 1165 1497 spi·

148 1499 219 1558 ritus
235 1514 270 1557 ac
285 1498 349 1556 soni
363 1498 498 1565 intentio:
522 1514 581 1557 non
597 1497 691 1556 solnm
705 1516 742 1556 ne
758 1498 885 1558 dicamus
900 1500 994 1558 omniu
1009 1498 1163 1575 clamose,

150 1580 227 1660 qnod
243 1581 371 1640 insanum
385 1590 445 1657 est,
467 1589 515 1643 aut
529 1583 602 1641 iutra
617 1580 755 1659 loquendi
769 1582 899 1656 modum,
917 1582 995 1660 qnod
1008 1594 1096 1644 motn
1114 1603 1162 1645 ca·

150 1674 211 1740 ret,
231 1673 280 1725 unt
293 1667 444 1725 summisso
464 1684 624 1740 murmure,
646 1683 705 1744 quo
720 1668 806 1725 etiam
817 1665 982 1726 debilitatur
1005 1671 1104 1728 omnis
1119 1670 1160 1728 io
1194 1732 1195 1737 ,

106 1750 253 1817 cotentio:
283 1748 335 1809 sed
355 1759 386 1809 nt
408 1750 436 1808 in
456 1750 558 1809 iisdcrn
579 1749 709 1828 partibus
737 1750 897 1831 iisdemque
922 1750 1080 1812 affectibus
1102 1754 1159 1813 sint

147 1842 243 1894 tameu
265 1834 404 1911 quaedam
423 1850 481 1893 non
504 1834 543 1894 itu
564 1851 685 1911 magnae
705 1835 789 1894 uocis
813 1834 1043 1911 declinationes,
1069 1845 1155 1914 prout

148 1927 197 1979 ant
218 1917 373 1978 verborum
391 1917 514 1996 dignitas
532 1925 579 1978 aut
594 1920 798 1979 sententiarum
818 1927 919 1990 natura
933 1927 981 1979 ant
1003 1918 1153 1999 depositio

148 2011 197 2063 aut
215 2004 342 2082 inceptio
366 2011 414 2063 ant
428 2005 563 2062 transitus
584 2003 759 2080 postulabit:
782 2012 828 2079 nt,
851 2004 900 2081 qni
914 2004 1036 2080 singulis
1053 2007 1151 2083 pinse
1194 2047 1195 2050 κ

147 2095 213 2148 runt
227 2086 393 2161 coloribus,
417 2086 474 2147 alia
491 2095 585 2146 tamen
605 2084 794 2148 eminentiora
815 2087 870 2147 alia
885 2087 1051 2148 reductiora
1073 2089 1150 2149 iece-

147 2180 229 2246 runt,
257 2173 319 2230 siue
343 2187 401 2249 qno
426 2188 462 2230 ne
483 2170 618 2230 membris
646 2171 761 2248 qnide'm
787 2189 854 2232 snas
877 2171 969 2231 lineas
991 2170 1148 2232 dedissent.

107 2258 140 2315 st
147 2254 343 2333 Proponamus
361 2255 435 2314 enim
445 2254 529 2314 nobis
541 2254 612 2314 illud
626 2252 775 2315 Ciceronis
787 2256 816 2314 in
831 2256 962 2315 oratione
974 2255 1149 2317 nobilissima

147 2355 201 2418 pro
210 2337 317 2397 blilone
334 2339 520 2417 principium,
536 2355 632 2397 noune
647 2339 682 2398 ad
696 2339 824 2415 singulas
839 2357 934 2416 paene
948 2339 1147 2400 distinctiones

149 2422 276 2502 quamuis
304 2422 334 2481 in
356 2423 457 2483 eadem
479 2423 555 2482 facie
577 2431 673 2483 tarnen
694 2425 777 2501 qnasi
796 2423 891 2483 uultus
912 2423 1063 2483 mutandus
1087 2432 1147 2484 est:

149 2504 217 2567 nm
226 2523 351 2582 uereor,
372 2507 508 2582 iudices,
529 2526 568 2568 ne
582 2514 672 2585 turpe
686 2508 741 2581 sit,
760 2525 820 2586 pro
834 2507 999 2585 fortissimo
1017 2509 1086 2570 uiro
1099 2508 1146 2568 di·

106 2596 219 2653 ibcere
231 2591 423 2669 incipientem
437 2592 565 2660 timere?
592 2589 721 2650 Etiamsi
727 2599 789 2650 toto
804 2592 957 2669 proposito
973 2600 1146 2651 contractum

149 2684 235 2754 atque
253 2674 442 2750 summissum,
459 2676 524 2753 qnia
540 2684 569 2734 et
585 2674 735 2734 exordium
750 2683 837 2734 estet
851 2674 968 2734 solliciti
984 2676 1145 2737 exordium:

148 2767 242 2818 tamen
257 2759 343 2818 fuerit
357 2776 481 2819 necesse
500 2768 546 2818 est
561 2758 669 2836 aliquid
686 2758 799 2836 plenius
815 2766 844 2817 et
861 2759 1004 2832 erectius,
1028 2776 1091 2818 cnm
1106 2759 1145 2818 di·

148 2844 187 2902 cit
206 2840 266 2903 Pro
283 2844 447 2922 forticauso
460 2845 543 2919 uiro,
565 2861 649 2921 quam
664 2860 728 2902 cnm
743 2839 810 2904 Etsi
821 2861 930 2905 uereor
950 2851 980 2902 ot
998 2841 1098 2921 Turpe
1109 2844 1145 2903 uit

105 2932 177 2988 49et
194 2925 319 2990 Timere.
349 2926 407 2987 lam
431 2928 557 2988 secunda
579 2927 733 3005 respiratio
751 2927 895 2987 increscat
919 2934 1036 3004 oportet
1056 2936 1085 2986 et
1098 2943 1144 2986 ua·

148 3010 231 3069 turali
251 3012 374 3091 quodum
398 3021 518 3088 conatu,
541 3029 598 3089 qno
622 3012 712 3070 miuus
728 3012 832 3088 pavide
850 3009 984 3084 dicimus,
1013 3028 1086 3087 quae
1100 3027 1143 3070 se·

148 3103 286 3172 quantur,
310 3104 339 3154 et
356 3096 433 3173 qnod
448 3095 613 3172 magnitudo
629 3096 713 3155 animi
728 3095 842 3156 Milonis
860 3094 1035 3154 ostenditur:
1058 3091 1143 3155 bunt

147 3194 253 3255 meque
276 3178 399 3257 deceat,
421 3198 490 3241 cum
513 3177 544 3244 Τ.
558 3176 678 3240 Annius
696 3180 763 3259 ipse
777 3179 875 3257 inopis
895 3178 934 3239 de
948 3178 1143 3255 reipublicae

147 3262 245 3322 scinde
267 3279 359 3341 quum
379 3263 419 3324 de
439 3282 498 3325 suo
514 3264 722 3341 perturbatur.
758 3262 871 3322 Deinde
889 3263 971 3340 quasi
987 3261 1142 3337 obiurgatio

149 3345 193 3403 sni
215 3352 272 3403 est:
299 3342 349 3405 Me
369 3347 412 3406 ud
435 3348 501 3408 mus
522 3364 776 3423 consumptorem
798 3347 892 3407 ommi
913 3345 1141 3422 mopnitudiueut

106 3426 260 3511 touffsrre
274 3446 334 3491 non
348 3446 451 3507 posse.
482 3429 554 3490 Tum
575 3430 776 3491 invidiosiora:
798 3428 909 3491 lumen
927 3428 1005 3490 duee
1017 3431 1086 3490 noui
1096 3431 1138 3489 iu·
