2434 3925
23 1 25 106 l

23 127 24 212 l
184 166 245 227 222
498 178 535 225 ιι.
548 176 627 224 raa.
640 177 861 237 numeremur

183 334 246 412 pari
262 332 444 393 deformitate
462 341 492 392 et
507 331 684 393 contrahitur
699 341 728 391 et
743 331 884 407 tenditur,
907 331 961 392 sed
978 340 1071 392 tenso
1091 332 1184 392 subest

182 427 212 478 et
227 417 326 493 labor,
341 424 530 494 tenuaturque
544 433 604 475 vox
619 434 654 476 ac
671 416 819 493 fatigatum
841 416 956 476 dlixum
970 418 1099 494 pectori
1116 435 1183 476 meu

140 511 239 565 satum
253 502 344 560 minus
360 500 467 560 claram
485 509 514 559 et
528 501 610 577 quasi
626 500 758 560 latiorem
770 517 875 579 presso
890 509 1005 577 gutture
1019 501 1111 560 iacit.
1136 501 1180 560 llu

182 602 325 645 merorum
336 600 402 644 raro
416 584 526 644 decens
537 584 674 643 allevatio
686 594 772 662 atque
785 585 943 644 contractio
956 591 1016 651 est;
1034 583 1181 645 breviatur

183 671 257 729 enim
273 669 374 728 cervix
394 677 423 727 et
439 676 554 744 gestum
572 668 714 747 quendam
729 667 863 727 humilem
886 677 972 746 atque
989 668 1145 727 servilem
1162 678 1180 726 e

182 753 263 831 quasi
281 750 490 813 iraudblentum
506 751 591 826 iacit,
608 769 672 810 eum
687 770 720 810 se
736 752 764 809 in
779 749 904 811 habitum
919 750 1123 828 adulationis,
1145 752 1179 811 ad

139 837 353 910 seminationis,
375 844 467 894 metus
489 835 605 912 fingunt.
636 834 751 896 Brachii
772 836 921 896 moderata
942 836 1121 913 proiectis,
1146 854 1179 894 re

181 922 277 981 missis
298 919 423 979 humeris
443 927 530 996 atque
559 918 771 996 explicantibus
794 937 827 979 se
851 920 879 978 iu
898 918 1085 997 proferenda
1108 938 1180 979 mauu

181 1005 296 1082 digitis,
320 1004 472 1062 continuos
496 1012 525 1062 et
546 1002 736 1062 decurrentes
760 1002 843 1063 locos
864 1004 986 1063 maxime
1008 1004 1119 1062 decet.
1155 1003 1180 1060 ιιι

181 1107 244 1148 curn
260 1088 424 1165 speciosius
440 1086 507 1165 quid
523 1086 700 1165 uberiusque
715 1086 867 1147 dicendum
882 1096 987 1161 est‚·ut
1001 1086 1081 1147 illud
1099 1086 1180 1149 Scan

179 1182 271 1250 otqnc
290 1172 469 1232 solitudines
487 1172 557 1232 coci
579 1169 783 1248 respondent.-
812 1173 975 1250 expatiatur
999 1173 1030 1230 iu
1053 1170 1140 1231 latus
1160 1182 1179 1229 ιι

137 1259 243 1335 etipsa
259 1254 469 1334 quodammodo
485 1273 517 1314 se
536 1273 599 1315 cum
615 1264 701 1331 gestu
716 1255 806 1316 tundo
821 1256 924 1315 oratio.
951 1254 1082 1314 Manus
1103 1273 1178 1319 vero.

181 1341 243 1399 sine
268 1338 371 1416 quibus
394 1347 494 1397 trunca
516 1347 596 1398 esset
616 1340 692 1398 actio
715 1357 751 1398 ae
773 1338 893 1415 debilis,
915 1339 965 1397 vir
989 1339 1047 1399 diei
1071 1349 1178 1417 potest

180 1433 251 1502 quot
273 1431 367 1481 motus
389 1421 533 1497 habeant,
563 1441 627 1481 cum
651 1441 744 1501 paene
766 1424 858 1500 ipsam
881 1422 1037 1483 verborum
1065 1426 1179 1503 copiam

180 1515 401 1586 persequantur.
427 1505 499 1565 Nam
515 1516 633 1566 ceterae
649 1516 747 1584 partes
763 1506 928 1585 loquentem
943 1507 1101 1582 adiuvant,
1118 1507 1177 1566 hae.

136 1601 275 1669 eoprope
293 1600 337 1650 est
359 1599 389 1650 ut
404 1589 513 1666 dicam,
536 1592 619 1668 ipsae
641 1589 804 1670 loquuntur.
833 1590 884 1650 His
901 1592 1067 1668 poscimus,
1099 1590 1195 1669 poili,

181 1693 295 1750 cemur,
318 1689 474 1749 vocamus,
499 1675 679 1749 dimittimus,
701 1677 854 1748 minamur,
882 1674 1102 1753 supplicamus,
1134 1674 1195 1734 ab?

179 1761 351 1832 ominamur,
367 1759 514 1833 timemus,
535 1760 761 1835 interrogamus,
778 1776 928 1835 negamus;
952 1758 1114 1835 gaudium,
1135 1760 1173 1817 tri·

180 1844 298 1918 stitiam,
320 1841 542 1916 dubitationem,
561 1843 793 1918 confessionem,
810 1843 1033 1921 poeniteutiam,
1051 1843 1172 1911 modun,

65 1934 70 1937 ’
135 1933 169 1991 et
178 1929 309 2006 copiam,
330 1943 492 2002 numerum,
514 1936 628 2005 tempus
646 1926 831 1987 ostendimus.
862 1925 926 1987 Nou
942 1924 1120 1987 concitanti
1141 1929 1171 1985 in·
1195 1975 1196 1978 ,

177 2008 298 2071 hibent‘l
325 2008 468 2089 probant?
490 2008 683 2071 admirantur?
703 2007 952 2072 verecundantur?
987 2009 1060 2094 Non
1079 2014 1112 2072 in
1133 2013 1171 2072 de·

177 2095 367 2155 monstrandis
380 2094 454 2154 loeis
466 2113 500 2153 ac
513 2097 648 2173 personis
665 2095 866 2155 adverbiorum
878 2105 964 2174 atque
976 2098 1171 2173 pronominum
1195 2095 1196 2098 ’

178 2179 308 2239 obtinent
328 2175 441 2238 vicem?
469 2177 507 2238 Ut
529 2181 557 2238 iu
580 2189 657 2239 tanta
673 2198 727 2258 per
743 2197 843 2239 omnes
862 2189 966 2256 gentes
983 2181 1170 2259 nationesque

177 2263 292 2339 linguae
304 2264 472 2323 diversitate
483 2262 531 2322 bic
540 2263 608 2323 mihi
620 2265 742 2326 omnium
754 2263 895 2324 hominum
908 2265 1068 2324 communis
1082 2280 1168 2324 sermo

176 2347 315 2406 videatur.

134 2438 170 2490 88
259 2428 296 2489 Ει
311 2430 339 2489 hi
356 2431 487 2508 quidem,
511 2433 547 2491 de
566 2431 669 2509 quibus
685 2449 746 2491 sum
763 2431 893 2506 locutus,
918 2449 982 2491 cum
1004 2432 1080 2509 ipsis
1100 2433 1168 2491 voci·
1195 2439 1196 2442 ’

177 2514 230 2573 bus
246 2514 414 2574 naturaliter
434 2524 540 2574 exeunt
554 2524 672 2591 gestum
699 2516 747 2575 alii
762 2524 842 2588 sunt,
872 2516 918 2592 qui
943 2533 992 2573 res
1016 2517 1167 2576 imitatione
1195 2515 1196 2550 l

176 2598 353 2675 significant,
370 2607 399 2657 ιιι
414 2600 439 2657 si
454 2617 573 2676 aegrum
588 2602 751 2677 temptantis
765 2617 855 2658 venas
871 2599 975 2658 medici
991 2599 1166 2660 similitudine

176 2692 223 2741 aut
242 2681 440 2743 citharoedum
455 2683 585 2742 formatis
600 2683 637 2742 ad
653 2684 766 2744 modum
787 2684 976 2761 percutientis
991 2701 1105 2743 nervos
1120 2702 1166 2744 ma·

175 2764 257 2825 uibus
281 2766 433 2833 ostendas;
458 2768 535 2845 quod
551 2776 597 2826 est
611 2786 704 2844 genus
721 2785 803 2845 quam
823 2767 991 2844 longissime
1008 2767 1038 2825 in
1059 2770 1166 2827 actione

131 2852 166 2906 89
174 2849 348 2926 fugiendum.
380 2850 495 2910 Abesse
509 2853 585 2914 ,enim
600 2852 750 2929 plurimum
765 2869 781 2910 a
797 2852 935 2912 saltatore
952 2848 1042 2910 debet
1065 2862 1165 2922 orator,

174 2942 205 2993 ut
219 2935 256 2993 sit
271 2944 371 3010 gestus
387 2935 421 2994 ad
437 2949 552 2994 sensum
567 2937 658 3011 magis
671 2953 754 3014 quam
770 2933 805 2994 ad
816 2935 906 2995 verba
922 2936 1164 2996 accommodatus:

174 3016 251 3094 quod
274 3020 358 3077 etiam
382 3018 566 3078 histrionibus
582 3019 668 3096 paulo
685 3018 866 3096 gravioribus
888 3019 988 3078 facere
1004 3021 1096 3079 moris
1113 3021 1163 3079 luit

173 3099 253 3176 Ergo
271 3111 301 3161 ut
318 3103 354 3162 ad
369 3121 403 3162 se
420 3121 531 3162 manum
546 3103 676 3178 referre,
699 3122 761 3163 eum
779 3104 815 3163 de
838 3121 871 3162 se
889 3104 953 3180 ipso
968 3103 1122 3179 loquatur,
1144 3111 1164 3161 et

173 3185 202 3242 irr
223 3201 305 3259 eum,
334 3203 419 3263 quem
442 3187 637 3262 demonstret,
665 3186 815 3247 intendere
835 3196 864 3245 et
885 3186 981 3264 aliqua
1003 3186 1048 3245 bis
1068 3188 1162 3247 similia

174 3268 370 3345 permiserim·
397 3272 435 3329 ita
456 3288 513 3330 nou
533 3270 675 3347 effingere
693 3280 785 3330 status
801 3272 940 3348 quosdam
962 3279 1007 3345 et,
1032 3269 1162 3350 quidquid

87 3423 91 3436 ι
130 3352 266 3425 90dicet,
289 3353 455 3413 ostendere.
485 3353 589 3433 Neque
613 3356 641 3416 id
662 3356 690 3413 iu
711 3355 839 3415 manibus
861 3354 956 3413 solum
977 3354 1077 3414 sedin
1097 3354 1160 3414 omri

124 3457 144 3482 υ
172 3444 259 3513 gestu
274 3452 399 3496 aovoce
417 3440 587 3498 servandum
603 3450 657 3499 est.
689 3439 754 3499 Noa
771 3439 845 3498 euim
861 3447 908 3498 aut
924 3440 952 3496 iu
969 3438 1019 3497 illa
1034 3440 1159 3517 periodo,
