2434 3925
104 210 162 272 190
349 258 354 271 .
414 219 773 280 u.nsn.onmum1nrn

58 384 209 443 atcertum
230 384 284 436 ost.
331 372 395 434 Nec
414 373 553 433 immerito
576 372 693 432 multum
715 390 753 432 ex
779 371 924 448 diligentia
949 374 1091 450 partiendi

100 460 163 519 tulit
178 458 269 520 laudis
282 457 317 532 Q.
333 458 519 532 Hortensius,
544 460 625 516 cuius
644 466 740 516 tamen
758 455 926 516 divisionem
941 457 969 514 in
984 457 1091 534 digitos

99 543 239 603 diductam
254 559 452 619 nonnunquam
464 538 568 600 Cicero
585 540 689 600 leviter
707 540 804 599 eludit.
832 538 904 599 Nam
916 548 961 598 est
976 559 1043 599 snus
1062 550 1092 600 et

98 627 126 685 in
140 635 226 703 gestu
242 626 354 700 modus,
372 634 401 685 et
417 622 542 700 vitanda,
559 632 590 682 nt
605 641 678 701 quae
692 624 825 697 maxime,
848 625 964 682 concisa
979 624 1090 684 nimium

56 721 90 775 te
100 720 129 769 et
147 709 227 769 velut
240 709 397 769 articulosa
413 709 539 786 partitio.
569 705 640 766 Nam
655 716 684 767 et
700 708 862 767 auctoritati
877 706 1026 784 plurimum
1041 708 1090 768 de·

98 793 211 853 trabunt
226 795 331 853 minuta
345 792 395 852 illa
412 809 467 850 neo
483 793 538 850 iam
550 790 677 851 membra
692 790 745 851 sed
760 790 866 865 irusta,
880 800 910 848 et
924 790 1006 849 buius
1026 791 1091 867 glo·

97 880 158 936 riae
180 877 291 955 cupidi,
314 893 371 953 qno
394 874 525 934 subtilius
547 883 576 934 et
599 876 747 952 copiosius
773 873 906 935 divisisse
930 874 1091 951 videantur,

98 970 127 1020 et
141 978 322 1039 supervacua
341 968 485 1018 assumunt
500 968 546 1033 et,
568 975 641 1035 quae
657 968 756 1018 natura
769 957 924 1034 singularia
942 967 1022 1034 sunt,
1044 977 1092 1017 se·
1191 959 1194 963 ’

99 1053 181 1118 cant,
203 1061 258 1103 nec
279 1053 335 1103 tam
355 1043 436 1121 plura
455 1041 562 1103 faciunt
582 1060 665 1120 quam
687 1042 811 1109 minora;
839 1040 942 1100 deinde
965 1060 1028 1101 cnm
1049 1042 1093 1101 ie·

98 1136 198 1188 cerunt
223 1127 302 1188 mille
327 1125 500 1204 particulas,
528 1128 555 1184 in
582 1125 702 1185 eandem
725 1124 851 1186 incidunt
876 1123 1093 1202 obscuritatem,

98 1220 197 1271 contra
213 1228 297 1289 quam
311 1211 426 1288 partitio
442 1211 556 1269 inventa
572 1218 628 1268 est.

55 1309 90 1363 26
180 1293 218 1353 Et
234 1294 324 1354 divisa
342 1302 435 1353 autem
451 1301 480 1352 et
496 1293 621 1370 simplex
634 1294 815 1372 propositio,
837 1293 969 1371 quotiens
983 1292 1093 1352 utiliter

98 1376 227 1438 adhiberi
240 1386 348 1455 potest,
364 1379 483 1455 primum
495 1376 581 1436 debet
594 1395 661 1436 esse
676 1387 776 1456 aperta
787 1386 872 1454 atque
888 1377 997 1450 lucida,
1014 1376 1093 1453 (nam

99 1462 165 1539 qnid
181 1463 218 1520 sit
233 1462 354 1538 turpius,
371 1478 453 1539 qnam
469 1461 497 1521 id
513 1478 580 1519 esse
595 1460 748 1520 obscurum
762 1463 872 1539 ipsum,
890 1460 967 1537 qnod
985 1462 1011 1519 in
1027 1479 1093 1519 eum

99 1545 192 1604 solum
208 1544 358 1604 adhibetur
374 1563 470 1619 usum,
484 1556 527 1603 tne
550 1546 605 1604 sint
628 1553 726 1605 cetera
741 1541 906 1623 obscura‘l)
922 1552 979 1602 tum
994 1543 1092 1602 brevis

97 1647 153 1688 nec
170 1628 231 1688 nllo
253 1645 434 1706 supervacuo
457 1637 575 1688 onerata
591 1628 693 1687 verbo.
728 1627 793 1688 Non
810 1629 900 1703 enim,
926 1625 992 1704 quid
1015 1627 1092 1686 dica·

57 1721 175 1787 timus,
199 1712 267 1787 sed,
291 1711 327 1771 de
348 1711 405 1789 qno
426 1714 529 1774 dicturi
544 1730 656 1787 sumus,
680 1712 865 1772 ostendimus.
903 1709 1092 1770 Obtinendnm

99 1798 194 1870 etiam,
210 1814 246 1855 ne
263 1797 329 1873 qnid
344 1798 372 1856 in
387 1813 422 1855 ca
439 1796 524 1870 desit,
542 1813 578 1853 ne
594 1795 660 1873 qnid
675 1798 810 1874 supersit.
842 1796 984 1872 Superest
998 1803 1091 1853 antem

98 1882 142 1939 sic
157 1880 231 1956 lere,
249 1897 312 1939 oum
328 1882 417 1940 autin
438 1880 554 1958 species
570 1881 715 1956 partimur,
737 1879 814 1958 qnod
829 1880 857 1938 in
871 1896 979 1954 genera
992 1879 1091 1955 partiri

98 1967 135 2024 sit
150 1966 231 2040 satis,
249 1973 296 2024 ant
313 1984 424 2042 genere
439 1966 534 2042 posito
550 1963 698 2023 subiicitur
713 1966 843 2043 species;
858 1972 889 2022 nt
905 1964 930 2022 si
947 1960 1038 2021 dicam
1053 1960 1090 2021 de

98 2050 220 2123 virtute,
244 2049 365 2124 iustitia,
386 2050 573 2122 continentia,
597 2065 660 2106 oum
681 2049 786 2109 iustitia
806 2057 891 2126 atque
916 2046 1088 2105 continentia

55 2134 209 2199 navinutis
233 2132 288 2190 sint
311 2135 437 2210 species·
477 2132 594 2192 Partitio
617 2133 706 2208 prima
729 2141 790 2207 est,
814 2130 880 2209 qnid
898 2132 950 2205 sit,
973 2130 1008 2189 de
1031 2145 1088 2206 quo

98 2215 262 2282 conveniat3
291 2216 373 2293 quid,
389 2217 425 2276 de
445 2233 501 2294 quo
522 2214 687 2291 ambigatur.
716 2214 747 2275 ln
771 2232 825 2291 eo,
847 2213 923 2291 quod
945 2215 1089 2287 conuenit,

99 2299 166 2376 quid
185 2298 366 2359 adversarius
384 2300 516 2374 latentur,
538 2299 604 2377 qnid
627 2315 694 2366 nos;
717 2301 744 2357 in
764 2315 816 2374 eo,
838 2298 873 2357 de
897 2314 953 2375 quo
972 2296 1089 2372 ambigi·

98 2391 159 2457 tur,
180 2400 254 2460 quae
269 2393 385 2443 nostrae
400 2386 627 2463 propositiones,
644 2400 717 2460 quae
732 2385 820 2460 partis
840 2382 989 2442 adversae.
1019 2379 1088 2440 Pes·

99 2466 198 2525 simum
219 2483 307 2544 vero,
333 2484 389 2527 nou
409 2467 511 2529 eodem
531 2466 631 2526 ordine
652 2469 772 2544 exequi,
799 2483 855 2544 quo
877 2463 1002 2543 quidque
1020 2480 1089 2543 pro-

99 2565 241 2627 posueris.
