2434 3925
355 247 445 296 nass.
468 244 618 294 osanne.
641 245 710 294 ms.
724 245 777 312 ur,
792 242 821 298 3.
1010 234 1068 297 111

60 420 125 484 per
142 410 189 480 et,
204 401 449 480 utcunqnevaluit
464 400 660 475 consuetudo,
676 410 827 462 mutantur.
850 401 969 481 ltaque,
985 402 1009 462 si
1022 421 1071 462 an·

59 490 180 566 tiquam
202 503 365 546 sermonem
385 495 486 544 nostm
509 502 725 563 comparemus,
749 503 843 564 paene
860 488 916 546 iam
935 486 1072 565 quidquid

60 572 216 649 loquimur
237 571 328 648 ligura
351 579 413 629 est:
442 579 473 629 ut
486 571 546 631 boe
561 589 597 629 re
610 571 750 635 innidere
769 587 843 647 uon,
866 579 897 629 ut
911 580 1029 631 veteres
1042 579 1073 631 ei

62 654 177 715 Cicero
201 656 376 733 praecipue,
409 653 491 715 banc
514 672 599 723 reru
632 663 662 714 et
688 656 862 716 incumbere
886 656 932 715 ittt
958 672 1016 714 nou
1040 657 1073 716 io

60 741 170 815 illum,
194 747 224 798 et
242 741 367 818 plenum
380 739 450 800 meo
464 754 521 796 noa
541 739 621 813 vini,
645 745 674 797 et
689 738 760 799 boio
774 756 831 801 nou
850 739 931 800 bunc
945 740 1073 801 adoleri

61 824 125 882 iarn
153 822 257 881 dicitur
286 830 316 881 et
338 821 425 881 «mille
454 821 524 888 alia;
546 823 709 899 utinamque
734 840 792 882 non
818 826 919 901 peiora
946 826 1069 883 vincant.

9 909 17 915 ’
60 907 179 967 Verum
196 906 343 965 schemata
358 903 458 979 λέξεως
477 906 596 965 duorum
618 915 683 965 sunt
702 923 856 983 generum:
885 907 1006 966 alterum
1022 907 1100 971 'lo-2

62 989 176 1070 quendi
192 992 332 1050 rationem
346 998 468 1063 vocant,
490 989 611 1048 alterum
622 993 745 1049 maxime
761 991 955 1051 collocatione
970 994 1070 1069 exqui-

64 1075 156 1134 situm
179 1082 234 1132 est.
270 1073 398 1146 Quorum
417 1075 531 1132 tametsi
551 1082 701 1151 utrumque
716 1078 851 1134 conuenit
868 1077 1005 1136 orationi:
1028 1084 1070 1134 ta·

63 1177 136 1218 men
155 1159 252 1237 possis
269 1156 340 1216 illud
361 1158 632 1233 grammaticum
648 1157 705 1217 hoc
723 1158 950 1243 rbetoricum
979 1161 1071 1235 magis

63 1243 179 1305 dicere.
963 1246 966 1257 '

154 1326 235 1387 Prius
260 1324 293 1385 fit
316 1323 418 1386 iisdem
446 1324 603 1400 generibus
627 1326 730 1404 quibus
753 1330 831 1388 vitia.
880 1325 968 1386 iisset
996 1330 1071 1387 enim

65 1412 209 1472 orationis
237 1411 354 1470 schema
381 1409 498 1483 vitium,
526 1409 632 1468 sinon
658 1420 809 1489 peteretur
836 1411 889 1471 sed
911 1410 1069 1471 accideret.

62 1496 175 1556 Verum
192 1497 379 1570 auctoritate,
407 1500 570 1569 vetustate,
593 1494 801 1554 consuetudine
825 1495 996 1574 plerumque
1020 1495 1100 1561 ἀει-3

65 1579 194 1641 tenditur
213 1597 304 1657 saepe
326 1582 411 1638 etiam
433 1582 545 1639 ratione
565 1579 695 1656 quadam.
733 1577 878 1658 Ideoque,
907 1598 970 1639 eum
996 1580 1033 1639 sit
1054 1596 1071 1640 a

65 1664 191 1742 simplici
219 1673 361 1742 rectoque
390 1663 527 1740 loquendi
556 1682 667 1739 genere
689 1662 820 1737 deflexa,
843 1664 934 1724 virtus
954 1673 1016 1739 est,
1046 1664 1071 1723 si
1173 1676 1205 1707 ³

65 1747 156 1808 babet
175 1747 328 1826 probabile
352 1746 475 1824 aliquid,
499 1748 576 1824 quod
600 1756 747 1825 sequatur.
797 1747 860 1807 Una
876 1757 971 1806 tamen
989 1750 1018 1806 in
1035 1766 1070 1807 re

65 1834 190 1892 maxime
211 1832 306 1905 utilis,
328 1840 358 1889 ut
381 1831 515 1890 cotidiani
537 1848 572 1890 an
593 1849 711 1909 semper
732 1831 836 1890 eodem
851 1831 937 1891 modo
955 1831 1071 1891 formati

65 1918 209 1977 sermonis
227 1907 378 1976 fastidiunt
389 1914 468 1975 levet
483 1924 512 1975 et
528 1931 580 1998 nos
602 1933 618 1975 a
633 1915 745 1992 vulgari
761 1915 875 1975 dicendi
890 1933 1001 1992 genere
1019 1914 1068 1975 dc·

9 2063 33 2080 f
65 2001 174 2062 fendat.
221 2000 283 2073 Qua
296 2002 321 2059 si
334 2001 397 2078 quis
410 2018 499 2078 parce
515 2010 560 2075 et,
579 2018 642 2059 curn
658 2019 706 2058 res
723 2009 842 2078 poscet,
860 2009 971 2074 utetur,
987 2000 1067 2059 velut
1081 2015 1099 2066 4

5 2123 6 2136 κ
66 2102 190 2163 asperso
215 2084 337 2161 quodam
358 2084 539 2143 condimento
561 2085 711 2144 iucundior
734 2085 800 2150 erit;
825 2092 853 2142 at
880 2086 927 2161 qni
955 2085 1069 2144 nimium

67 2169 264 2243 affectaverit,
290 2170 381 2246 ipsam
403 2168 479 2227 illam
502 2168 624 2246 gratiam
645 2169 793 2228 varietatis
813 2169 932 2227 amittet.
972 2167 1067 2241 Quan-

68 2270 152 2332 quam
175 2261 240 2312 sunt
263 2253 402 2330 quaedam
418 2252 529 2329 figurae
548 2255 587 2312 ita
604 2262 760 2330 receptae,
777 2260 808 2311 ut
824 2270 918 2330 paene
940 2254 996 2312 iam
1010 2252 1069 2312 hoc

66 2341 160 2416 ipsum
171 2353 275 2396 nomen
287 2336 454 2413 effugerint:
474 2354 547 2414 quae
560 2338 671 2396 etiamsi
680 2336 790 2405 fuerint
807 2336 985 2416 crebriores²
999 2353 1067 2396 con·

67 2429 165 2481 suetos
181 2439 265 2480 aures
281 2422 373 2479 minus
390 2420 504 2480 ferient.
540 2420 612 2479 Nam
628 2430 762 2480 secretae
778 2429 806 2479 et
823 2430 904 2480 extra
919 2420 1097 2497 vulgaremt

67 2523 148 2565 nsum
173 2506 287 2583 positae
311 2503 437 2582 ideoque
455 2506 546 2581 magis
569 2504 702 2580 nobiles,
727 2513 758 2564 ut
781 2507 909 2564 novitate
931 2506 1067 2580 excitant,

69 2592 108 2649 ita
129 2591 212 2667 copia
228 2590 348 2664 satiant,
374 2605 430 2647 nen
445 2607 478 2648 se
494 2588 596 2649 obvias
612 2590 703 2649 fuisse
725 2589 831 2649 dicenti
851 2589 904 2648 sed
924 2590 1068 2666 conquisi-

69 2682 113 2732 tas
128 2680 156 2731 et
177 2690 215 2732 ex
230 2671 360 2731 omnibus
376 2671 495 2732 latebris
511 2682 657 2732 extremas
679 2682 894 2750 congestasque
908 2673 1068 2733 declarant.

69 2755 150 2816 Fiunt
165 2764 280 2833 ergoet
295 2759 372 2816 circa
384 2774 476 2833 genus
491 2757 601 2834 tl‘gurae
617 2759 646 2816 in
659 2758 836 2831 nominibus,
852 2775 916 2816 nam
930 2765 959 2815 et
973 2757 1097 2821 oculisb

71 2842 151 2919 copti
166 2843 270 2919 talpae
292 2849 322 2900 et
342 2842 440 2902 timidi
454 2842 567 2903 domoc
583 2841 714 2901 dicuntur
731 2841 910 2917 avergilim
934 2839 986 2898 scd
1002 2839 1069 2898 sub-

71 2933 114 2985 est
127 2927 216 2998 ratio,
232 2926 299 3002 quia
313 2942 402 2983 sexus
417 2934 539 3003 uterque
554 2926 647 2985 altero
664 2925 856 3002 significatur,
878 2932 994 3000 tamque
1010 2940 1069 2983 ma·

69 3025 117 3069 res
136 3026 202 3068 esse
224 3009 319 3087 talpas
341 3008 496 3086 damasque
520 3027 603 3086 quam
620 3010 755 3084 feminas,
779 3015 888 3067 certum
911 3015 970 3075 est;
993 3015 1023 3067 et
1039 3008 1069 3069 in

70 3091 179 3153 verbis:
202 3101 232 3151 nt
246 3093 420 3171 fabricatos
438 3101 485 3154 eat
500 3095 639 3171 plodiom
655 3102 683 3151 et
696 3093 851 3153 inimicam
865 3091 992 3169 punitos
1012 3100 1067 3153 eat.

72 3177 152 3252 Quod
176 3177 277 3237 mirum
297 3178 388 3236 minus
410 3185 471 3250 est,
500 3176 577 3254 quod
600 3179 629 3236 in
653 3185 754 3236 natura
774 3174 930 3234 verborum
952 3185 1013 3253 est,
1040 3184 1097 3242 etl

72 3278 142 3340 quae
159 3258 280 3320 iacimus
300 3261 427 3339 patiendi
448 3262 535 3321 modo
551 3278 642 3338 saepe
661 3260 775 3334 dicere,
797 3268 827 3317 ut
842 3261 996 3335 arbitror,
1017 3279 1068 3321 su-

72 3346 190 3423 spicor,-
212 3353 241 3404 et
257 3352 357 3402 contra
373 3344 514 3419 faciendi,
537 3361 612 3421 quae
629 3345 767 3421 patimur,
784 3351 815 3401 ut
831 3347 963 3423 napum,-
987 3345 1067 3404 ideo·

74 3446 127 3507 que
141 3427 280 3506 frequens
296 3430 467 3505 permutatio
485 3438 530 3487 est
547 3437 577 3486 et
594 3427 736 3506 pleraque
755 3436 878 3505 utroque
893 3429 980 3489 modo
995 3427 1066 3488 eile-

71 3521 179 3575 rnntur:
200 3512 394 3591 innonatur,
409 3514 566 3582 tamtum,-
586 3508 769 3591 fluctuatur,
787 3509 936 3589 fluctuate
958 3529 1066 3574 oseem
