2434 3925
350 494 352 498 ’
390 436 674 553 urnuaxn.

15 619 109 670 Libro
129 618 279 686 duodecimo
297 617 361 668 baec
379 622 549 670 continentur:
575 619 762 678 Prooemium.¹
779 616 835 667 Non
855 633 932 683 posse
950 628 1033 669 orato·

64 705 120 739 rem
138 703 195 738 esse
213 689 263 737 nisi
278 689 362 737 virum
380 689 483 741 bonum.
517 689 700 755 cognoscenda
718 688 819 745 oratori,
838 688 929 749 quibus
948 702 1031 739 mores

65 757 217 808 formantur.
251 757 426 807 Necessarium
444 759 508 806 iuris
522 758 605 809 civilis
623 757 716 806 oratori
734 756 874 805 scientiam.
910 758 972 805 Item
991 757 1032 806 hi-

66 827 210 879 storiarum.
248 825 317 884 Quae
335 827 384 877 sint
400 829 461 877 artis
482 828 606 878 oratoriae
624 827 813 877 instrumenta(
834 823 906 882 Quod
918 826 951 874 sit
968 826 1031 873 inci-

65 896 155 961 piendi
173 909 263 945 causas
281 910 357 960 agere
373 904 484 961 tempus.
522 895 590 954 Quae
604 896 631 944 in
650 894 818 958 suscipiendis
837 895 919 943 causis
938 896 1031 944 oratori

66 964 224 1013 observanda
241 964 300 1016 sint.
329 962 398 1021 Quae
415 967 442 1013 in
461 965 598 1017 discendis.
622 963 691 1022 Quae
704 964 731 1012 iu
749 962 865 1028 agendis.
890 961 928 1012 De
938 977 1030 1028 genere

66 1033 179 1085 dicendi.
218 1031 287 1090 Quae
304 1042 363 1097 post
379 1033 455 1084 buem
473 1035 568 1087 studia.

430 1169 630 1221 PROOEMIUM.

767 1216 780 1247 Ο

25 1276 159 1357 Ventum
179 1303 224 1354 est
246 1294 281 1354 ad
302 1283 413 1373 partem
437 1297 536 1375 operis
557 1295 690 1362 destituti
713 1294 801 1373 longe
822 1285 1031 1371 gravissimam.

30 1377 123 1438 Cuius
141 1378 274 1457 equidem
294 1395 365 1438 onus
382 1381 406 1439 si
427 1389 533 1439 tantum
549 1381 685 1460 opinione
700 1381 791 1459 prima
808 1380 963 1456 concipere
979 1396 1032 1457 po-

28 1462 172 1536 tuissem,
189 1472 294 1541 quanto
310 1481 356 1522 me
372 1466 464 1542 premi
479 1464 577 1523 ferens
593 1466 703 1523 sentio:
719 1465 856 1523 maturius
873 1462 1033 1522 consuluis-

30 1565 99 1606 sem
115 1546 193 1605 vires
209 1564 297 1605 meas.
330 1547 389 1607 Sed
405 1549 484 1607 initio
505 1547 598 1627 pudor
614 1547 778 1622 omittendi,
802 1564 876 1624 quae
891 1548 1032 1624 promise·

30 1649 106 1705 rant,
123 1631 226 1697 tenuit;
245 1648 323 1705 mox,
340 1649 500 1710 quanquam
514 1649 569 1710 per
583 1631 712 1709 singulas
727 1647 820 1709 prope
836 1639 934 1708 partes
950 1629 1034 1690 labor

33 1722 202 1789 cresceret,
219 1732 255 1773 ne
272 1716 441 1793 perderem,
461 1733 535 1793 quae
550 1717 604 1775 iam
623 1715 728 1775 allecta
746 1723 842 1790 erant,
861 1732 914 1792 per
931 1732 1032 1773 omnes

33 1797 221 1859 difficultates
240 1800 332 1858 animo
348 1818 393 1858 me
409 1801 577 1859 sustentavi.
613 1799 710 1874 Quare
726 1816 800 1857 nunc
816 1815 948 1877 quoque,
964 1798 1060 1861 liceti

34 1884 128 1940 maior
144 1900 227 1959 quam
242 1901 364 1961 unquam
381 1883 473 1942 moles
490 1892 617 1960 premat,
633 1892 728 1943 tamen
743 1882 932 1960 prospicienti
947 1881 1033 1940 finem

11 1966 105 2025 *mibi
133 1969 317 2027 constitutum
340 1978 386 2027 est
404 1967 452 2027 vel
475 1968 604 2028 delicere
629 1969 725 2047 potius
753 1983 837 2045 quam
862 1966 1031 2045 desperare.

35 2050 156 2111 Felellit
170 2060 279 2127 autem,
296 2051 373 2131 quod
388 2053 495 2112 initium
512 2071 528 2112 a
542 2054 640 2131 parvis
657 2068 837 2129 ceperamus.
868 2049 937 2109 lllox
954 2050 1034 2110 velut

36 2152 107 2194 aura
130 2134 303 2195 sollicitante
327 2138 460 2215 provecti
482 2136 612 2214 longius,
639 2136 704 2195 dnm
728 2145 822 2196 tamen
844 2144 910 2194 nota
930 2134 980 2194 illa
1005 2143 1035 2193 et

36 2219 188 2297 plerisque
209 2222 309 2281 artium
329 2220 519 2299 scriptoribus
541 2229 660 2282 tractata
683 2221 892 2299 praecipimur,
914 2236 969 2277 neo
985 2218 1034 2278 ad·

36 2303 95 2362 buc
108 2321 125 2362 a
136 2303 221 2363 litore
235 2303 336 2382 procul
351 2303 520 2365 videbamur
535 2313 564 2363 et
575 2304 681 2364 multos
699 2306 777 2364 circa
791 2304 872 2364 velut
887 2302 987 2362 iisdem
999 2320 1033 2361 se

35 2389 132 2446 ventis
149 2389 272 2448 credere
287 2404 373 2448 ausos
391 2388 577 2449 habebamus.
609 2386 668 2447 Iam
690 2406 754 2448 cum
774 2387 930 2467 eloquendi
946 2388 1062 2450 ratio-3

37 2489 103 2530 uem
123 2473 278 2532 novissime
302 2482 447 2551 repertam
464 2473 702 2551 paucissimisque
724 2481 889 2550 temptatam
909 2472 1034 2548 ingressi

39 2573 152 2615 sumus:
176 2574 276 2632 raruS,
299 2558 347 2634 qui
362 2566 419 2616 tam
433 2557 537 2636 procul
554 2575 570 2616 a
585 2564 671 2634 portu
686 2557 877 2630 recessisset,
904 2557 1035 2634 reperie-

11 2668 12 2703 1
38 2639 132 2697 batur.
159 2639 313 2718 Postquam
328 2659 400 2700 vero
416 2641 499 2701 nobis
513 2640 575 2716 ille,
592 2658 676 2739 quem
691 2640 919 2713 instituebamus,
937 2647 1035 2702 orator

11 2754 13 2784 t
40 2739 56 2782 a
77 2722 189 2783 dicendi
209 2727 352 2801 magistris
375 2725 507 2786 dimissus
526 2734 574 2785 aut
589 2741 642 2783 suo
663 2726 717 2784 iam
732 2726 838 2803 impetu
856 2724 962 2797 fertur,
986 2729 1035 2778 aut

11 2838 13 2874 l
39 2807 147 2867 maiora
170 2809 224 2868 sibi
250 2809 354 2870 auxilia
378 2827 415 2868 ex
441 2811 511 2887 ipsis
536 2810 696 2909 sapientiae
722 2806 919 2887 penetralibus
944 2805 1033 2883 petit:

11 2921 12 2950 r
38 2908 123 2970 quant
140 2893 169 2950 in
185 2892 310 2951 altum
286 2911 373 2953 simus
390 2893 488 2968 ablati,
504 2895 613 2953 sentire
632 2894 791 2990 coepimus:
821 2890 904 2950 Nunc
921 2889 1064 2956 caelarat

11 2976 174 3053 *scindique
194 2985 223 3035 et
245 2979 379 3056 undique
398 2987 519 3057 pontus.
554 2976 646 3037 Unum
669 2975 787 3036 modo
778 2994 806 3034 tn
828 2974 907 3034 illa
898 2991 1034 3033 immensa

37 3061 172 3121 vastitate
190 3077 310 3119 cernere
325 3062 453 3121 videmur
467 3059 505 3120 Μ.
523 3059 657 3134 Tullium,
675 3061 723 3137 qui
739 3061 855 3118 tamen
847 3076 921 3137 ipse,
938 3075 1034 3136 quam·

37 3147 82 3203 vis
95 3149 173 3202 tanta
185 3151 270 3219 atque
286 3145 323 3203 ita
339 3146 477 3205 instructa
492 3162 566 3205 nave
581 3144 639 3204 boc
652 3161 729 3202 mare
746 3144 904 3218 ingressus,
922 3151 1034 3201 contra-

38 3229 79 3289 bit
93 3225 160 3285 vela
175 3225 341 3304 inhibetque
358 3246 455 3288 remos
471 3238 500 3289 et
517 3228 580 3289 de
572 3245 636 3306 ipso
655 3228 768 3287 demum
783 3244 893 3303 genere
909 3226 1034 3296 dicendi,

39 3328 96 3391 quo
114 3311 152 3368 sit
168 3327 271 3368 usurus
292 3310 441 3388 perlectus
457 3321 571 3389 orator,
595 3313 665 3370 satis
683 3310 771 3370 babet
788 3310 897 3370 dicere.
929 3309 967 3368 tr
984 3326 1033 3366 no·

39 3405 97 3457 stra
117 3395 264 3453 temeritas
288 3396 372 3454 etiam
394 3414 491 3457 mores
516 3399 544 3457 ei
562 3395 712 3457 conabitur
734 3395 803 3456 dare
828 3403 857 3453 et
878 3390 1036 3471 assignabit
