2434 3925
160 209 221 274 258
470 184 511 273 ur.
527 224 605 272 sun.
622 223 842 285 Qnmrunruur

160 342 298 454 dixisset,
318 377 354 438 de
364 377 482 438 lortuna
494 395 627 457 quoquc,
640 396 696 457 qua
707 387 828 457 uterque
840 378 1017 457 abundabat,
1033 379 1158 440 adiecit:

160 462 244 525 Nibil
258 464 343 525 codis
357 465 457 523 miuus
472 464 565 538 deest,
583 480 675 539 quom
693 465 732 523 de
747 482 806 541 quo
820 466 1010 526 contenditis.

119 557 152 610 51
244 546 349 606 Omnes
368 555 462 606 autem
479 546 533 604 bos
551 547 688 621 allectus,
708 548 819 607 etiamsi
837 548 1006 625 quibusdam
1023 547 1160 607 ridentur

161 633 190 691 in
204 631 354 709 prooemio
374 638 461 707 atque
485 629 513 688 iu
530 630 650 707 epilogo
666 630 766 690 sedem
780 629 904 707 babere,
921 633 948 689 in
968 631 1070 710 quibus
1085 648 1158 690 sane

162 718 217 779 siut
231 715 472 791 frequentissimi,
490 722 585 773 tamen
601 713 676 773 aliae
691 731 807 792 quoque
824 725 923 793 partes
944 717 1088 794 recipiunt
1103 713 1159 772 sed

161 800 329 874 brevIores,
344 806 375 856 ut
398 815 461 856 cum
481 815 518 857 ex
535 799 569 856 iis
588 797 708 875 plurima
726 799 763 857 sit
782 817 830 857 res
854 799 989 858 eruenda.
1034 798 1074 857 At
1096 798 1157 871 bic,

119 885 184 951 52si
202 900 337 960 usquam,
356 890 434 941 totos
455 880 640 958 eloquentiae
658 884 772 958 aperire
790 882 886 942 iontes
902 883 981 942 licet.
1024 882 1097 941 Nam
1117 889 1157 955 et,

162 968 186 1026 si
202 966 277 1026 benc
293 966 414 1026 diximus
429 965 563 1043 reliqua,
580 965 792 1042 possidebimus
817 967 871 1025 iarn
894 967 1017 1026 iudicum
1034 967 1156 1039 animos,

163 1060 192 1110 et
207 1069 224 1110 e
238 1049 419 1126 confragosis
432 1057 518 1125 atque
536 1049 650 1126 asperis
666 1051 760 1109 evecti
780 1059 840 1109 tota
854 1053 982 1128 pandere
1002 1066 1158 1128 possumus

161 1135 244 1209 vela,
266 1142 305 1208 et,
328 1151 392 1193 oum
412 1134 450 1192 sit
470 1133 591 1191 maxima
605 1150 673 1210 pars
702 1134 811 1212 epilogi
831 1134 1032 1212 amplificatio,
1057 1133 1159 1191 verbis

162 1228 249 1296 atque
273 1217 422 1275 sententiis
447 1216 488 1275 uti
510 1216 580 1275 licet
602 1216 761 1294 magnificis
790 1227 819 1277 et
844 1219 961 1277 ornatis.
1006 1216 1087 1275 Tunc
1113 1225 1160 1275 est

163 1300 399 1361 commovendum
416 1299 575 1375 theatrum,
592 1319 656 1359 cum
667 1309 782 1360 ventum
797 1302 889 1361 estad
902 1303 993 1379 ipsum
1005 1301 1086 1376 illud,
1099 1316 1159 1378 quo

162 1394 279 1444 veteres
295 1384 462 1460 tragoediae
478 1384 705 1461 comoediaeque
722 1384 888 1460 cluduntur,
905 1384 1029 1446 Plodite.

122 1471 156 1524 53
246 1467 279 1529 ln
296 1468 360 1529 aliis
372 1476 466 1527 autem
482 1468 611 1545 partibus
628 1468 792 1527 tractandus
808 1471 863 1527 erit
880 1468 1016 1543 allectus,
1032 1476 1063 1527 ut
1080 1468 1159 1545 quis-

165 1570 221 1630 que
243 1560 393 1626 nascetur,
418 1569 482 1610 nam
506 1569 600 1628 neque
627 1552 733 1629 exponi
756 1553 818 1611 siue
838 1553 896 1611 boc
917 1570 965 1612 res
986 1562 1102 1611 atroces
1131 1560 1161 1610 et

164 1634 343 1695 miserabiles
368 1634 487 1703 debent;
515 1653 579 1695 cum
600 1635 636 1694 de
658 1635 795 1712 qualitate
817 1637 937 1695 alicuius
960 1637 1003 1695 rei
1024 1636 1159 1713 quaestio

62 1730 64 1741 ’
122 1722 225 1795 diest,
241 1718 458 1798 probationibus
475 1719 700 1797 uniuscuiusque
717 1719 761 1778 rei
779 1729 861 1779 recte
881 1719 1069 1796 subiungitur.
1103 1717 1159 1777 Ubi

163 1821 235 1864 vero
254 1805 432 1862 coniunctam
451 1802 634 1880 expluribus
651 1820 766 1862 causam
782 1805 907 1880 agimus:
930 1806 1015 1863 etiam
1034 1812 1160 1860 necesse

166 1890 220 1947 erit
236 1888 277 1946 uti
292 1886 422 1966 pluribus
439 1887 521 1965 quasi
540 1886 683 1964 epilogis,
703 1895 734 1945 ut
756 1888 784 1946 in
805 1887 927 1946 Verrem
949 1885 1052 1946 Cicero
1077 1886 1158 1945 iecit.

165 1972 236 2033 Nam
259 1981 294 2031 -et
318 1971 484 2032 Philodamo
515 1980 544 2030 et
561 1970 716 2030 nauarchis
739 1981 768 2031 et
790 1974 868 2031 cruci
894 1973 964 2031 civis
989 1971 1109 2031 Romani
1132 1979 1161 2030 et

123 2057 228 2117 55aliis
244 2055 372 2133 plurimis
394 2073 461 2114 suas
483 2055 616 2115 lacrimas
641 2053 728 2114 dedit.
773 2057 864 2131 Sunt,
882 2057 930 2133 qui
951 2055 1004 2115 bos
1024 2046 1162 2132 μερικοὸς

166 2134 317 2217 ἐπιλόγους
347 2147 472 2213 vocent,
505 2156 561 2216 quo
587 2139 719 2215 partitam
744 2141 958 2217 perorationem
989 2139 1160 2216 significant

166 2223 234 2284 blibi
249 2238 307 2281 uon
322 2230 378 2280 tam
390 2230 488 2299 partes
504 2223 565 2281 eius
584 2239 668 2298 quam
688 2225 805 2300 species
826 2226 968 2284 videntur.
1013 2221 1162 2301 Siquidem

168 2315 198 2364 et
212 2305 322 2383 epilogi
338 2314 367 2363 et
383 2307 575 2383 perorationis
589 2307 704 2364 nomina
716 2307 778 2384 ipsa
794 2316 895 2385 aperte
911 2308 980 2365 satis
996 2305 1161 2379 ostendunt,

167 2389 241 2449 hanc
260 2391 619 2449 esseconsummationem
642 2392 789 2449 orationis.

531 2542 575 2591 nn
592 2542 807 2616 Αιιιιοτιιιιιε.Φ

250 2638 286 2700 ll
331 2638 467 2713 Quamvis
496 2650 590 2700 autem
615 2659 683 2719 pars
708 2640 782 2701 baec
813 2642 986 2702 iudicialium
1012 2659 1164 2701 causarum

168 2741 276 2783 summa
295 2725 453 2802 praecipue
479 2734 593 2784 constet
611 2725 779 2801 affectibus,
811 2736 840 2784 et
861 2727 956 2804 aliqua
980 2726 1016 2785 de
1042 2725 1087 2783 bis
1112 2743 1164 2785 ue·

168 2808 300 2869 cessario
327 2809 463 2868 dixerim:
493 2826 549 2867 non
575 2818 671 2868 tamen
699 2812 779 2888 potui
806 2828 841 2874 ac
873 2828 910 2868 ne
935 2809 1021 2869 debui
1047 2808 1164 2887 quidem

167 2893 252 2952 istum
275 2892 420 2951 locumiu
447 2910 530 2951 unam
553 2895 683 2970 speeiem
711 2894 896 2953 concludere.
942 2893 1039 2965 Quare
1070 2892 1164 2951 adbuc

170 2992 243 3053 opus
266 2985 417 3054 superest,
445 2994 509 3034 curn
535 2976 570 3035 ad
591 2976 763 3052 obtinenda,
793 2996 865 3055 quae
889 2976 1038 3051 volumus,
1060 2985 1165 3053 poten·

169 3059 321 3134 tissimum,
341 3070 400 3119 tum
416 3059 588 3138 supradictis
603 3061 693 3120 multo
711 3060 871 3137 difficilius,
885 3061 1018 3120 mouendi
1039 3058 1165 3118 iudicum

171 3142 278 3200 animos
304 3152 390 3221 atque
417 3145 446 3212 in
470 3162 551 3217 eum,
584 3161 668 3220 quem
696 3145 846 3220 uolumus,
871 3145 997 3204 habitum
1023 3142 1166 3202 formandi

142 3225 295 3286 2etvelut
319 3227 549 3303 transfigurandi.
599 3226 662 3299 Qua
688 3228 724 3287 de
745 3247 778 3287 re
803 3247 913 3306 pauca,
940 3245 1014 3306 quae
1036 3226 1165 3305 postula·

170 3308 220 3368 bat
234 3310 368 3383 materia,
385 3311 429 3368 sic
451 3310 547 3387 attigi,
562 3319 593 3369 ut
608 3312 717 3387 magis,
736 3312 803 3390 quid
819 3320 970 3389 oporteret
985 3312 1065 3384 lieri,
1083 3326 1167 3387 quam

171 3409 228 3471 quo
241 3393 269 3466 id
290 3394 376 3453 modo
397 3394 535 3471 consequi
558 3410 727 3472 possemus,
744 3396 935 3456 ostenderem.
980 3395 1063 3454 Nunc
1081 3393 1168 3452 altius

170 3478 261 3542 annu
275 3479 319 3537 rei
332 3477 489 3556 repetenda
503 3478 576 3536 ratio
594 3486 649 3538 est.
