2434 3925
313 253 403 303 ntor.
417 195 573 303 ¹cucuron.
594 248 664 302 uns.
682 256 733 322 111,
755 250 781 306 t.
989 242 1048 305 133

53 418 101 469 tur
122 409 152 467 in
172 416 358 486 tempora,
388 409 523 487 quodque
549 418 616 468 ante
636 427 688 469 eos
714 409 767 469 iuit
789 426 904 488 quoque
928 412 985 489 ipsi
1006 413 1048 469 vi-

52 501 175 559 xerunt;
197 493 226 560 in
243 491 287 551 bis
306 501 418 569 autem,
445 494 570 571 quitata
590 503 656 553 sunt
675 494 780 569 iuncti,
802 496 886 553 etiam
904 495 981 573 quod
1004 504 1049 554 est
1105 551 1109 560 .

54 579 227 636 insecutum.
269 574 344 635 Ante
367 576 511 636 bominem
531 578 653 656 patria
676 596 710 637 ac
733 587 908 655 parentes
937 581 1048 638 maio·

54 677 194 737 resque
216 668 307 733 erunt,
332 677 451 737 quorum
471 660 578 740 duplex
599 669 736 720 tractatus
756 671 814 721 est:
838 671 886 721 aut
907 664 981 721 euim
1002 681 1048 722 re·

55 744 223 824 spondisso,
238 743 377 803 nobilitati
405 743 554 821 pulchrum
576 746 630 803 erit
663 755 710 804 aut
737 744 869 804 humilius
894 764 987 823 genus
1014 745 1048 806 il·

54 828 197 888 lustrasse
214 827 308 886 iactis.
341 827 396 886 illa
409 845 525 906 quoque
543 829 655 887 interim
667 847 705 887 ex
722 846 769 902 eo,
789 829 865 907 quod
878 840 943 889 ante
955 833 1088 907 ipsumll

55 912 121 987 fuit,
140 919 271 989 tempore
289 911 445 988 trahentur,
465 929 539 990 quae
556 914 705 991 responsis
721 912 769 971 vel
783 916 909 990 auguriis
927 914 1050 986 futuram

55 995 217 1055 claritatem
235 997 442 1072 promiserunt,
461 1005 492 1054 ut
510 1014 583 1072 eum,
603 998 650 1074 qui
668 1015 705 1056 en
722 996 843 1056 Thetide
861 1006 942 1057 natue
959 1007 1048 1072 esset,

54 1080 194 1138 maiorem
226 1088 308 1156 patre
343 1095 396 1138 suo
425 1080 550 1139 futurum
585 1083 727 1140 cecinisse
756 1080 887 1140 dicuntur
919 1082 1047 1141 oracula.

54 1162 151 1241 Ipsius
170 1179 240 1222 vero
261 1161 324 1222 iaus
346 1161 467 1222 hominis
487 1182 525 1222 ex
542 1165 635 1224 animo
653 1173 682 1224 et
699 1181 824 1242 corpore
849 1174 878 1224 et
900 1174 1090 1243 erumpo-12

54 1247 118 1305 sitis
138 1248 197 1324 peti
215 1245 311 1306 debet.
344 1245 382 1306 Et
403 1248 573 1325 corporis
594 1249 707 1325 quidem
728 1248 967 1327 fortuitorumque
985 1267 1050 1307 cum

55 1330 152 1389 levior
174 1339 231 1389 tum
256 1346 313 1389 non
335 1348 391 1390 uno
414 1331 498 1391 modo
521 1333 668 1392 tractanda
690 1341 744 1391 est.
777 1331 849 1392 Nam
871 1341 900 1393 et
922 1333 1047 1410 pulchri·
1148 1349 1156 1356 ·

54 1414 181 1474 tudinem
207 1415 318 1473 interim
345 1414 491 1493 roburque
515 1418 716 1494 prosequimur
742 1415 853 1476 bonore
882 1416 1047 1491 verboram,

55 1506 86 1556 ut
104 1496 245 1556 Homerus
263 1499 292 1556 in
310 1497 525 1574 Agamemnone
542 1509 629 1578 atque
647 1500 771 1560 Achille.
804 1500 920 1559 interim
935 1501 1049 1560 coniert

55 1580 234 1641 admirationi
259 1581 375 1641 muitum
402 1584 485 1642 etiam
511 1584 672 1660 infirmitas,
701 1593 731 1643 ut
756 1602 819 1644 cum
846 1585 922 1645 idem
949 1584 1048 1660 Tydea

54 1682 174 1743 parvum
196 1666 248 1726 sed
273 1664 533 1726 bellatoremdicit
555 1667 655 1727 fuisse
687 1666 812 1727 Fortuna
832 1685 904 1727 vero
926 1677 984 1728 tum
1007 1669 1047 1728 di·
1057 1679 1090 1732 13

54 1749 193 1826 gnitatem
211 1748 309 1824 affert,
338 1752 392 1808 ut
384 1770 412 1809 ιιι
428 1750 546 1827 regibus
565 1750 816 1829 principibusque,
841 1751 985 1830 (namque
997 1761 1049 1812 est

54 1833 130 1893 baec
150 1835 269 1893 materia
291 1833 487 1893 ostendendae
508 1836 620 1894 virtutis
641 1834 773 1913 uberior)
797 1844 856 1895 tum
879 1854 935 1913 quo
958 1837 1047 1895 mino

54 1935 103 1976 res
126 1933 203 2015 ‘opes
225 1917 349 1992 fuerunt,
368 1918 505 1978 maiorem
521 1917 595 1979 bene
620 1918 704 1979 factis
722 1909 844 1996 gloriam
868 1920 951 1997 parit
989 1919 1048 1980 Sed

56 2003 162 2075 omnia,
184 2019 257 2079 quae
280 2010 361 2060 extra
383 2019 435 2060 nos
458 2001 533 2062 bona
557 2011 622 2062 sunt
639 2021 771 2081 quaeque
791 2003 952 2063 bominibus
971 2004 1048 2063 forte

56 2085 233 2162 obtigerunt,
259 2103 315 2144 non
334 2085 400 2145 ideo
418 2084 577 2162 laudantur,
601 2088 677 2165 quod
694 2085 826 2147 babuerit
842 2089 905 2166 quis
926 2104 971 2162 ea,
995 2087 1047 2147 sed

56 2169 135 2248 quod
151 2168 195 2228 bis
217 2167 338 2228 honeste
357 2171 394 2228 sit
412 2187 490 2228 usus.
526 2169 597 2229 Nam
611 2171 725 2230 divitiae
745 2173 1110 2250 etpotentiaetgra·14'

55 2255 105 2327 tia,
129 2270 192 2312 cum
214 2253 364 2330 plurimum
385 2254 486 2312 virium
504 2254 596 2314 dent
587 2274 616 2313 rn
632 2264 780 2334 utramque
798 2265 926 2335 partem,
947 2257 1047 2315 certis·

55 2338 155 2401 simum
174 2336 280 2396 iaciunt
296 2353 405 2395 morum
421 2340 655 2415 experimentum,
675 2347 722 2397 aut
737 2342 811 2399 enirn
828 2340 964 2399 meliores
981 2357 1047 2417 pro·

56 2430 123 2499 pter
144 2420 218 2480 baec
241 2429 288 2480 aut
307 2422 424 2498 peiores
445 2440 552 2481 sumus.
602 2422 714 2482 Animi
742 2441 858 2501 semper
879 2441 949 2483 vera
972 2423 1088 2499 lauert
1162 2470 1165 2477 .

56 2504 107 2563 sed
130 2521 187 2562 non
208 2522 263 2564 una
285 2522 339 2582 per
359 2503 416 2564 hoc
438 2522 511 2583 opus
531 2507 577 2566 via
599 2506 720 2566 ducitur.
755 2506 883 2607 Namqqe
904 2507 976 2567 alias
999 2525 1046 2566 ae·

55 2588 121 2646 tatis
144 2586 249 2685 gradus
277 2598 482 2668 gestarumque
512 2608 606 2650 rerum
629 2591 757 2650 ordinem
780 2593 862 2669 sequi
884 2592 1047 2669 speciosius

55 2670 124 2744 tuit,
145 2672 204 2730 ut
195 2690 223 2729 ιιι
242 2673 340 2750 primis
358 2675 438 2732 annis
455 2673 620 2734 laudaretur
637 2674 766 2751 indoles,
790 2684 847 2734 tum
865 2674 1046 2752 disciplinae,

56 2754 202 2831 posthoc
223 2772 342 2834 opernm
363 2750 392 2817 id
423 2765 468 2816 est
496 2757 637 2817 sactorum
658 2758 856 2837 dictorumque
880 2767 1045 2823 contextum

55 2836 159 2896 alias
150 2856 179 2896 ιιι
201 2840 317 2917 species
338 2843 471 2900 virtutum
492 2841 619 2901 dividere
640 2841 767 2917 laudem,
790 2843 979 2916 fortitudinis,
1006 2844 1049 2900 iu·

55 2921 167 2997 stitiae,
196 2925 387 2983 continentiae
414 2932 648 3003 ceterarumque,
678 2943 713 2986 ac
739 2927 859 3004 singulis
886 2926 1046 3002 assignare,

55 3021 131 3083 quae
151 3006 311 3066 secundum
331 3025 472 3086 quamque
496 3027 593 3068 earum
614 3017 698 3086 gesta
721 3019 812 3069 erunt.
854 3008 923 3069 Utra
941 3011 977 3068 sit
1000 3027 1046 3067 au·
1056 3018 1089 3072 16

53 3097 113 3148 tem
130 3087 228 3150 barum
243 3091 288 3150 via
307 3090 414 3166 utilior,
432 3109 494 3151 cum
509 3094 627 3152 materia
641 3092 874 3169 deliberabimus,
892 3093 957 3152 dam
973 3094 1046 3152 scia·

54 3191 118 3231 mus
137 3176 264 3250 gratiora
286 3192 351 3234 esse
371 3175 565 3251 audientibus,
589 3193 663 3253 quae
686 3177 765 3236 solus
787 3178 849 3254 quis
869 3185 917 3235 aut
937 3178 1045 3255 primus

53 3266 103 3316 aut
125 3267 205 3317 certe
227 3277 290 3318 curu
312 3259 411 3336 paucis
428 3259 535 3318 iecisse
551 3259 672 3335 dicetur,
695 3262 721 3319 si
740 3261 807 3338 quid
826 3269 977 3337 praeterea
999 3279 1045 3318 su·

53 3358 107 3419 pra
129 3359 210 3419 spem
233 3351 280 3402 aut
305 3344 545 3421 expectationem,
567 3344 725 3422 praecipue
743 3344 818 3421 quod
837 3343 929 3404 aliena
948 3344 1044 3422 potius

55 3441 143 3483 causa
165 3443 248 3502 quarn
270 3443 331 3485 sua.
371 3425 539 3504 Tempus,
562 3427 657 3505 quod
678 3427 787 3487 finem
812 3427 969 3487 bominis
991 3429 1084 3489 in·lt

54 3509 240 3586 sequitur,
260 3526 317 3569 non
333 3527 449 3588 semper
468 3519 592 3572 tractare
612 3513 762 3588 contingit;
779 3528 836 3571 non
854 3511 947 3570 solum
967 3510 1044 3586 quod
