2434 3925
199 199 263 265 ,182
525 207 879 268 m.rxn.ou1xnm1xn1

203 377 288 445 atque
305 367 377 425 hano
392 364 499 425 laboris
514 362 605 422 nostri
626 362 753 422 ducimus
771 378 916 422 summam.
952 360 1011 436 lta,
1032 353 1109 440 quae
1129 363 1191 424 nir·

204 450 405 512 oumstantibus
421 454 565 507 ostentare
579 446 726 522 volumus,
747 445 886 506 iudicibus
904 446 1058 544 prodimus.

146 545 197 601 128
283 533 336 593 Est
349 534 486 611 quaedam
505 532 628 608 repetita
644 532 778 628 narratio,
795 548 868 608 quae
880 522 1059 608 ἐπιδιηγησις
1072 531 1190 606 dieitur,

203 636 339 679 sanares
360 616 561 676 declamatoria
584 615 674 691 magis
700 630 782 691 quarn
803 614 926 673 lorensis
947 614 1012 673 ideo
1029 624 1123 676 autem
1141 633 1191 674 re·

201 711 299 780 perta,
317 710 363 775 ut,
379 702 443 778 quia
458 701 581 759 narratio
596 697 693 757 brevis
707 715 773 756 esse
788 696 891 772 debet,
907 696 997 757 iusIus
1013 705 1042 756 et
1059 700 1192 758 ornatius

202 805 249 845 res
262 786 354 863 possit
369 785 490 861 exponi;
512 782 588 860 quod
611 782 641 841 lit
654 780 703 841 vel
720 781 841 841 invidiae
856 782 947 858 gratia
964 780 1012 843 vel
1026 783 1191 842 miseratio-

201 871 254 928 nis.
288 867 319 928 ld
340 869 413 926 enim
434 884 499 925 raro
520 865 682 925 iaciendum
701 866 795 925 iudioo
815 883 910 943 neque
931 866 975 924 sio
995 883 1134 943 unquam,
1158 874 1191 926 ut

201 962 277 1012 totus
294 952 366 1011 ordo
387 960 548 1049 repetatur;
569 949 639 1008 licet
657 950 730 1008 enim
750 966 803 1026 per
822 957 920 1027 partes
939 949 1014 1007 idem
1035 952 1188 1027 consequi.

202 1035 351 1110 Ceterum,
380 1036 491 1112 quinti
516 1024 694 1112 druidumque
714 1032 810 1106 volet,
838 1035 1006 1092 narrationis
1032 1033 1099 1092 loco
1126 1051 1189 1092 rem

202 1122 322 1196 stringat
336 1128 365 1178 et
382 1126 531 1177 contentus
552 1117 690 1191 indicare,
706 1116 782 1193 quod
797 1077 903 1175 lantum
917 1118 964 1193 sit,
978 1134 1034 1194 quo
1048 1120 1084 1175 sit
1099 1118 1187 1178 modo

200 1202 321 1276 laetum,
349 1202 461 1280 plenius
476 1219 508 1260 se
524 1200 591 1260 looo
606 1217 659 1259 suo
674 1202 870 1277 expositurum
886 1218 952 1259 esse
968 1203 1122 1278 promittat.

146 1297 195 1352 129
283 1285 393 1345 Initium
415 1285 583 1344 narrationis
601 1283 713 1361 quidam
734 1285 831 1361 utique
846 1284 1005 1344 iaciendum
1025 1303 1042 1345 a
1060 1301 1186 1362 persona

201 1378 309 1448 putant,
332 1387 462 1447 eamque,
481 1370 504 1427 si
518 1377 617 1427 nostra
631 1369 678 1442 sit,
698 1369 860 1443 ornandam,
883 1370 907 1427 si
926 1368 1030 1444 aliena,
1052 1368 1186 1428 infaman-

202 1454 265 1513 dam
281 1454 383 1512 statim
415 1452 479 1511 lloo
501 1469 569 1510 sane
591 1451 851 1528 frequentissimum
872 1461 932 1526 est,
956 1454 1021 1530 quia
1043 1468 1186 1530 personae

146 1545 276 1611 ldosunt,
299 1538 373 1595 inter
388 1554 457 1615 quas
473 1536 607 1612 litigatur.
640 1535 698 1595 Sed
712 1535 767 1593 hae
782 1553 896 1613 quoque
917 1538 1027 1594 iuterim
1049 1554 1113 1594 eum
1128 1537 1187 1594 suis

202 1620 395 1680 accidentibus
410 1620 570 1698 ponendae,
584 1619 686 1678 numid
701 1618 878 1696 profuturum
894 1628 953 1679 est:
978 1628 1009 1678 ut
1026 1616 1062 1681 A.
1076 1616 1189 1717 Clitpnn

202 1704 260 1764 tior
274 1704 332 1780 snit
347 1712 436 1783 puter
449 1705 590 1779 leniorue,
605 1703 739 1778 indices,
756 1703 841 1764 domo
852 1723 912 1764 non
925 1705 1021 1765 solum
1032 1704 1189 1782 municipii

202 1785 374 1864 damnatis,
403 1806 442 1849 ee
462 1805 520 1866 qno
541 1795 624 1862 erat,
652 1788 709 1848 aed
728 1788 861 1864 reqionia
874 1789 956 1849 illino
973 1795 1003 1848 et
1022 1789 1189 1848 vicinitatis

202 1873 321 1948 virtute,
338 1873 566 1945 existimatione,
582 1869 737 1931 nobilitate
749 1874 909 1950 prineepa;
925 1873 1037 1930 interim
1048 1873 1109 1929 sine
1124 1869 1186 1929 his:

146 1963 194 2017 131
202 1966 232 2016 ut
255 1953 291 2029 0
312 1957 388 2018 enim
409 1954 551 2035 liparim
571 1975 639 2016 oum
659 1964 755 2024 eaoet;
782 1954 948 2033 frequenter
967 1974 1037 2014 vero
1059 1964 1087 2015 et
1106 1973 1123 2015 a
1141 1972 1186 2031 re,

203 2041 277 2098 siout
291 2057 343 2117 pro
359 2040 453 2114 Tullio
469 2039 589 2099 Gioero.
601 2038 740 2100 Fundam
754 2038 869 2100 ltubet
857 2059 890 2100 ιιι
903 2059 979 2117 apro
996 2023 1126 2100 Τιιιιιιιο
1142 2036 1186 2098 dl.

204 2122 318 2184 Tollius
333 2134 514 2221 paternum
507 2122 744 2182 ·Demosthenes
760 2139 813 2199 pro
829 2120 1032 2222 Ctesiphonte:
1058 2125 1116 2182 Τοῦ
1128 2113 1188 2201 γὰρ

146 2214 195 2268 132
205 2210 343 2267 Φωκικοῦ
356 2199 513 2278 συστάντος
525 2204 661 2283 πολέμου.
690 2205 735 2265 De
748 2206 803 2264 line
814 2208 982 2267 narrationis
996 2225 1058 2266 num
1072 2208 1106 2265 iis
1119 2223 1188 2265 oon-

203 2292 291 2349 tentio
308 2299 362 2365 est,
380 2308 427 2368 qur
420 2291 556 2368 perduoi
573 2291 781 2367 expositionem
791 2290 891 2350 volunt
904 2308 951 2366 eo,
967 2291 1040 2349 unde
1056 2292 1187 2369 quaestio

202 2374 306 2432 oritur:
320 2372 375 2434 llis
387 2376 478 2436 rebus
492 2376 536 2435 ita
548 2376 651 2451 pertis,
666 2372 699 2431 P.
710 2372 869 2435 Dolabella
882 2384 1008 2454 praetor
1017 2375 1187 2450 interdixit,

203 2464 235 2517 ιιι
249 2465 292 2517 est
307 2458 498 2534 consuetodo,
514 2460 553 2519 de
567 2458 607 2529 oi,
627 2458 794 2518 dominibus
807 2461 950 2534 ermetis,
971 2460 1039 2519 eine
1057 2458 1122 2519 nlla
1135 2477 1189 2518 ex·

204 2541 358 2618 ceptione,
379 2551 493 2602 tuntum
513 2550 561 2615 nt,
583 2541 666 2601 unde
680 2542 857 2618 deiecisset,
871 2544 1060 2611 restitueretr
1076 2542 1190 2603 deiende

203 2626 369 2686 restituisse
388 2645 422 2687 oe
441 2626 529 2692 dimit.
558 2623 686 2704 Sponoio
707 2626 793 2701 sueto
811 2635 876 2695 eet,·
896 2627 956 2687 dno
976 2627 1189 2705 desponsione

203 2708 287 2768 uotis
300 2710 498 2770 indicandum
513 2717 566 2771 eat.
602 2708 634 2768 ld
652 2710 807 2786 apetitore
825 2727 939 2789 semper
960 2710 1022 2770 lieri
1036 2719 1151 2790 potest,
1172 2727 1188 2767 a

202 2790 358 2852 defensore
376 2810 432 2852 non
447 2810 571 2872 semper.

562 2943 606 2992 DE
624 2942 844 3023 ΕιιΙιΕὸὃΙΟΝιι.Χ

286 3040 334 3101 lll.
362 3039 467 3102 Ordine
481 3042 545 3119 ipso
560 3041 750 3101 narrationem
764 3042 892 3118 sequitur
903 3039 1088 3099 oonlirmatio.
1119 3040 1188 3100 l’ro·

204 3123 294 3185 banda
310 3135 373 3185 sunt
394 3128 477 3200 enim,
495 3143 568 3202 quae
584 3133 704 3202 propter
718 3123 775 3184 luoo
790 3126 982 3202 exposuimus.
1018 3124 1077 3184 Sed
1095 3125 1189 3202 prius·

204 3226 286 3286 quam
300 3209 442 3285 ingrediar
457 3208 529 3268 hano
552 3217 677 3287 partem,
699 3225 791 3286 pausa
805 3208 872 3267 mihi
885 3208 921 3267 de
937 3208 1111 3286 quorundam
1127 3208 1189 3285 opi·

187 3294 287 3351 ¹nione
314 3292 432 3354 dicenda
458 3301 531 3351 sunt.
577 3290 727 3367 Plerisque
752 3293 838 3350 moris
865 3301 925 3366 est,
955 3292 1068 3370 prolato
1093 3309 1191 3350 rerum

203 3375 319 3450 ordine,
349 3377 476 3454 protinus
498 3376 596 3453 utique
617 3376 645 3433 in
667 3374 790 3450 aliquem
811 3373 915 3435 laetum
939 3383 986 3434 aut
1006 3374 1191 3453 plausibilem

176 3460 297 3530 xlooum
309 3476 392 3537 quam
402 3460 522 3518 maxime
533 3460 644 3538 possint
655 3457 850 3519 favorabiliter
865 3475 1077 3519 excurrere.
1103 3457 1192 3533 Quod
