2434 3925
158 149 219 212 2⁵8
487 160 524 208 rr.
537 158 616 207 ras.
629 157 850 219 cumulemur

157 334 239 393 num,
261 317 328 394 quia
343 314 385 375 liti
399 313 464 395 ipse
479 332 537 375 non
554 313 676 389 suffieit,
693 321 741 373 aut
755 311 861 390 aliquis
877 329 914 372 ex
930 329 967 371 eo
986 329 1106 389 genere
1118 310 1152 370 ai·

156 410 337 475 vocatorum,
356 401 403 477 qui
415 417 448 459 se
459 418 517 460 non
528 417 620 478 posse
633 415 723 474 agere
736 397 920 465 confitentum
938 396 1055 456 deinde
1066 397 1153 458 iscirrt

156 486 186 546 id
201 485 278 563 quod
294 486 384 543 estin
400 484 515 560 agendo
532 483 741 543 difficillimum.
770 479 843 540 Nam
858 483 906 560 qui
921 481 1084 556 iudicare,
1105 480 1155 558 quii

158 569 320 644 dicendum,
337 568 405 647 quid
419 567 669 642 dissimulandum,
689 565 758 645 quid
772 565 972 626 declinandum
987 566 1155 635 mutandum,

157 653 323 730 fingendum
337 653 423 713 etiam
434 654 481 728 sit,
498 661 606 731 potest,
624 669 676 710 cur
687 667 745 708 non
755 649 792 709 sit
807 659 922 710 orator:
939 651 1079 728 quando,
1097 646 1156 729 quoi

130 738 303 805 edifficiiius
322 744 383 812 est,
411 745 558 796 oratorem
578 731 670 796 iacit?
701 734 737 797 Hi
759 751 850 813 porro
870 751 928 793 non
947 743 1068 794 tantum
1086 750 1155 794 noce

157 831 237 899 rent,
260 823 285 881 si
298 822 391 897 omnia
405 821 585 896 scriberent,
601 821 644 880 uti
659 828 744 895 gesta
761 827 835 877 sunt.
866 817 948 878 Nune
964 819 1156 879 consiliumet

159 906 277 967 colores
295 905 431 966 adiiciunt
448 914 477 965 et
494 905 592 982 aliqua
614 905 716 982 peiora
731 904 829 978 veris,
854 900 928 981 quae
944 903 1093 981 plerique
1109 918 1157 961 cun

158 998 353 1071 acceperunt,
374 998 484 1049 mutare
498 989 582 1049 neias
599 988 708 1048 habent
726 996 755 1047 et
770 987 851 1047 velut
866 988 991 1047 themata
1009 991 1044 1047 in
1061 985 1158 1047 sebois

158 1077 253 1154 posita
269 1074 442 1134 custodiunt.
475 1073 588 1133 Deinde
605 1071 861 1151 deprehenduntur
874 1081 904 1131 et
920 1083 1063 1147 causam,
1088 1086 1158 1151 quan

158 1160 274 1219 discere
290 1176 328 1217 ex
340 1159 399 1217 suis
410 1156 602 1237 litigatoribus
616 1158 780 1232 noluerunt,
797 1175 835 1216 ex
850 1157 1030 1217 adversariis
1044 1157 1156 1216 discmt.

130 1242 290 1309 'tLiberum
304 1243 391 1319 igitur
405 1241 505 1301 demus
521 1250 588 1300 ante
605 1243 699 1302 omnia
714 1242 766 1315 iis,
788 1258 909 1318 quorum
929 1242 1088 1316 negotium
1105 1239 1157 1307 erit,

158 1336 271 1405 tempus
287 1345 321 1385 ac
338 1328 451 1403 iocum,
473 1325 717 1405 exhortemurque
734 1325 828 1400 ultro,
846 1334 875 1384 ut
892 1327 985 1384 omnia
1005 1322 1158 1402 quamlibet

158 1411 285 1471 verbose
301 1420 330 1469 et
345 1411 421 1470 unde
435 1410 536 1470 volent
550 1413 676 1489 repetita
694 1429 732 1469 ex
753 1419 885 1487 tempore
908 1418 1072 1487 exponant.
1105 1405 1157 1465 Nou

116 1509 123 1526 ·
159 1497 233 1554 enim
255 1503 311 1555 tam
334 1494 419 1554 obest
441 1495 540 1555 audire
560 1512 742 1573 supervacua
760 1511 843 1571 quarn
864 1495 999 1570 ignorare
1025 1507 1156 1552 necessa·
1183 1506 1184 1579 p

130 1582 211 1645 8ria.
241 1577 422 1656 Frequenter
444 1588 537 1639 autem
561 1588 591 1638 et
611 1580 714 1639 vulnus
733 1588 762 1638 et
783 1578 940 1637 remedium
956 1577 1044 1637 iniis
1069 1584 1155 1636 orator

158 1664 304 1738 inveniet,
321 1681 397 1741 quae
417 1664 556 1740 litigatori
576 1664 605 1722 in
625 1673 755 1723 neutram
771 1672 883 1740 partem
903 1661 1013 1721 habere
1037 1674 1154 1721 momer-

158 1758 217 1807 tnm
234 1747 414 1808 videbantur.
444 1748 507 1807 Nec
530 1756 608 1808 tanta
630 1750 667 1807 sit
688 1757 788 1807 acturo
807 1747 965 1821 memoriae
986 1745 1113 1819 fiducia,
1131 1748 1153 1798 ui

159 1832 345 1892 subscribere
362 1833 458 1892 audita
473 1833 582 1910 pigeat.

243 1916 307 1976 Nee
322 1917 413 1977 semel
429 1916 545 1978 audisse
560 1918 597 1976 sit
612 1916 699 1985 satis;
722 1916 873 1994 cogendus
888 1916 990 1977 eadem
1008 1917 1113 1976 iterum
1125 1926 1150 1969 at

160 2003 277 2080 saepius
292 2001 392 2061 dicere
405 2002 545 2078 litigator,
561 2017 620 2062 non
631 2002 725 2061 solum
736 2004 803 2080 quia
815 2002 946 2078 effugere
959 2001 1060 2079 aliqua
1075 1998 1150 2077 prim

160 2088 343 2164 expositione
370 2095 543 2164 potuerunt,
577 2088 749 2164 praesertim
773 2086 918 2146 hominem
945 2086 1047 2164 (quod
1073 2096 1149 2158 saepe

161 2172 271 2248 evenit)
294 2172 472 2249 imperitum,
494 2171 548 2230 sed
570 2171 654 2230 etiam
674 2163 708 2230 'ut
730 2169 870 2245 sciamus,
895 2189 930 2229 an
951 2170 1055 2230 eadem
1076 2169 1147 2229 dicat

130 2253 274 2316 9Plurimi
300 2256 373 2314 enim
396 2256 568 2315 mentiuntur
589 2264 635 2330 et,
664 2263 798 2333 tanquam
820 2272 878 2314 non
899 2255 1023 2314 doceant
1047 2264 1148 2314 causan

159 2338 213 2397 sed
228 2349 329 2414 agant,
346 2357 403 2398 non
419 2349 451 2399 ut
467 2358 530 2402 cum
547 2349 671 2417 patrono
687 2341 739 2398 sed
754 2349 785 2398 ut
801 2357 864 2398 cum
882 2339 976 2399 iudice
993 2339 1146 2417 loquuntur·

160 2420 345 2500 Quapropter
360 2441 503 2502 nunquam
517 2424 764 2484 satiscredendum
776 2432 831 2498 est,
845 2424 897 2483 sed
909 2424 1062 2500 agitandus
1073 2415 1147 2480 omu-
1183 2475 1184 2480 ,

118 2506 212 2568 lubus
235 2506 326 2565 modis
349 2516 378 2566 et
399 2508 556 2568 turbandus
574 2517 603 2567 et
621 2508 797 2570 evocandus.
830 2506 902 2567 Nam
919 2518 950 2567 ut
964 2508 1086 2567 medicis
1101 2514 1146 2560 rot

159 2591 328 2670 apparentia
352 2592 438 2652 modo
466 2594 534 2651 vitia
556 2593 680 2653 curanda
709 2601 774 2652 sunt
800 2592 853 2651 sed
878 2593 962 2652 etiam
988 2583 1147 2651 invenienda

160 2692 234 2753 quae
251 2675 358 2752 latent,
381 2694 471 2754 saepe
487 2677 558 2755 ipsis
574 2695 626 2750 ea,
648 2679 695 2755 qui
711 2678 828 2736 sanandi
843 2686 925 2752 sunt,
943 2672 1144 2736 occulentibus:

158 2761 198 2819 ita
218 2759 375 2820 advocatus
392 2761 490 2839 plura,
512 2779 596 2839 quam
612 2761 817 2836 ostenduntur,
843 2763 976 2839 aspiciat.
1006 2759 1079 2819 Nam
1095 2767 1146 2815 cum

159 2845 229 2903 satis
250 2845 279 2903 in
302 2845 443 2905 audiendo
466 2847 622 2923 patientiae
644 2845 833 2923 impenderit:
857 2849 885 2907 in
906 2845 991 2904 aliam
1010 2859 1108 2904 rursus
1125 2835 1146 2893 εἰ

160 2944 316 3006 personam
329 2929 533 2993 transeundum
547 2938 608 3005 est,
630 2931 817 3008 agendusque
833 2931 1032 3004 adversarius,
1052 2936 1143 3008 propt·

159 3011 283 3074 nendum
300 3013 436 3092 quidquid
452 3016 565 3073 omnino
587 3015 751 3090 excogitari
769 3024 869 3074 contra
884 3022 996 3092 potest,
1021 3001 1144 3091 quidquid

160 3097 266 3175 recipit
282 3098 311 3155 in
323 3098 463 3157 eiusmodi
477 3097 690 3176 disceptatione
703 3107 811 3158 natura.
838 3097 1064 3174 Interrogandns
1075 3103 1142 3173 quam

121 3190 152 3241 ll
161 3176 347 3240 infestissime
362 3201 397 3241 ac
412 3182 596 3261 premendus.
627 3181 699 3241 Nam
714 3182 779 3242 dum
793 3185 887 3242 omnia
903 3184 1083 3261 quaerimus,
1103 3173 1143 3235 ali·

163 3262 276 3342 qnando
293 3265 459 3342 adrerum,
476 3266 524 3325 ubi
538 3268 651 3325 minime
668 3268 901 3345 expectavimus,
918 3267 1106 3345 pervenimus.

247 3346 280 3407 ln
295 3366 407 3409 vstimma
428 3352 551 3429 optimus
568 3360 613 3410 est
628 3352 656 3408 in
670 3351 809 3411 discendo
824 3360 963 3430 patronus
982 3345 1140 3410 increduius

163 3430 303 3495 Promittit
319 3434 392 3492 enim
408 3435 536 3510 litigator
552 3437 657 3512 omnia,
674 3443 779 3496 testem
794 3436 944 3515 populum,
963 3433 1140 3514 paratissimi
