2434 3925
186 200 228 261 tc
496 179 856 268 monendomum

268 364 326 425 Sed
354 362 450 423 evenit
475 363 663 443 pierumque,
692 362 771 422 utin
796 360 851 421 bac
878 359 1025 440 diligentia
1050 363 1204 426 deterior

142 450 269 517 ucetiam
289 450 338 509 liat
358 449 462 508 oratio.
493 447 634 524 Primum,
657 448 722 525 quia
744 454 808 505 sunt
825 447 932 523 optima
948 448 1061 508 minime
1082 466 1199 509 arces·

186 536 240 594 sita
264 543 293 594 et
313 530 489 609 simplicibus
510 540 596 609 atque
618 529 654 590 ab
676 532 740 608 ipsa
761 530 882 589 veritate
903 531 1043 608 proiectis
1065 533 1195 591 similia.

185 616 256 677 Nam
283 616 348 692 illa,
375 633 450 694 quae
476 632 573 675 curam
596 613 737 697 latentur,
764 623 793 672 et
814 613 879 672 licta
904 623 990 692 atque
1019 618 1195 692 composita

185 701 276 761 videri
293 700 377 759 etiam
387 698 503 772 volunt,
521 716 576 758 nec
590 697 710 775 gratiam
727 705 940 773 consequuntur
956 706 986 757 et
1001 696 1088 757 iidem
1106 699 1192 758 amit·

185 792 246 844 tunt
260 791 380 862 propter
399 783 443 857 id,
461 782 539 861 quod
560 800 663 840 sensus
681 779 850 841 obumbrant
871 788 900 841 et
920 781 1000 841 velut
1020 780 1104 841 laeto
1121 799 1191 859 gra·

77 889 82 906 ¹
144 869 259 932 atmine
276 876 339 927 sata
350 865 537 942 strangulant.
582 864 654 925 Nam
669 874 715 940 et,
734 863 811 942 quod
825 872 907 923 recte
922 865 979 924 diei
996 873 1112 943 potest,
1132 868 1188 925 cir·

186 952 321 1012 cumimus
339 966 436 1009 amore
451 949 605 1009 verborum
622 957 669 1023 et,
693 948 770 1027 quod
787 948 857 1006 satis
874 946 979 1008 dictum
993 956 1056 1023 est,
1070 950 1187 1028 repeti·

184 1053 246 1094 mus
263 1042 308 1108 et,
326 1033 402 1111 quod
423 1049 479 1091 uno
500 1032 590 1092 verbo
604 1041 700 1110 patet,
724 1030 853 1110 pluribus
875 1048 1024 1092 oneramus
1041 1041 1069 1091 et
1085 1033 1186 1110 plera·

186 1135 243 1197 quc
263 1117 426 1194 siguificare
448 1116 550 1175 melius
576 1125 708 1195 putamus
738 1133 820 1192 quam
841 1115 949 1175 dicere.
985 1112 1079 1188 Quid?
1106 1115 1185 1195 quod

185 1201 255 1262 nibil
267 1203 322 1259 iam
335 1201 480 1277 proprium
495 1200 607 1277 placet,
622 1199 686 1259 dum
697 1209 796 1277 parum
808 1198 933 1258 creditur
943 1199 1091 1274 disertum,
1107 1199 1186 1278 quod

143 1293 213 1349 atet
229 1285 301 1344 alius
318 1278 460 1343 dixisset?
484 1282 511 1341 A
532 1284 748 1361 corruptissimo
770 1299 886 1361 quoque
902 1292 1051 1361 poetarum
1072 1282 1185 1359 figuras

185 1386 238 1428 seu
259 1357 461 1427 translationes
481 1375 654 1442 mutuamur,
678 1376 735 1426 tum
758 1367 869 1426 demum
890 1368 1030 1443 ingeniosi
1053 1367 1184 1441 seilicet,

186 1453 211 1511 si
228 1450 264 1511 ad
283 1450 486 1526 intelligendus
502 1467 555 1509 ncs
578 1467 652 1527 opus
672 1452 709 1510 sit
724 1451 850 1526 ingenio.
885 1449 974 1529 Atqui
990 1449 1059 1508 satis
1078 1459 1185 1527 aperte

187 1533 291 1595 Cicero
314 1543 521 1612 praeceperat,
541 1536 573 1594 in
596 1536 728 1597 dicendo
743 1535 850 1594 citiam
868 1534 917 1594 cel
933 1536 1099 1594 maximum
1117 1553 1186 1594 esse

94 1681 96 1683 ,
186 1637 207 1679 c
220 1618 342 1697 culpari
354 1637 466 1695 genere
481 1620 630 1680 orationis
643 1627 734 1696 utque
748 1637 769 1679 c
786 1619 1002 1679 cousuetudine
1016 1620 1187 1678 marmania

144 1712 294 1766 titaneus
318 1702 495 1763 abliorrere.
536 1702 595 1762 Sed
623 1702 672 1761 ille
698 1703 784 1762 durus
810 1711 897 1780 atque
925 1701 1100 1766 ineruditus;
1128 1718 1183 1760 uos

186 1785 306 1861 melius,
330 1785 432 1863 quibus
455 1786 554 1845 sordet
575 1803 675 1861 omne,
697 1784 773 1864 quod
790 1794 889 1845 natura
906 1785 1038 1860 dietavit,
1060 1786 1184 1861 quinon

187 1877 352 1929 ornamenta
366 1871 527 1946 quaerimus
543 1870 596 1929 sed
618 1870 770 1929 lenocinia.
800 1868 888 1942 Quasi
902 1886 973 1928 vero
991 1870 1027 1926 sit
1042 1867 1102 1926 ulla
1117 1886 1181 1927 ver·

186 1952 287 2014 borum
304 1954 357 2012 nisi
373 1954 416 2012 rei
432 1952 646 2014 cohaerentium
666 1955 770 2021 virtus;
796 1971 870 2031 quae
889 1961 920 2012 ut
940 1952 1056 2031 propria
1080 1952 1137 2011 sint
1152 1960 1183 2011 et

187 2037 312 2097 dilucida
343 2047 372 2096 et
400 2046 500 2099 ornata
522 2047 551 2098 et
572 2047 640 2116 apte
668 2037 863 2127 collocentur,
888 2039 912 2096 si
939 2046 999 2096 tota
1021 2037 1080 2095 uita
1101 2035 1180 2096 labo·

144 2120 303 2186 arraudum
333 2131 393 2180 est:
425 2122 514 2181 omnis
543 2121 700 2181 studiorum
729 2122 838 2181 fructus
871 2123 992 2182 amissus
1024 2128 1079 2178 est.
1129 2119 1180 2177 At·

188 2205 235 2280 qui
257 2204 415 2282 plerosque
437 2206 537 2265 videas
560 2205 715 2266 haerentes
743 2206 820 2265 circa
849 2205 978 2282 singula,
1006 2212 1034 2264 et
1055 2203 1122 2264 dum
1139 2204 1178 2264 iu·

186 2289 303 2347 veniunt
330 2297 359 2347 et
386 2288 451 2348 dum
477 2290 592 2349 inventa
620 2289 780 2367 ponderant
807 2307 842 2349 ac
867 2290 1056 2349 dimetiuntur.
1097 2285 1179 2362 Quod

186 2370 211 2428 si
233 2370 341 2429 ideirco
363 2372 462 2447 lieret,
484 2382 515 2431 ut
538 2390 655 2451 semper
673 2373 786 2451 optimis
809 2381 969 2432 uterentur:
994 2371 1178 2433 abominanda

186 2461 281 2513 tamen
309 2453 383 2515 baec
407 2456 563 2516 infelicitas
589 2465 678 2532 erat„
698 2475 777 2533 quae
799 2466 828 2516 et
856 2475 968 2516 cursum
994 2455 1108 2516 dicendi
1135 2474 1176 2515 re

186 2535 281 2597 frenat
303 2546 332 2597 et
351 2538 478 2598 calorem
499 2541 681 2617 cogitationis
703 2542 841 2617 extinguit
861 2558 940 2601 rncra
962 2550 991 2599 et
1013 2539 1175 2599 diffidentia.

146 2619 276 2680 28bliser
297 2623 435 2698 enimet,
456 2632 486 2681 ut
502 2625 545 2682 sic
563 2624 671 2700 dicam,
692 2642 804 2703 pauper
820 2634 918 2684 orator
934 2633 993 2699 est,
1011 2625 1058 2701 qui
1074 2623 1176 2683 nullum

186 2704 306 2765 verbum
323 2723 417 2784 aequo
433 2708 525 2765 animo
542 2708 666 2785 perdere
681 2717 788 2786 potest.
814 2708 872 2768 Sed
887 2727 923 2767 ne
937 2707 1040 2787 perdet
1056 2707 1175 2785 quidem,

187 2790 234 2866 qui
259 2791 400 2849 rationem
425 2790 580 2867 eloquendi
604 2794 725 2870 primum
752 2795 939 2869 cognoverit,
965 2801 1022 2850 tum
1054 2790 1176 2850 lectione

185 2873 272 2932 multa
294 2884 323 2933 et
343 2874 447 2934 idonea
470 2877 618 2952 copiosam
640 2875 693 2935 sibi
708 2875 862 2935 verborum
877 2874 1087 2954 supellectilem
1104 2891 1175 2934 cum·

186 2959 293 3033 pararit
322 2965 352 3017 et
376 2957 443 3018 huic
470 2959 631 3023 adbibuerit
655 2968 744 3018 artem
770 2960 950 3035 collocandi,
976 2959 1078 3018 deinde
1107 2958 1176 3018 baec

186 3041 279 3099 omnia
294 3044 502 3101 exercitatione
518 3043 639 3121 plurima
654 3042 813 3121 roborarit,
829 3053 859 3103 ut
874 3061 990 3121 semper
1005 3045 1176 3122 inpromptu

143 3123 242 3180 29aint
265 3132 294 3182 ct
314 3133 380 3183 ante
401 3125 513 3185 oculos.
555 3125 685 3205 Namque
705 3126 763 3188 boc
782 3128 831 3206 qui
852 3129 975 3204 iecerit,
997 3129 1024 3186 oi
1045 3145 1093 3185 res
1115 3143 1177 3186 cum

186 3206 345 3287 nominibus
366 3210 425 3267 suis
446 3219 609 3270 occurrent.
649 3212 708 3272 Sed
724 3228 797 3290 opus
814 3220 858 3270 est
877 3211 971 3271 studio
987 3211 1176 3288 praecedente

187 3298 215 3348 et
231 3292 371 3367 acquisita
387 3291 522 3353 facultate
544 3302 579 3352 et
593 3297 675 3371 quasi
695 3297 833 3373 reposita.
870 3295 1000 3373 Namque
1025 3295 1078 3353 ista
1092 3309 1175 3370 quae·

185 3372 282 3449 rendi,
300 3374 457 3451 iudicandi,
480 3378 664 3454 comparandi
679 3380 826 3454 anxietas,
842 3379 913 3454 ,dum
929 3378 1078 3451 discimus,
1101 3376 1174 3436 adbi-

185 3455 278 3517 beuda
296 3465 357 3534 est,
373 3474 430 3517 nou
445 3458 509 3518 dum
524 3459 653 3522 dicimus.
682 3461 800 3541 Alioqui
815 3464 905 3539 sicut,
922 3462 969 3540 qui
984 3461 1175 3540 patrimonium
