2434 3925
154 196 211 255 100
482 205 840 265 u.sun.omur1n1su1
898 244 907 261 .

150 381 187 422 an
206 363 258 438 sit,
280 370 312 422 ut
332 360 526 440 compluribus
548 362 634 421 etiam
654 360 895 440 philosophorum
914 360 1027 439 placet,
1046 362 1154 422 virtus.

124 447 292 525 thuidem
308 446 394 521 illud,
418 445 495 524 quod
510 449 539 505 in
555 446 656 505 studiis
675 445 789 507 dicendi
804 445 939 524 plerique
954 456 1155 507 exercuerunt

150 541 180 591 et
196 541 344 605 exercent,
360 539 407 590 aut
420 529 527 590 nullam
541 539 641 604 artem,
659 548 733 608 quae
746 521 862 608 ἀτεχνία
874 532 1050 604 nominatur,
1066 539 1154 608 puto,

151 616 272 693 (multos
289 617 363 674 enim
377 614 463 674 video
479 615 541 673 sine
557 616 686 688 ratione,
702 617 765 673 sine
780 615 900 690 litteris,
923 632 979 693 qua
993 613 1042 673 vel
1058 616 1153 692 impu·

150 700 246 759 dentis
273 699 322 758 vel
350 698 440 758 fames
469 698 564 773 duxit,
592 700 727 778 ruentes)
752 706 800 758 aut
820 698 922 759 malam
946 699 1027 776 quasi
1046 709 1153 774 artem,

151 801 234 862 quam
260 783 450 861 κακοτεχνίαν
469 782 599 842 dicimus.
644 782 716 842 Nam
738 791 767 842 et
787 782 878 841 fuisse
898 782 1004 842 multos
1029 792 1058 841 et
1081 801 1154 842 esse

150 867 304 929 nonnullos
320 869 470 942 existimo,
493 868 541 945 qui
556 866 723 926 facultatem
743 866 856 927 dicendi
871 866 906 926 ad
923 866 1066 926 hominurn
1083 886 1153 946 per·

125 954 253 1019 3niciem
269 953 474 1012 converterint.
510 950 729 1029 Μαναιοτεχνία
749 968 865 1029 quoque
881 960 926 1010 est
941 951 1100 1030 quaedam,
1124 951 1154 1011 id

150 1045 195 1096 est
221 1054 401 1115 supervacua
428 1035 497 1094 artis
522 1036 658 1110 imitatio,
688 1053 761 1114 quae
782 1035 852 1095 nihil
874 1053 943 1094 sane
966 1053 1061 1112 neque
1081 1035 1154 1094 boni

149 1138 245 1198 neque
267 1121 334 1181 mali
354 1119 475 1195 habeat,
497 1120 549 1180 sed
572 1137 675 1178 vanum
700 1119 846 1188 laborem;
874 1119 966 1197 qualis
986 1119 1063 1179 illius
1085 1119 1153 1195 fuit,

150 1207 197 1284 qui
213 1223 302 1282 grana
318 1206 423 1264 ciceris
439 1222 477 1263 ex
491 1205 585 1282 spatio
600 1203 716 1263 distanti
737 1206 842 1280 missa,
864 1206 892 1262 in
907 1221 989 1263 acum
1012 1205 1153 1262 continuo

150 1299 179 1349 et
194 1291 256 1347 sine
271 1290 456 1348 frustratione
473 1288 637 1362 inserebat,
661 1306 745 1365 quem
761 1306 824 1347 cum
840 1296 1005 1366 spectasset
1020 1287 1152 1347 Alexan·

150 1374 218 1448 der,
238 1373 363 1433 donasse
381 1371 483 1432 dicitur
499 1372 627 1432 eiusdem
642 1371 794 1448 leguminis
809 1372 924 1447 modio,
941 1371 1018 1450 quod
1034 1372 1153 1449 quidem

123 1459 308 1537 epraemium
320 1457 372 1516 fuit
386 1456 438 1515 illo
454 1473 545 1534 opere
561 1457 767 1533 dignissimum.
796 1455 847 1515 llis
864 1474 921 1534 ego
937 1456 1152 1533 comparandos

151 1542 301 1616 existimo,
325 1542 420 1617 quiin
443 1539 717 1615 declamationibus,
748 1558 818 1619 quas
841 1558 909 1601 esse
929 1541 1044 1600 veritati
1065 1540 1151 1604 dissi·

149 1625 281 1685 millimas
297 1625 413 1700 volunt,
435 1634 559 1685 aetatem
572 1625 661 1684 multo
676 1625 772 1684 studio
788 1642 823 1684 ac
844 1624 946 1685 labore
959 1632 1150 1692 :consumunt

149 1710 258 1770 Verum
277 1709 366 1785 haec,
389 1727 472 1786 quum
498 1711 649 1768 instituere
673 1725 810 1768 conamur
834 1718 864 1769 et
890 1711 970 1768 cuius
996 1710 1151 1785 imaginem

150 1797 242 1854 animo
266 1795 468 1872 concepimus,
491 1811 565 1871 quae
591 1793 669 1854 bono
690 1795 753 1853 viro
781 1795 916 1854 convenit
943 1802 1076 1872 quaeque
1104 1802 1151 1853 est

149 1896 221 1939 vere
235 1878 397 1953 rhetorice,
419 1880 537 1937 virtus
557 1879 622 1936 erit.

121 1980 139 2032 5
234 1963 318 2038 Quod
339 1963 505 2043 philosophi
522 1963 636 2040 quidem
649 1961 746 2022 multis
762 1954 795 2022 et'
806 1964 898 2023 acutis
914 1960 1149 2022 conclusionibus

149 2049 306 2125 colligunt,
329 2048 396 2107 mihi
417 2065 487 2107 vero
511 2051 595 2107 etiam
619 2047 750 2125 planiore
774 2046 829 2107 bac
850 2049 1027 2126 proprieque
1048 2056 1149 2105 nostra

149 2132 321 2212 probatione
336 2132 449 2191 videtur
465 2150 532 2191 esse
548 2133 742 2210 perspicuum.
780 2132 825 2191 Ab
845 2132 902 2192 illis
917 2131 990 2191 haec
1005 2131 1147 2191 dicuntur.

150 2218 181 2276 Si
208 2232 370 2276 consonare
395 2215 449 2276 sibi
469 2217 497 2274 in
521 2216 661 2275 faciendis
686 2234 720 2275 ac
740 2233 798 2275 non
818 2216 958 2275 iaciendis
979 2216 1069 2274 virtus
1092 2223 1149 2290 est,

150 2318 225 2378 quae
240 2319 308 2378 pars
330 2302 391 2359 eius
407 2300 558 2377 prudentia
577 2309 714 2360 vocatur:
737 2300 837 2360 cadem
855 2300 1026 2362 indicendis
1043 2315 1149 2360 acuon

123 2384 278 2455 edicendis
294 2386 358 2443 erit.
399 2382 437 2443 Et
457 2387 481 2443 si
497 2387 619 2444 virtutes
638 2393 718 2460 sunt,
738 2385 773 2445 ad
796 2402 867 2461 quas
883 2384 967 2443 nobis
983 2386 1068 2444 etiam
1082 2393 1149 2443 ante

150 2486 234 2546 quam
249 2468 421 2528 doceremur
435 2470 513 2528 initia
529 2469 669 2547 quaedam
686 2487 720 2528 ac
736 2471 844 2529 semina
861 2478 926 2528 sunt
943 2485 1085 2528 concessa
1099 2486 1148 2527 na·

149 2562 229 2628 tura,
249 2562 280 2611 ut
301 2552 337 2612 ad
358 2554 506 2628 iustitiam,
531 2556 611 2612 cuius
628 2554 743 2612 rusticis
763 2570 881 2631 quoque
900 2571 935 2612 ac
950 2552 1080 2613 barbaris
1098 2571 1149 2631 ap·

149 2646 232 2715 paret
255 2637 350 2714 aliqua
369 2639 479 2713 imago:
502 2655 555 2696 nos
580 2647 661 2697 certe
682 2639 726 2695 sic
746 2655 813 2696 csse
834 2637 870 2696 ab
894 2638 974 2697 initio
996 2638 1149 2712 formatos,

149 2730 180 2780 ut
193 2739 347 2799 possemus
365 2738 450 2781 orare
465 2739 519 2799 pro
535 2721 635 2797 nobis,
657 2723 840 2780 etiamsinon
858 2722 991 2799 perfecte
1006 2730 1099 2781 tamen
1118 2732 1151 2781 ut

149 2807 277 2865 inessent
291 2804 430 2882 quaedam
446 2805 491 2883 (ut
503 2805 577 2885 dixi)
594 2807 702 2865 semina
719 2808 780 2865 eius
796 2806 952 2882 facultatis,
968 2805 1150 2867 manifestum

123 2898 204 2959 test.
243 2889 308 2949 Non
328 2889 428 2949 eadem
449 2899 542 2950 autem
562 2899 661 2949 natura
681 2899 726 2949 est
745 2889 788 2949 his
813 2889 938 2966 artibus,
962 2908 1037 2969 quae
1060 2892 1149 2950 avir-

120 2990 124 2997 ·
150 2982 210 3032 tute
231 2983 296 3033 sunt
316 2983 456 3034 remotae.
501 2974 601 3052 ltaque
626 2993 689 3033 cum
711 2974 767 3033 duo
789 2977 846 3033 sint
866 2992 976 3051 genera
998 2976 1148 3051 orationis,

149 3056 240 3118 altera
256 3067 414 3137 perpetua,
433 3076 507 3136 quae
523 3059 669 3118 rhetorice
685 3054 804 3134 dicitur,
821 3059 911 3119 altera
927 3061 1055 3135 concisa,
1074 3077 1149 3137 quae

149 3140 316 3211 dialecticc;
340 3161 410 3221 quas
428 3143 543 3221 quidem
559 3141 639 3201 Zeno
657 3143 741 3202 adeo·
753 3145 915 3217 coniunxit,
937 3151 967 3201 ut
981 3140 1055 3203 hanc
1071 3161 1148 3203 com·

149 3243 271 3303 pressae
291 3228 320 3285 in
335 3245 461 3305 pugnum
475 3245 585 3301 manus,
606 3226 684 3286 illam
705 3227 868 3305 explicatae
885 3227 997 3287 diceret
1012 3228 1148 3287 similem:

150 3312 236 3369 etiam
250 3310 422 3388 disputatrix
436 3313 529 3393 virtus
543 3312 608 3370 erit.
649 3309 732 3369 Adeo
750 3310 871 3387 dehac,
895 3329 968 3390 quae
984 3313 1149 3391 speciosior
1185 3352 1198 3375 x

149 3403 236 3473 atque
252 3396 382 3473 apertior
396 3403 474 3455 tanto
491 3404 552 3469 est,
574 3393 643 3453 nihil
660 3393 842 3455 dubitabitur.

125 3487 143 3542 8
235 3479 294 3561 Sed
318 3479 431 3560 plenius
453 3478 510 3539 hoc
530 3479 605 3539 idem
631 3488 718 3557 atque
740 3482 869 3559 apertius
890 3480 993 3540 intueri
1015 3498 1053 3539 ex
1076 3480 1148 3557 ipsis
