2434 3925
149 182 208 244 128
461 197 498 244 u.
513 134 591 244 sna.
609 168 827 255 oomummm

146 359 227 424 ctus,
248 349 325 428 quod
348 351 465 408 inaure
486 348 566 408 velut
587 348 711 427 quodam
727 348 872 409 uestibulo
892 350 987 425 statim
1007 351 1153 421 offendit3

147 434 250 493 deinde
268 426 344 511 quod
365 442 464 492 natura
485 432 613 492 ducimur
633 432 668 492 ad
689 433 799 492 modos.
842 431 944 512 Neque
964 435 1037 494 euim
1058 435 1155 495 aliter
1213 454 1214 461 ¹

147 519 295 593 eveniret,
323 525 354 576 ut
377 516 419 576 illi
439 533 555 594 quoque
570 518 743 593 organorum
767 517 850 592 soni,
872 535 1032 595 quanquam
1052 519 1154 577 verba

146 619 204 660 noa
227 601 402 679 exprimunt,
427 600 456 658 in
476 599 550 659 alios
574 608 668 659 tamen
691 608 777 678 atque
799 599 872 660 alios
894 610 987 660 motus
1004 602 1154 662 ducerent

105 686 314 750 llauditorem.
351 684 384 745 ln
405 682 607 743 certaminibus
631 685 721 743 sacris
742 701 800 742 non
819 684 919 743 eadem
941 686 1052 743 ratione
1077 703 1151 745 con·

148 770 234 828 citant
249 769 358 827 animos
374 785 409 828 ac
423 769 580 835 remittunt;
597 783 654 825 non
666 767 785 827 eosdem
799 767 901 827 modos
913 767 1062 843 adhibent,
1083 788 1151 828 cum

145 851 281 911 bellicum
297 860 342 911 est
357 850 514 911 canendum
531 860 560 910 et
575 869 638 909 cum
650 852 745 929 posito
757 869 833 928 genu
849 851 1064 929 supplicandum
1086 863 1150 918 est;

146 954 202 995 nee
227 936 302 995 idem
324 937 470 1012 signorum
491 943 649 994 concentus
676 943 721 993 est
743 934 922 1012 procedente
944 935 979 994 ad
1000 936 1151 1012 proelium

106 1021 291 1095 mereretur,
315 1018 391 1078 idem
414 1019 546 1097 receptui
568 1035 691 1078 carmen.
735 1018 1032 1094 ophagoretscerte
1053 1022 1151 1078 moris

146 1103 215 1179 fuit,
241 1111 271 1161 et
294 1121 358 1162 cum
379 1103 581 1179 evigilassem,
607 1103 717 1162 animos
739 1103 775 1162 ad
798 1101 887 1176 lyram
911 1105 1055 1181 excitare,
1087 1120 1150 1180 qno

146 1195 244 1246 essent
260 1186 295 1245 ad
311 1186 453 1263 agendum
468 1189 643 1254 erectiores;
666 1195 695 1245 et
713 1204 776 1245 eum
793 1202 921 1244 somnum
939 1194 1090 1264 peterent,
1111 1187 1149 1246 ad

147 1270 266 1331 eandem
282 1271 361 1348 prius
384 1270 475 1329 lenire
491 1279 619 1345 mentes,
642 1279 688 1346 ut,
711 1271 736 1328 si
757 1269 824 1348 quid
839 1270 943 1329 luisset
956 1268 1150 1329 turbidiorum

104 1368 138 1420 13
148 1354 369 1430 cogitationum,
387 1363 604 1431 componerent.
643 1352 753 1427 Quodsi
770 1356 894 1412 numeris
910 1371 944 1413 ac
960 1353 1051 1412 modis
1066 1355 1150 1413 inest

147 1437 286 1515 quaedam
306 1438 392 1496 tacita
409 1438 471 1496 vis:
497 1438 525 1495 in
548 1439 679 1496 oratione
696 1446 741 1496 est
759 1437 1023 1504 vehementissima;
1053 1455 1147 1515 quan·

145 1531 261 1599 tumque
284 1521 419 1596 interest,
442 1539 545 1580 sensus
564 1521 639 1581 idem
661 1521 763 1599 quibus
784 1521 882 1581 verbis
903 1521 1056 1597 efferatur,
1081 1530 1146 1581 tan·

145 1614 213 1678 tum,
229 1603 318 1663 verba
330 1605 433 1663 eadem
445 1622 501 1682 qua
515 1606 725 1683 compositione
737 1605 786 1665 vel
797 1607 916 1665 intentu
931 1606 1082 1681 iungantur
1093 1605 1145 1665 vel

144 1690 173 1747 in
187 1687 242 1746 line
258 1687 434 1747 claudantur.
478 1687 551 1748 Nam
567 1688 708 1766 quaedam
725 1697 754 1748 et
769 1690 917 1749 sententiis
929 1707 1017 1766 parva
1033 1697 1062 1747 et
1079 1688 1144 1748 elo·

103 1781 138 1836 14
146 1773 260 1831 cutione
274 1767 387 1831 modica
401 1774 491 1834 uirtus
510 1771 584 1832 haec
602 1772 667 1832 sola
685 1773 874 1833 commendat.
913 1772 1046 1849 Denique
1064 1772 1145 1851 quod

145 1857 348 1933 cuiquevisum
357 1858 410 1915 erit
420 1856 619 1932 vehementer,
629 1855 762 1932 dulciter,
774 1858 911 1936 speciose
921 1856 1036 1930 dictum,
1046 1857 1145 1916 solvat

145 1949 174 2000 et
189 1940 300 2000 turbet:
324 1939 426 2000 abierit
443 1941 533 1999 omnis
548 1942 609 2016 vis,
627 1940 802 2017 iucunditas,
819 1939 919 2000 decor.
948 1940 1042 2000 Solvit
1054 1957 1142 2020 quae·

143 2026 207 2087 dam
223 2042 275 2085 sua
291 2027 320 2084 in
336 2023 458 2084 Oratore
474 2022 595 2084 Cicero:
612 2023 717 2103 Neque
725 2043 776 2086 ’me
789 2026 914 2087 divitiae
927 2034 1043 2086 movent
1050 2035 1066 2100 ,²
1077 2028 1143 2103 qui·

143 2110 201 2169 bus
214 2128 315 2171 omnes
324 2105 490 2186 Africanos
505 2116 534 2169 ct
547 2107 669 2171 baetim
683 2108 769 2169 mods·
781 2109 925 2172 venalicii
942 2117 1142 2171 mercatores·

143 2209 202 2270 que
216 2199 420 2270 superarunt,
443 2201 473 2251 et
495 2194 680 2270 insequentes
696 2193 834 2272 deinceps
850 2192 1004 2271 periodos;
1028 2211 1100 2272 quas
1119 2193 1143 2253 si

143 2276 179 2334 ad
196 2274 276 2334 illum
290 2275 403 2334 modum
419 2275 534 2336 turbes:
554 2277 635 2339 velut
650 2277 742 2337 fracta
759 2287 805 2347 eut
820 2286 983 2336 transversa
999 2278 1059 2337 tela
1073 2294 1141 2355 pro-

103 2359 260 2417 ltieceris.
304 2358 383 2418 ldem
404 2362 539 2436 corrigit,
564 2379 638 2438 quae
665 2379 681 2420 a
703 2360 833 2421 Graccho
855 2362 1015 2439 composita
1043 2360 1141 2419 durius

143 2449 232 2519 putat.
256 2440 339 2512 Illum
353 2443 453 2510 decet;
470 2461 523 2502 nos
538 2444 592 2504 hac
608 2463 704 2503 sumus
718 2444 889 2521 probatione
905 2445 1046 2518 contenti,
1063 2444 1142 2522 quod

143 2526 171 2584 in
193 2524 364 2599 scribendo,
395 2544 468 2603 quae
490 2528 629 2587 se‘nobis
654 2528 794 2587 solutiora
815 2528 996 2603 obtulerunt,
1022 2545 1140 2605 compo·

142 2610 243 2667 nimus.
292 2607 367 2682 Quid
389 2610 464 2668 enim
484 2613 584 2670 attinet
604 2629 703 2675 eorum
728 2613 860 2691 exempla
886 2630 1044 2690 quaerere,
1066 2629 1141 2689 quae

142 2692 197 2752 sibi
213 2694 335 2771 quisque
351 2694 479 2770 experiri
494 2692 612 2772 potest?
648 2694 722 2754 Illud
737 2705 855 2755 notasse
871 2698 940 2755 satis
955 2695 1065 2769 habeo,
1082 2712 1140 2772 quo

141 2776 307 2855 pulchriora
327 2787 357 2837 et
372 2795 460 2836 sensu
476 2787 506 2837 et
521 2778 688 2838 elocutione
703 2780 890 2853 dissolveris,
908 2780 964 2839 hoc
980 2781 1140 2839 orationem

142 2863 233 2937 magis
256 2860 415 2921 deformem
436 2862 519 2937 tore,
555 2864 620 2939 quia
645 2864 822 2941 negligentia
847 2864 1048 2923 collocationis
1076 2863 1140 2940 ipsa
1169 2887 1173 2895 ·

102 2944 295 3006 loverborum
318 2946 385 3005 luce
411 2945 644 3024 deprehenditur.
689 2947 790 3026 ltaque
811 2956 842 3006 ut
867 2948 1024 3022 confiteor,
1045 2964 1140 3028 paene

142 3027 267 3088 nlhmam
282 3030 446 3090 oratoribus
466 3039 556 3093 artem
580 3032 813 3109 compositionis,
843 3049 916 3109 quae
939 3031 1071 3109 perlecta
1090 3032 1139 3105 sit,

143 3112 318 3188 contigisse:
340 3116 379 3173 ita
399 3114 456 3174 illis
479 3132 595 3192 quoque
618 3115 722 3193 priscis
745 3114 869 3174 habitam
890 3117 965 3174 inter
980 3131 1081 3189 curas,
1111 3116 1139 3173 iu

142 3204 276 3272 quantum
291 3196 384 3256 adhuc
399 3198 602 3275 proiecerant,
627 3208 707 3278 puto.
745 3198 848 3277 Neque
870 3201 944 3259 enim
959 3198 1026 3257 mihi
1042 3215 1138 3275 quam-

141 3278 213 3338 libet
235 3297 354 3357 magnus
384 3291 486 3342 auctor
510 3281 614 3342 Cicero
642 3284 836 3359 persuaserit,
861 3281 980 3358 Lysian,
1007 3281 1137 3341 Herodo-

102 3369 217 3438 lttum,
242 3363 427 3438 Thucydiden
452 3383 550 3443 pamm
571 3365 716 3426 studiosos
738 3368 799 3426 eius
820 3366 922 3425 tuisse.
961 3364 1056 3426 Genus
1079 3364 1138 3423 ior·

142 3455 221 3508 tasse
245 3449 300 3509 siut
324 3450 417 3508 secuti
439 3451 611 3526 nunidem,
635 3449 711 3529 quod
734 3449 947 3509 Demosthenes
971 3457 1019 3508 aut
1039 3447 1135 3520 Plato;
