2434 3925
145 236 185 297 34
458 248 821 311 n.nnn.ou1un1n1nn1

116 407 252 481 sseripto
277 405 356 464 etde
377 403 524 465 voluntate
545 405 700 484 quaeritur.
741 404 774 465 ld
795 413 853 464 tum
867 404 986 480 accidit,
1008 423 1072 465 eum
1095 415 1149 467 est

144 490 172 547 in
187 488 254 563 lege
270 487 365 565 aliqua
386 487 557 548 obscuritas.
600 486 632 547 ln
648 506 682 548 ea
699 497 746 548 aut
757 498 879 565 uterque
895 506 974 547 suam
994 489 1147 567 interpre-

143 573 279 632 tationem
299 573 464 645 confirmat,
483 571 640 631 adversarii
661 571 820 632 subvertit:
845 581 876 631 ut
890 572 954 647 hie,
978 570 1042 633 Far
1057 590 1148 650 qua-

144 657 288 734 druplam
307 658 413 718 soient.
454 654 523 716 Duo
542 658 759 734 surripuerunt
771 657 892 735 pariter
907 657 1012 717 decern
1031 659 1148 726 miliar

141 747 285 819 petantur
301 741 340 801 ab
357 749 485 817 utroque
500 742 722 817 pendragon&
742 742 787 802 illi
797 741 966 817 postulunt,
982 748 1016 799 ut
1028 742 1148 802 nieman

145 824 312 900 conserunt.
350 823 420 882 Nam
436 831 465 882 et
483 832 564 883 autor
577 823 663 898 dicit,
680 824 737 883 hoo
753 842 820 883 esse
838 822 1041 901 quadruplum,
1060 825 1146 903 quod

144 916 238 986 petat,
263 915 292 966 et
309 909 351 967 rei
367 908 440 983 hoo,
462 907 538 985 quod
555 906 692 975 olierant;
720 908 852 967 voluntas
873 924 989 986 quoque
1003 908 1146 987 utrinque

116 991 314 1059 adelenditur.
359 991 433 1066 Aut,
459 1008 523 1049 cum
545 985 583 1050 de
603 991 696 1050 altero
718 990 867 1051 intellectu
888 1000 997 1051 eertum
1016 1000 1079 1066 est,
1106 991 1145 1052 de

145 1076 237 1135 altero
255 1074 387 1134 dubium:
407 1072 457 1133 Ea
472 1077 632 1136 meretrice
651 1084 797 1136 natusne
819 1076 1014 1136 eontionetur.
1050 1072 1149 1149 Quae

143 1160 238 1238 filium
263 1158 410 1235 iubebat,
438 1170 581 1236 prostare
606 1161 725 1238 eoepitr'
755 1159 933 1238 prohibetur
959 1160 1148 1221 adolescens

145 1245 291 1305 emtione.
326 1241 398 1302 Nam
418 1241 454 1301 de
477 1244 537 1301 eius
566 1242 642 1317 iilio,
665 1261 739 1321 quae
767 1251 832 1321 ante
860 1252 971 1320 partum
1000 1243 1147 1302 meretrix

145 1328 213 1402 luit,
231 1335 340 1385 eertum
355 1335 414 1385 est:
433 1344 468 1386 an
484 1328 583 1386 eadem
597 1325 679 1386 huius
696 1328 846 1408 pausant,
863 1325 977 1385 dubium
993 1335 1054 1403 est,
1074 1327 1146 1405 qnia

119 1418 184 1471 tex
199 1410 253 1468 hue
268 1417 424 1485 natusest,
444 1418 472 1468 et
485 1409 558 1469 haee
568 1413 705 1470 meretrix
720 1420 773 1470 est.
803 1410 886 1470 Solet
901 1419 930 1469 et
945 1409 1014 1469 illud
1026 1411 1145 1489 quaeri,

146 1512 202 1573 quo
220 1493 377 1568 referatur,
397 1494 474 1570 quod
490 1496 627 1572 seriptum
644 1504 703 1569 est,
720 1494 774 1555 Bis
794 1496 833 1555 de
854 1495 961 1555 endem
982 1513 1017 1555 re
1039 1514 1082 1555 ne
1104 1495 1147 1554 sit

145 1578 245 1646 aetio‚·
260 1577 288 1636 id
304 1586 362 1653 est,
379 1576 436 1637 hoe
449 1579 495 1640 bis
511 1578 546 1638 ad
561 1569 689 1639 actorem
704 1597 739 1638 an
754 1574 968 1639 adactionem?
1003 1577 1086 1638 Haeo
1105 1595 1146 1638 ex

145 1664 206 1721 iure
224 1660 359 1721 obscuro.

208 1744 338 1806 Alterum
349 1764 440 1823 genus
453 1755 497 1806 est
510 1764 547 1807 ex
558 1746 723 1814 manifesto;
741 1745 817 1823 quod
828 1745 878 1823 qui
888 1744 980 1804 solum
994 1744 1142 1819 viderunt,

69 1908 71 1911 Α
146 1830 220 1889 hunc
236 1839 338 1890 statum
359 1831 457 1909 plani
478 1841 511 1890 et
531 1831 735 1891 voluntatis
752 1829 944 1907 appellarunt.
977 1828 1009 1888 ln
1024 1828 1082 1887 hoe
1099 1827 1142 1887 al·

118 1925 207 1980 atera
227 1932 294 1994 pars
316 1917 425 1994 scripto
446 1916 542 1975 nititur
563 1915 656 1976 altera
674 1913 830 1973 voluntate.
872 1913 930 1973 Sed
947 1921 1046 1973 eontra
1067 1912 1142 1972 seri·

147 2010 224 2078 ptum
245 1998 335 2059 tribus
357 1999 513 2076 generibus
533 2001 704 2059 occurritur.
748 1998 839 2058 Unum
860 2006 922 2073 est,
951 1998 979 2078 in
1000 2013 1056 2075 quo
1073 1996 1141 2075 ipso

146 2093 240 2162 patet,
262 2101 378 2160 semper
402 2085 430 2144 id
450 2086 560 2143 servari
581 2100 638 2142 non
654 2099 758 2161 posse:
779 2080 883 2143 Liberi
894 2090 1040 2161 parentes
1054 2081 1143 2141 alum

146 2177 200 2229 ont
219 2169 413 2237 sincinnium
440 2169 585 2227 nonenim
607 2166 771 2243 alligabitur
799 2165 900 2225 inians.
929 2164 1003 2259 ¹,llio
1023 2164 1077 2224 erit
1106 2162 1142 2223 ad

147 2251 203 2310 ulia
222 2253 374 2326 transitus,
400 2259 429 2310 et
450 2252 568 2326 divisio,
590 2250 663 2310 Num
687 2251 814 2328 quisquis
836 2267 894 2308 non
917 2244 1041 2310 aluerit?
1074 2265 1143 2307 num

119 2331 215 2397 thie?
249 2334 414 2412 Proponunt
427 2336 541 2412 quidam
556 2335 615 2396 tale
629 2352 721 2411 genus
737 2335 1012 2407 controversiarum,
1034 2332 1062 2391 in
1083 2347 1143 2409 quo

148 2417 253 2479 nullum
274 2428 469 2494 argumentum
492 2428 551 2495 est,
571 2419 648 2497 quod
665 2437 702 2477 ex
717 2418 784 2494 lege
798 2419 861 2495 ipsa
875 2418 936 2496 peti
958 2417 1065 2493 possit,
1089 2413 1144 2474 sed

148 2502 183 2561 de
201 2518 236 2560 eo
254 2510 375 2579 tantum,
394 2502 429 2561 de
446 2520 503 2580 quo
518 2503 553 2562 lis
570 2511 630 2578 est,
647 2502 840 2580 quaerendum
855 2503 901 2561 sit.
946 2498 1144 2579 Peregrinus,

146 2589 174 2647 si
197 2604 314 2646 rourum
334 2589 524 2665 ascenderit,
544 2588 644 2667 eapite
659 2588 816 2665 puniatur.
861 2582 935 2646 Cum
955 2584 1055 2645 ltostes
1074 2601 1145 2644 ma-

148 2687 216 2730 rum
231 2671 455 2747 ascendissent,
470 2672 653 2761 peregrinus
667 2689 719 2732 eos
733 2671 867 2749 nepsam
885 2669 1056 2748 petiturae
1070 2685 1144 2746 sup-

119 2758 137 2815 i
145 2756 280 2834 plinium.
313 2752 379 2813 Non
391 2763 472 2814 erunt
487 2755 533 2814 hie
548 2764 700 2833 separatae
715 2756 916 2832 quaestiones,
936 2750 980 2810 An
992 2751 1145 2831 quisquis?

149 2857 184 2899 an
205 2834 272 2897 hiel
295 2841 361 2916 quia
382 2839 488 2898 nullum
508 2849 605 2918 potest
623 2839 719 2898 afferri
739 2847 935 2931 argumentum
951 2844 1050 2895 eontra
1070 2835 1144 2894 seri-

149 2932 227 3001 ptum
243 2923 439 2983 vehementius
458 2940 509 2998 eo,
527 2924 603 3001 quod
620 2925 648 2982 in
668 2923 718 2982 lite
734 2932 792 2989 est;
813 2923 866 2981 sed
881 2921 938 2980 hoe
954 2928 1076 2994 tantum,
1098 2917 1144 2976 An

148 3025 185 3064 ne
202 3006 361 3067 servandae
379 3007 491 3083 quidem
509 3009 630 3068 civitatis
647 3003 755 3066 eausa‘l
790 3005 871 3083 Ergo
888 3005 1032 3082 aequitate
1049 3011 1078 3061 et
1092 3019 1144 3061 uo-

150 3090 257 3149 luntate
278 3091 468 3168 pugnandum.
510 3090 586 3150 Fieri
603 3100 697 3150 tamen
713 3099 827 3168 potest,
853 3099 883 3149 ut
898 3107 935 3147 ex
950 3087 1013 3147 aliis
1029 3084 1144 3162 legibus

150 3173 283 3252 exempla
299 3175 450 3250 ducamus,
472 3194 525 3253 per
544 3193 619 3253 qnae
638 3183 790 3252 appareat,
812 3190 929 3250 semper
950 3173 1018 3230 stari
1034 3170 1143 3247 scripto

121 3265 207 3319 finon
229 3274 335 3335 posse,
358 3267 388 3317 ut
409 3257 513 3318 Cicero
529 3276 582 3337 pro
599 3256 724 3318 Caenina
742 3258 821 3318 iecit.
866 3256 1010 3330 Tertium,
1032 3271 1095 3314 eum
1115 3254 1144 3311 in

149 3341 221 3419 ipsis
246 3341 344 3401 verbis
368 3342 442 3419 legis
469 3345 628 3420 reperimus
653 3341 776 3419 aliquid,
804 3360 857 3420 per
873 3339 956 3419 'quod
976 3337 1143 3418 probemus,

149 3424 226 3486 aliud
247 3425 465 3502 legumlatorem
489 3425 634 3501 voluisse,
658 3434 688 3484 ut
712 3427 740 3484 in
763 3426 818 3485 hae
839 3424 1054 3484 controversie:
1085 3417 1145 3493 Qui

149 3505 753 3598 noetesumserroriepreiensassumit,
770 3510 920 3592 oilipetnr.
965 3504 1144 3569 Censennia
1212 3538 1213 3555 κ
