2434 3925
379 237 799 307 nrsr.onnron.nus.11,e.
1042 228 1081 289 75

120 391 1049 454 ANSEGUNDUMSUIQUISQUEINGENIINATURAM

440 477 731 530 Docnnnossru

172 574 249 636 vill.
290 575 388 635 Virtus
414 567 627 654 praeceptoris
641 574 742 635 haberi
768 574 845 634 solet
864 594 920 635 nec
940 577 1080 636 immerito

84 660 247 738 ¹diligenter
267 656 301 719 in'
318 659 381 733 his,
407 660 680 737 quos.erudiendos
703 660 885 737 susceperit,
907 668 1008 719 notare
1027 660 1080 720 dl·

86 744 269 804 sorimina
290 745 524 819 ingeniorum
550 752 594 819 ot,
612 760 670 821 qno
686 761 830 821 quemque
845 752 945 803 natura
959 745 1082 804 maxime

87 829 180 902 ferat,
206 827 293 886 scire.
325 826 397 886 Nam
415 835 461 885 est
480 828 508 886 in
523 827 580 886 hoo
599 825 777 886 incredibilis
793 828 934 904 quaedam
955 830 1081 888 varietas

87 930 143 971 nec
174 911 328 989 pauciores
357 911 514 969 animorum
543 928 637 989 paene
663 927 747 988 quam
777 927 931 988 corporum
959 910 1079 972 lormae.

88 994 176 1069 Quod
193 994 314 1070 intelligi
331 995 416 1053 etiam
436 1012 473 1053 ex
488 996 558 1073 ipsis
580 993 745 1054 oratoribus
766 1004 879 1072 potest,
904 996 953 1072 qui
974 1004 1105 1056 tantuma

87 1080 164 1137 inter
187 1095 221 1136 se
239 1078 343 1137 distant
364 1096 475 1153 genere
496 1078 628 1154 dicendi,
649 1087 680 1136 ut
701 1095 785 1137 nemo
802 1080 845 1137 *sit
866 1078 949 1138 alteri
969 1079 1080 1155 similis,

89 1162 220 1242 quamvis
241 1161 354 1239 plurimi
377 1180 410 1221 se
433 1162 468 1221 ad
493 1180 592 1221 eorum
615 1179 689 1239 quos
712 1162 874 1240 probabant
897 1163 1081 1223 imitationem

88 1247 315 1323 composuerint.
341 1245 421 1305 Utile
437 1246 540 1306 deinde
556 1245 704 1324 plerisque
718 1247 811 1306 visum
827 1256 872 1305 est
887 1247 925 1307 ita
937 1266 1105 1326 quemqne3

87 1331 256 1403 instituere,
279 1337 309 1387 ut
324 1331 441 1407 propria
456 1339 574 1390 naturae
594 1329 671 1388 bona
686 1330 825 1389 doctrina
837 1331 987 1408 foverent,
1008 1332 1081 1391 etin

88 1415 117 1473 id
140 1414 319 1492 potissimum
338 1414 469 1491 ingenia,
493 1432 550 1493 quo
572 1414 742 1488 tenderent,
765 1415 980 1483 adiumentum
1004 1424 1035 1474 nt
1056 1416 1081 1473 si

89 1500 155 1576 quis
170 1495 335 1575 palaestrae
358 1498 486 1577 peritus,
512 1516 576 1558 cum
590 1500 619 1558 in
641 1498 758 1577 aliquod
776 1500 890 1578 plenum
914 1499 1013 1576 pueris
1028 1516 1080 1574 gy·

89 1583 228 1640 mnasium
241 1582 370 1657 venerit,
397 1592 534 1659 expertus
552 1599 652 1641 eorum
678 1584 864 1643 omnimodo
889 1600 995 1661 eorpus
1022 1583 1080 1641 ani·

88 1682 223 1742 mumque
241 1663 403 1739 discernat,
425 1667 470 1724 oui
490 1667 612 1744 quisque
628 1669 777 1726 certamini
793 1666 1007 1744 praeparandus
1025 1668 1078 1724 sit:
1154 1707 1157 1714 s

88 1751 129 1808 ita
155 1757 378 1826 praeceptorem
401 1748 604 1827 eloquentiae,
632 1767 696 1808 cum
721 1750 866 1824 sagaciter
890 1749 976 1808 luerit
997 1752 1105 1809 intui-4

89 1842 158 1907 tus,
177 1832 257 1890 onius
272 1832 417 1909 ingenium
431 1849 535 1912 presso
552 1832 708 1910 limatoque
723 1849 833 1908 genere
848 1833 979 1906 dicendi,
999 1835 1079 1892 cuius

89 1916 169 1989 acri,
195 1915 294 1992 gravi,
321 1916 416 1992 dulci,
444 1932 568 1994 aspero,
595 1916 703 1990 nitido,
731 1914 840 1974 urbano
862 1919 985 1976 maxime
1010 1935 1079 1993 gau·

90 2001 175 2075 deat,
198 2001 237 2058 ita
258 2017 292 2058 se
316 2002 559 2062 commodaturum
581 2000 720 2076 singulis,
749 2009 780 2059 ut
802 2001 830 2058 in
853 2017 907 2076 eo,
929 2018 986 2079 quo
1003 2003 1080 2079 quis·

90 2101 148 2162 qne
164 2084 286 2160 eminet,
313 2085 504 2162 provehatur;
529 2085 607 2162 quod
625 2093 654 2142 et
677 2084 771 2144 adiuta
790 2102 858 2143 cura
873 2093 975 2159 natura
988 2087 1104 2160 magist

90 2166 257 2243 evalescat,
280 2176 326 2243 et,
343 2170 433 2248 quiin
449 2169 564 2228 diversa
579 2168 717 2243 ducatur,
733 2184 828 2246 neque
844 2169 873 2226 in
890 2169 951 2243 his,
977 2168 1079 2247 quibus

89 2254 182 2311 minus
203 2259 286 2329 aptus
307 2261 367 2328 est,
390 2254 459 2335 satis
481 2252 574 2329 possit
595 2250 715 2311 ellicere
738 2260 768 2311 et
789 2269 841 2328 ea,
864 2254 892 2310 in
908 2270 982 2331 quae
997 2261 1079 2311 natns

89 2335 223 2408 videtur,
245 2334 408 2394 deserendo
424 2337 511 2395 iaciat
527 2335 690 2394 infirmiora.

176 2416 259 2490 Quod
274 2419 340 2478 milri
363 2418 470 2497 (libera
486 2420 561 2478 enim
574 2418 624 2478 vel
642 2428 742 2478 contra
763 2428 899 2497 receptas
914 2421 1103 2498 persuasio·6

89 2518 144 2561 nes
159 2502 299 2562 rationem
316 2503 448 2581 sequenti
465 2504 606 2563 sententia
623 2505 682 2582 est)
700 2504 728 2562 in
743 2513 826 2582 parte
841 2521 940 2562 verum
956 2503 1078 2562 videtur.

89 2585 163 2645 Nam
184 2589 378 2664 proprietates
393 2589 573 2663 ingeniorum
590 2585 734 2664 dispicere
749 2603 869 2665 prorsus
886 2587 1079 2646 necessarium

91 2678 146 2729 est.
179 2667 211 2728 ln
226 2669 270 2728 his
286 2688 403 2749 qnoque
418 2680 526 2729 certum
543 2671 700 2730 studiorum
715 2671 815 2730 lacere
833 2670 977 2729 delectum
994 2678 1101 2734 nemo?

92 2754 273 2812 dissuaserit.
302 2753 433 2834 Namque
449 2757 503 2813 erit
520 2755 592 2813 alins
609 2753 749 2813 historiae
764 2756 855 2830 magis
872 2755 991 2814 idonens
1007 2753 1079 2812 alius

91 2837 269 2913 compositus
291 2838 327 2898 ad
350 2857 465 2898 cannen
480 2838 553 2897 alius
574 2838 651 2897 utilis
674 2838 768 2897 studio
790 2839 876 2911 iuris,
902 2846 932 2896 ut
954 2836 1081 2896 nonnulli

90 2939 140 2980 rus
153 2919 279 2979 fortasse
295 2922 432 2982 mittendi.
468 2924 518 2981 Sic
541 2921 688 2981 discernet
710 2921 784 2980 haec
799 2921 919 2979 dicendi*
933 2922 1079 2996 magister,

90 3003 237 3083 quomodo
259 3004 450 3082 palaestricus
473 3005 524 3065 ille
542 3022 691 3064 cursorem
713 3004 801 3063 faciet
817 3012 864 3062 aut
886 3004 1013 3081 pugilem
1034 3012 1081 3063 aut

89 3088 262 3148 luctatorem
278 3088 393 3149 aliudve
410 3090 477 3168 quid
494 3107 532 3148 ex
546 3089 600 3164 his,
618 3106 692 3166 quae
707 3096 772 3146 sunt
785 3105 931 3146 sacrorum
949 3088 1080 3146 certami-

88 3190 167 3231 num.
199 3170 308 3231 Verum
324 3174 369 3247 el,
393 3175 440 3252 qni
455 3173 520 3233 ioro
536 3172 741 3246 destinabitur,
760 3187 817 3229 non
832 3171 859 3229 in
873 3189 955 3233 unam
970 3176 1105 3249 partem8

89 3254 215 3332 aliquam
229 3255 283 3315 sed
301 3256 329 3314 in
346 3260 456 3331 omnia,
480 3273 555 3334 qnae
576 3264 642 3314 sunt
659 3255 720 3314 eins
741 3255 858 3332 operis,
882 3257 967 3314 etiam
985 3255 1080 3331 siqua

89 3337 255 3399 difficiliora
277 3338 400 3399 discenti
421 3339 612 3414 ridebuntur,
639 3338 843 3398 elaborandum
867 3347 921 3398 est.
957 3337 1028 3397 Nam
1052 3345 1081 3395 et

88 3422 205 3481 omnino
220 3439 399 3498 supervacua
415 3432 477 3483 erat
493 3424 639 3497 doctrina,
656 3423 680 3480 si
695 3431 794 3481 natura
809 3422 966 3481 sufficeret.
996 3420 1040 3478 An
1055 3421 1105 3480 si9

89 3506 155 3585 quis
172 3505 288 3581 ingenio
312 3517 463 3588 corruptus
486 3525 520 3568 ao
535 3506 683 3583 tumidus,
706 3515 737 3565 ut
752 3505 885 3585 plerique
908 3513 989 3581 sunt,
1010 3504 1079 3562 inci·
