2434 3925
168 218 229 280 tto
474 230 511 278 ιι.
527 228 607 276 unu.
624 228 844 290 consummo

167 402 280 464 quaque
295 383 402 463 optime
418 391 513 444 coeat.
552 382 705 444 Plurimum
727 383 815 462 igitur
831 384 1025 461 auctoritatis,
1046 393 1084 443 ut
1099 384 1178 463 dixi,

167 478 197 529 et
207 469 344 548 ponderis
356 467 462 527 habent
474 467 595 545 longae,
609 468 768 528 celeritatis
779 467 901 538 breves;
918 486 992 547 quae
1003 469 1027 527 si
1040 471 1177 530 miscen-

167 562 213 612 tur
234 551 402 630 quibusdam
424 551 537 628 longis,
568 548 700 627 currubt,
727 553 752 611 si
780 554 997 628 continuantur,
1024 552 1173 613 exultant

125 636 278 710 iabores,
296 652 369 713 quae
382 653 421 694 ex
433 634 570 695 brevibus
581 636 618 696 ad
629 636 732 712 longas
747 636 910 714 incongure
929 636 1076 711 leniores,
1093 654 1174 715 quac

166 739 184 781 a
204 721 299 796 longis
322 721 351 778 iu
368 718 474 778 breves
500 717 688 780 descendunt.
733 717 847 797 Optime
867 722 1036 799 incipiuni
1059 719 1171 797 longis,

166 813 248 864 reete
269 803 422 882 aliquando
438 820 454 862 a
471 801 625 877 brevibus,
641 812 672 863 ut
683 801 799 865 Novom
809 805 945 873 crimem
959 804 1052 864 lenius
1069 804 1171 865 adue
1205 816 1210 849 7

166 887 237 963 bus,
255 895 285 947 ut
299 885 512 948 Animadverti
523 888 663 955 indicere
679 887 732 947 sed
751 904 805 965 pro
821 886 954 948 Cluentio
969 896 1069 964 reete,
1092 887 1169 966 quod

123 980 159 1038 9³
169 972 275 1032 initium
287 973 349 1057 eius
360 972 505 1049 partitioni
517 970 611 1031 simile
624 979 683 1047 est,
697 989 770 1049 quae
783 970 1058 1049 eeleritategaudet.
1083 970 1168 1032 Glau-

167 1055 230 1116 sula
246 1072 362 1134 quoque
385 1072 402 1113 e
419 1055 514 1131 longis
530 1054 689 1132 firmissima
705 1065 764 1121 est:
788 1055 842 1116 sed
863 1055 979 1116 eludent
999 1055 1088 1115 etium
1103 1055 1169 1116 bre

166 1158 238 1213 ves,
257 1140 384 1217 quamuis
401 1138 540 1199 habeatur
559 1137 726 1198 indifferens
740 1139 848 1199 ultima.
891 1139 994 1218 Neque
1015 1140 1094 1199 euim
1111 1157 1169 1217 ego

167 1224 288 1302 ignoro,
306 1224 335 1281 in
350 1223 405 1282 line
421 1239 475 1300 pro
485 1222 573 1299 longa
588 1224 682 1301 accipi
695 1221 829 1298 brevem,
850 1224 916 1301 quin
929 1224 1043 1283 uidetur
1059 1222 1168 1302 aliquid

167 1308 296 1367 vacantis
319 1308 458 1384 temporis
477 1323 585 1381 exeo,
603 1306 680 1384 quod
698 1309 875 1385 insequitur,
897 1307 1056 1374 accedere:
1082 1324 1168 1368 aures

167 1400 262 1451 tamen
275 1390 429 1450 consulens
440 1408 537 1466 meas,
548 1390 680 1467 intelligo
690 1390 805 1456 multum
817 1390 946 1466 referre,
958 1408 1070 1451 verene
1082 1391 1167 1468 longe

169 1473 716 1621 ttttttltttltt‘tltt‘·
759 1474 1167 1620 littiltttlm

124 1643 258 1722 94fiteri.
301 1642 389 1720 Atqui
403 1577 513 1702 sipdibil
527 1642 635 1718 refert,
652 1577 800 1721 brs’pvilsunn
811 1642 899 1719 longa
911 1645 946 1702 sit
960 1641 1079 1720 ultima,
1097 1643 1168 1704 iden

168 1745 223 1806 pes
236 1728 305 1795 erit;
324 1745 423 1787 verum
434 1728 535 1786 nescio
546 1743 604 1804 quo
619 1726 704 1786 modo
719 1724 832 1786 sedebit
844 1727 916 1802 boo,
932 1725 1004 1787 illud
1017 1726 1167 1787 subsistet

170 1810 234 1884 Quo
255 1811 325 1870 moti
344 1810 456 1888 quidem
474 1810 580 1887 longae
597 1809 713 1871 ultimae
735 1813 788 1870 tria
807 1818 940 1888 tempora
955 1809 1119 1886 dederunt,
1143 1818 1168 1868 nt

169 1894 239 1956 illud
253 1903 382 1974 tempus,
400 1894 477 1973 quod
490 1893 587 1954 breuis
607 1912 645 1954 ex
662 1894 749 1973 longa
765 1895 886 1974 accipit,
902 1893 969 1953 buic
986 1910 1110 1972 quoque
1125 1911 1168 1954 ac·

142 1979 301 2045 scederet.
336 1979 400 2039 Nec
415 1979 507 2039 solum
521 1978 629 2055 refert,
645 1981 709 2059 quis
725 1979 853 2055 claudat,
870 1981 955 2038 etiem
969 1980 1033 2056 quis
1050 1988 1169 2039 antees-

125 2063 225 2130 95dat.
270 2062 439 2123 Retrorsnm
461 2071 666 2141 autumnoque
686 2064 752 2142 plus
767 2062 874 2139 tribus,
892 2064 969 2140 iique
985 2063 1010 2122 si
1031 2078 1095 2121 non
1117 2072 1168 2123 ter·

167 2165 219 2206 nas
240 2147 368 2223 syllabas
388 2146 549 2222 habebunt,
571 2147 722 2225 repetendi
743 2156 841 2223 erunt,
869 2147 922 2224 (sit
937 2155 1031 2206 tamen
1050 2148 1168 2225 poetica

169 2230 352 2309 observatio)
375 2249 470 2309 neque
491 2232 582 2290 minus
599 2231 726 2300 duobus;
759 2231 866 2308 alioqui
885 2247 940 2310 pes
963 2232 1018 2291 erit
1038 2246 1103 2291 non
1124 2250 1168 2291 nu-

167 2332 273 2374 merus.
317 2314 417 2376 Potest
433 2324 528 2375 tamen
542 2315 592 2376 uel
608 2333 680 2375 umus
696 2332 764 2375 esse
779 2315 950 2391 elisiernus,
973 2315 997 2374 si
1016 2332 1095 2373 unus
1118 2323 1169 2388 est,

83 2409 88 2419 ’
125 2399 216 2476 sequi
237 2407 350 2459 constat
371 2398 515 2458 eduobus
537 2399 663 2460 choreis.
709 2397 838 2477 Itemque
860 2415 972 2477 paeon,
994 2399 1043 2477 qui
1065 2407 1117 2458 est
1135 2416 1169 2458 ex

167 2482 275 2542 eboreo
293 2491 322 2542 et
343 2482 526 2561 pyrrhichio,
545 2501 630 2561 quem
645 2491 740 2562 aptum
754 2484 841 2543 initiis
855 2482 970 2562 putant)
990 2482 1040 2543 rel
1056 2487 1168 2557 contra,

169 2568 217 2645 qui
235 2575 280 2626 est
301 2584 318 2625 e
337 2566 427 2625 tribus
444 2566 580 2626 brevibus
596 2576 626 2627 et
640 2567 745 2643 longa,
770 2569 816 2628 oui
832 2567 989 2627 clausulam
1004 2568 1168 2644 assignant:

168 2650 323 2728 dequibus
340 2650 404 2710 fere
419 2651 530 2710 duobus
544 2654 704 2730 scriptores
722 2650 804 2710 buius
826 2654 895 2711 artis
911 2651 1076 2729 loquuntur.
1114 2650 1168 2711 niti

169 2751 284 2809 omues,
299 2743 328 2795 et
346 2752 518 2813 quocunque
530 2746 595 2794 sunt
608 2736 692 2810 loco,
709 2744 870 2813 temporum
884 2736 963 2812 quod
978 2734 1014 2794 nd
1026 2736 1167 2794 rationem

125 2818 309 2897 olpertinet,
335 2836 463 2897 paeones
489 2819 647 2897 appellant.
688 2817 741 2878 Est
767 2828 796 2877 et
819 2818 983 2894 dochmius,
1006 2819 1054 2896 qui
1082 2818 1115 2878 lit
1134 2835 1167 2877 en

136 2939 140 2948 ·
167 2902 290 2965 bacchio
312 2911 341 2963 et
356 2902 449 2963 iambo
466 2903 514 2963 vel
535 2902 630 2963 iambo
650 2911 680 2962 et
695 2904 820 2976 cretico,
843 2902 955 2962 stabilis
976 2903 1004 2962 in
1027 2901 1166 2961 clausulis

170 2995 199 3046 et
214 3005 344 3047 severus.
382 2985 535 3066 Spondeus
551 3004 683 3065 quoqne,
702 3004 760 3064 quo
774 2985 925 3065 plurimum
939 2996 985 3045 est
994 2985 1167 3045 Demosthe

167 3088 221 3130 nos
243 3088 332 3146 usus,
357 3071 470 3131 modum
487 3089 603 3149 semper
617 3089 672 3149 per
691 3088 724 3129 se
739 3070 835 3129 habet.
878 3068 991 3148 Optime
1009 3069 1166 3146 praecedet

79 3196 82 3203 -
169 3170 234 3213 eum
250 3156 391 3230 creticus,
413 3164 444 3214 ut
463 3156 491 3214 in
506 3154 578 3214 boc:
600 3153 649 3215 De
669 3171 730 3233 quc
746 3172 801 3233 epo
814 3153 890 3215 etttt
905 3154 1023 3228 dicem,
1039 3152 1103 3214 ttici
1118 3154 1166 3213 de

164 3238 302 3319 pellendi
318 3240 455 3299 oriminis
471 3257 577 3300 cuneo.
620 3237 694 3298 lllud
710 3246 771 3312 est,
796 3237 874 3315 quod
893 3255 980 3316 supra
999 3237 1077 3311 dixi,
1098 3235 1164 3296 mul·

167 3331 228 3381 tum
246 3320 374 3398 referre,
400 3340 496 3382 unone
516 3322 607 3382 verbo
633 3323 690 3382 sint
713 3322 770 3381 duo
791 3323 884 3400 pedes
905 3319 1110 3399 comprehensi
1133 3337 1165 3379 an

169 3413 292 3483 uterque
318 3404 402 3464 liber.
447 3406 497 3465 Sic
522 3407 595 3465 enim
622 3404 653 3464 fit
679 3404 756 3464 forte
778 3403 925 3466 Crintinis
942 3422 1062 3472 cousin
1078 3402 1165 3466 molle

169 3486 403 3569 Archipiratae,
422 3489 553 3560 mollius,
574 3489 599 3549 si
619 3488 780 3566 tribrachys
796 3488 971 3567 praecedat,
989 3487 1164 3567 facilitates,
