2434 3925
200 175 241 238 62
509 186 872 249 nunuounrnmmuu

199 351 266 403 aute
280 359 361 402 suum
378 342 501 421 quisque
515 342 692 421 praedonem
706 344 830 404 catenati
845 353 875 403 et
891 354 994 406 conata
1007 346 1146 407 retinere
1162 349 1207 407 iu·

197 427 303 487 tantem
318 433 401 485 suunt
409 435 501 486 mater
515 435 560 502 et,
583 426 675 486 sicubi
689 428 778 487 maius
793 427 902 487 lucrum
919 439 981 507 est,
1005 447 1109 508 pugna
1123 431 1207 492 inter

197 512 335 570 uictores.
380 508 461 570 Licet
483 512 556 570 euim
586 509 660 569 baec
686 512 796 586 omnia,
822 519 853 570 ut
880 511 954 587 dixi,
982 514 1204 592 complectatur

156 597 329 670 tacueram,
345 594 436 654 miuus
452 601 607 654 esttamen
622 603 712 654 totum
726 594 825 654 dicere
840 613 924 672 quam
939 598 1042 657 omnia.
1081 595 1198 657 Conse

202 696 321 757 quemm
340 687 450 752 autem,
471 687 502 737 ιιι
521 678 671 737 manifesta
694 679 766 753 siut,
788 680 813 737 si
834 679 940 740 luerint
959 680 1149 749 uerisimilia;
1168 690 1197 741 et

198 762 298 822 licebit
319 764 403 822 etiam
425 761 500 821 falso
523 761 664 838 attingere
681 761 818 839 quidquid
838 762 902 822 lieri
917 764 1004 824 solet.
1036 762 1193 843 Continget

198 847 303 907 eadem
317 846 432 906 claritas
447 846 531 906 etiam
547 862 585 905 ex
603 844 815 905 accidentibus:

548 962 591 973 -
606 926 683 991 Mitt
693 929 829 1009 sapidos
842 929 952 993 horror

268 1010 408 1075 Membro
422 1013 528 1091 poam,
542 1011 721 1092 ,eoumque
735 1015 795 1076 coit
812 1014 976 1093 fmmidioe
988 1018 1129 1095 rucuma.

277 1214 321 1227 -
338 1178 491 1259 Trepidce
509 1188 625 1244 matres
640 1199 785 1261 pressere
805 1180 851 1242 ad
865 1187 995 1261 pectora
1007 1192 1110 1245 name.

152 1275 186 1333 tl
196 1269 292 1347 Atque
307 1266 390 1326 buius
405 1280 547 1339 summae,
570 1265 676 1326 iudicio
692 1265 807 1343 quidem
823 1283 904 1342 meo,
927 1267 1039 1326 virtutis
1054 1268 1186 1329 iaeilliur

198 1361 243 1412 est
257 1354 314 1411 via.
353 1348 488 1409 Naturam
508 1351 681 1426 iutueamur,
705 1348 780 1409 hanc
800 1366 962 1426 sequamur.
1008 1348 1110 1411 Omnis
1131 1353 1185 1413 elo

198 1437 314 1513 quentia
330 1435 407 1493 circa
423 1450 512 1512 opera
529 1435 606 1494 vitae
623 1443 683 1509 est,
706 1432 742 1493 ad
757 1452 790 1494 se
805 1434 895 1494 refert
910 1434 1032 1513 quisque
1050 1453 1129 1514 quae
1145 1455 1186 1497 au·

196 1519 247 1593 dit,
265 1527 294 1577 et
309 1517 337 1577 id
348 1517 485 1577 facillime
501 1520 646 1597 accipiunt
663 1518 756 1593 animi,
773 1518 850 1595 quod
868 1527 1039 1595 agnoscunt.

154 1609 188 1665 tu
281 1601 435 1661 Praeclare
462 1618 534 1661 vero
560 1602 596 1662 ad
623 1601 799 1661 inferendam
823 1602 912 1662 rebus
940 1602 1034 1662 lucem
1054 1613 1188 1682 repertae

196 1693 263 1746 suut
282 1685 570 1754 similitudines;
597 1703 717 1764 quarum
732 1686 806 1746 aliae
822 1694 903 1761 suut,
922 1704 996 1763 quae
1011 1686 1188 1764 probationis

195 1772 289 1849 gratia
307 1770 381 1829 iuter
396 1778 562 1847 argumenta
580 1779 739 1849 ponuntur,
763 1771 838 1830 aliae
857 1769 893 1830 ad
913 1772 1130 1848 exprimendam
1146 1789 1186 1832 re

194 1872 256 1915 rum
272 1854 423 1931 imaginem
439 1856 632 1933 compositae,
654 1854 732 1932 quod
748 1863 793 1915 est
808 1853 891 1914 buius
908 1853 967 1913 loci
982 1858 1150 1933 proprium:

193 2022 218 2084 Ε
319 1972 362 1984 -
374 1937 455 2002 lude
468 1939 534 2019 topi
550 1958 606 2002 ceo
621 1937 774 2019 ltuptorer
790 1947 863 2001 atra
883 1940 916 2000 ic
936 1938 1059 2005 aalma.

220 2033 231 2083 t

292 2102 405 2168 —Aci
418 2107 545 2176 similia·
559 2125 642 2187 puae
657 2108 774 2169 arcum
788 2108 897 2184 moro,
913 2104 1029 2169 dream

290 2188 431 2254 Piscator
449 2193 590 2271 scopulos
605 2193 726 2254 bomilia
739 2193 972 2270 suetaequora
987 2192 1088 2254 ioca.

152 2273 259 2348 73οιιο
279 2275 307 2335 iu
322 2293 432 2351 genere
451 2275 480 2335 id
500 2284 545 2335 est
559 2277 717 2355 praecipue
736 2276 970 2351 custodiendum,
991 2293 1027 2334 ιιι
1043 2275 1090 2353 id,
1115 2276 1184 2357 quod

196 2357 386 2418 similitudinis
403 2360 496 2437 gratia
511 2361 679 2436 ascivimus,
702 2367 750 2425 ιιιι
766 2358 920 2419 obscurum
935 2361 972 2419 sit
987 2368 1036 2418 aut
1051 2362 1182 2437 ignotum.

195 2440 292 2502 Debet
307 2444 396 2518 euim,
424 2443 501 2521 quod
516 2441 703 2504 illustrandae
724 2442 843 2503 alterius
861 2444 903 2502 rei
917 2445 1010 2521 gratia
1025 2447 1180 2518 assumitur,

196 2527 289 2604 ipsum
311 2544 379 2585 esse
395 2527 501 2586 clarius
519 2543 566 2604 eo,
583 2529 661 2605 qood
676 2526 823 2587 illuminat.
851 2526 948 2601 Quare
963 2529 1058 2607 poetis
1074 2530 1180 2607 quiden

194 2611 390 2689 permittamus
409 2611 548 2671 eiusmodi
564 2611 712 2690 exempla:

279 2691 403 2770 Qualis,
418 2696 472 2756 abi
487 2696 645 2757 hibernam
663 2693 789 2775 Lyciam
803 2693 978 2773 Xanthique
990 2692 1109 2773 sicema

277 2776 400 2839 Deserit
417 2787 471 2839 aot
484 2777 594 2841 Delam
606 2789 777 2854 maternam
792 2780 910 2856 inciso,
933 2776 1047 2859 Apollo.

153 2861 260 2926 ttNou
279 2863 354 2922 idem
370 2871 514 2922 oratorem
529 2862 662 2939 decebit,
684 2872 714 2922 ut
736 2862 859 2922 occultis
877 2871 978 2941 aperta
1000 2863 1179 2924 demonstret

194 2946 254 3007 Sed
268 2946 339 3007 illud
358 2963 490 3024 quoque,
509 2946 545 3006 de
560 2965 619 3026 quo
636 2949 664 3006 iu
682 2949 855 3024 argumentis
872 2947 1009 3023 diximus,
1031 2947 1180 3007 similitudi·

193 3032 237 3089 uis
254 3049 346 3107 genus
361 3040 443 3090 ornat
458 3032 616 3090 orationem
638 3032 764 3109 facitque
782 3049 846 3091 eam
859 3030 1026 3107 sublimem,
1047 3031 1181 3103 floridam,

193 3114 353 3189 iucundam,
374 3113 542 3174 mirabilem.
580 3114 651 3174 Nam
668 3131 726 3192 quo
742 3133 874 3193 quaeque
894 3115 1010 3192 lougius
1024 3117 1117 3194 petita
1133 3122 1182 3187 est,

152 3196 251 3259 lisboa
268 3197 333 3275 plus
356 3198 440 3259 affert
461 3200 595 3258 novitatis
618 3207 704 3277 atque
724 3200 909 3278 inexpectata
931 3200 1022 3275 magis
1045 3208 1099 3258 est.
1136 3197 1183 3257 llla

193 3279 324 3357 vulgaria
350 3282 482 3341 videntur
510 3291 540 3342 et
564 3282 645 3342 utilia
671 3291 777 3342 tautum
799 3283 834 3343 ad
857 3282 1065 3343 conciliandam
1090 3282 1182 3342 tidem:
1209 3288 1210 3301 ¹

197 3362 235 3425 Ut
255 3373 370 3425 terram
392 3367 474 3427 cotto
492 3368 539 3427 ric
559 3367 693 3428 ocimum
713 3367 884 3445 disciplinis
899 3367 1054 3429 meliorem
1070 3366 1183 3427 obedo·
1208 3390 1209 3409 ι

194 3463 318 3526 remque
332 3447 411 3527 fieri,
428 3458 458 3508 et
471 3458 505 3510 ut
515 3451 627 3519 medici
636 3450 815 3513 abalienata
826 3450 941 3513 morbi-r
951 3450 1088 3514 membro
1096 3467 1183 3529 proc·
1208 3484 1209 3541 p
