2434 3925
349 189 744 284 rusu.onsuoa.'n113.x1,
757 215 782 266 1.
1003 205 1062 267 201
1167 188 1173 200 ’

55 370 134 431 lutis
156 375 233 427 stare
256 366 318 445 ipsa
339 384 396 426 non
411 369 512 445 possit.
542 367 703 428 Assecutus
718 372 813 447 itaque
828 379 889 447 est,
912 380 943 432 ut
958 373 1065 452 aliquid

56 468 305 529 eorumquoque
327 469 412 511 causa
433 452 578 511 videretur
600 453 715 528 iacere,
739 464 837 513 contra
855 473 927 532 quos
943 457 1063 518 diceret

55 536 141 599 Illud
159 537 243 596 etiam
259 537 288 595 in
305 536 376 595 iouis
390 536 501 609 monui,
523 551 606 612 quam
626 539 717 615 turpis
740 546 819 597 esset
839 540 970 599 fortunae
990 543 1106 608 inse-86

58 623 167 696 ctatio,
181 628 211 679 et
227 638 263 679 ne
274 621 303 677 iu
314 627 391 678 totos
403 619 518 679 ordines
534 629 581 679 aut
593 628 695 696 gentes
708 630 755 680 aut
770 623 894 700 populos
909 625 1064 701 petulantia

57 707 237 766 incurreret.
261 702 318 769 Sed
329 705 441 763 interim
455 703 526 763 fides
542 706 693 781 patrocinii
705 707 784 782 cogit
800 707 939 784 quaedam
953 707 989 767 de
1004 713 1063 768 uni·

57 805 155 849 verso
165 805 276 865 genere
287 787 447 864 aliquorum
457 787 599 846 hominum
616 789 725 863 dicere,
740 788 936 851 libertinorum
951 792 998 851 vel
1014 794 1063 852 mi·

8 909 9 921 κ
58 873 147 933 litum
157 871 205 931 vel
218 870 434 950 publicanorum
449 871 497 930 vel
509 872 640 931 similiter
654 873 782 932 aliorum.
812 873 843 932 lu
859 875 960 951 quibus
977 878 1064 935 omni·
1071 884 1105 940 87

58 955 120 1015 bus
133 972 282 1015 commune
295 955 450 1015 remedium
466 965 521 1031 est,
536 960 623 1030 ntea,
641 974 715 1035 quae
727 956 851 1033 laedunt,
869 976 925 1017 non
941 959 1065 1019 libenter

61 1047 193 1100 mantare
207 1039 344 1107 ridearis;
360 1057 415 1098 nec
429 1042 457 1098 in
468 1040 561 1098 omnia
572 1041 707 1117 impetum
718 1040 807 1100 iacias
823 1042 875 1101 sed
890 1042 970 1118 inid,
986 1042 1063 1120 quod

64 1122 286 1200 expugnandum
301 1131 359 1188 est:
387 1132 415 1183 et
427 1123 643 1201 reprehendens
657 1125 712 1184 alia
728 1122 811 1185 laude
827 1143 1013 1203 compenses.
1040 1129 1106 1190 sisa

64 1207 189 1286 cupidos
206 1207 311 1266 milites
328 1206 424 1281 dicas,
447 1208 499 1267 sed
520 1225 577 1266 non
591 1210 706 1282 mirum,
727 1209 804 1286 quod
821 1210 1013 1288 periculorum
1030 1228 1064 1270 uc

64 1291 214 1367 sanguinis
236 1292 341 1350 maiora
366 1291 420 1350 sibi
442 1291 542 1351 deberi
562 1294 688 1369 praemia
710 1301 823 1370 puteum
849 1294 968 1353 eosdem
983 1302 1063 1371 petu-

65 1374 173 1450 lantes,
189 1374 241 1434 sed
253 1375 309 1433 hoc
320 1374 393 1448 lieri,
410 1375 486 1452 quod
501 1375 586 1434 bellis
598 1379 690 1453 magis
702 1394 785 1454 quam
798 1378 863 1454 paci
875 1380 1063 1437 assueverint.

65 1458 219 1519 libertinis
233 1457 408 1519 detrahenda
420 1469 464 1518 est
479 1462 649 1528 auotoritas;
665 1460 733 1519 licet
748 1462 782 1519 iis
799 1462 987 1521 testimouium
1000 1461 1064 1521 red·

66 1542 139 1602 dere
164 1542 334 1618 industriae,
356 1560 409 1620 per
431 1561 514 1620 quam
532 1545 655 1604 exierint
674 1544 710 1603 de
733 1547 880 1605 servitute}
924 1545 1007 1618 Quod
1029 1546 1062 1605 ad
1071 1555 1106 1610 89

67 1628 200 1685 nationes
215 1635 331 1685 exteras
345 1628 486 1704 pertinet,
505 1625 610 1686 Cicero
628 1630 724 1688 varie:
748 1629 927 1689 detracturus
946 1629 1064 1690 Graecis

67 1709 190 1771 testibus
213 1709 297 1768 fidem
319 1709 475 1770 doctrinam
493 1713 529 1770 iis
547 1712 680 1772 concedit
699 1731 732 1772 ao
749 1713 872 1788 litteras,
895 1730 986 1790 seque
1003 1717 1065 1774 eius

68 1795 164 1871 gentis
179 1802 334 1852 amatorem
350 1812 416 1853 esse
434 1795 599 1873 profitetur,
619 1796 726 1855 Sardos
744 1799 908 1871 contemnit,
926 1796 1064 1857 Allobro·

68 1895 123 1955 gas
145 1885 176 1936 ut
196 1876 297 1936 bostes
312 1880 482 1945 insectatum
504 1897 623 1955 quorum
643 1879 710 1938 nihil
724 1888 808 1956 tuno,
833 1898 895 1939 cum
910 1880 1064 1955 diceretur,

69 1980 170 2041 parum
184 1971 279 2039 aptum
294 1972 342 2022 aut
356 1972 495 2022 remotum
510 1982 577 2023 cura
594 1965 708 2023 decoris
724 1964 784 2022 luit.
806 1963 968 2024 Verborum
980 1967 1108 2029 etiamid
1210 1991 1211 1994 ¹

71 2046 267 2106 moderatione
283 2046 392 2105 detrahi
408 2047 500 2121 solet,
524 2049 618 2125 siqua
634 2056 677 2106 est
693 2049 736 2106 rei
751 2049 870 2109 invidia:
891 2049 916 2107 si
933 2066 1066 2126 asperum
1104 2062 1107 2069 ·

71 2131 150 2193 dicas
171 2130 293 2190 niodum
309 2148 463 2205 seuerum,
485 2132 615 2190 iniustum
630 2134 828 2208 persuasione
840 2127 923 2208 taut,
939 2135 1065 2209 pertina-

73 2231 134 2273 cem
150 2215 230 2274 ultru
244 2214 364 2274 modum
378 2223 514 2275 tenacem
531 2233 597 2275 esse
611 2218 758 2293 propositi
763 2239 777 2284 ,·
803 2217 972 2294 plerumque
987 2215 1067 2275 velut

72 2299 151 2375 ipsos
169 2298 282 2355 coneris
297 2299 408 2360 ratione
424 2300 553 2375 uincere,
569 2301 646 2377 quod
662 2309 706 2359 est
720 2300 925 2359 mollissimum.

154 2379 323 2444 indecorum
339 2394 384 2443 est
400 2383 575 2463 superhaec
591 2401 674 2443 omne
694 2386 821 2459 nimium,
843 2385 967 2460 ideoque
983 2385 1105 2442 etiamlll

72 2467 147 2549 quod
159 2478 257 2529 natura
272 2470 315 2527 rei
328 2470 397 2527 satis
409 2477 504 2545 aptum
519 2477 574 2542 est,
589 2470 644 2527 nisi
656 2468 741 2527 modo
753 2484 868 2545 quoque
880 2475 1065 2545 temperatur,

74 2555 190 2630 gratiam
211 2551 312 2630 perdit.
350 2549 438 2611 Cuius
463 2552 506 2610 rei
521 2551 687 2611 observatio
709 2552 815 2611 iudicio
836 2553 927 2628 magis
943 2552 1066 2629 quodam

75 2638 170 2695 sentiri
194 2653 278 2714 quam
301 2636 466 2713 praeceptis
489 2635 563 2695 tradi
587 2643 700 2713 potest:
729 2645 862 2713 quantum
886 2635 956 2694 satis
978 2637 1014 2692 sit
1038 2639 1067 2691 et

76 2729 206 2798 quantum
227 2721 367 2798 recipiant
388 2738 483 2780 aures.
516 2718 581 2778 Non
602 2719 690 2779 habet
710 2719 783 2779 baec
798 2737 845 2778 res
862 2735 1022 2777 mensuram
1037 2724 1067 2773 et

76 2805 155 2881 quasi
171 2804 293 2881 pondus,
309 2806 376 2881 quia
390 2813 421 2863 ut
435 2806 464 2863 in
480 2803 551 2863 cibis
566 2804 623 2864 alia
640 2803 703 2864 aliis
721 2806 810 2879 magis
826 2801 981 2879 complent.

155 2886 352 2948 ridiioiendum
374 2891 458 2947 etiam
480 2887 608 2947 breviter
628 2887 758 2961 videtur,
780 2884 856 2962 quod
876 2884 939 2943 iere
955 2882 1067 2942 dicendi
1075 2890 1109 2945 92

76 2971 193 3030 uirtutes
208 2971 420 3032 diversissimae
440 2989 498 3031 non
514 2972 606 3031 solum
629 2988 698 3029 suos
714 2978 857 3029 amatores
876 2966 1001 3026 habeant
1015 2966 1069 3026 sed

78 3053 114 3115 ab
127 3055 236 3115 eisdem
256 3075 346 3136 saepe
363 3056 523 3116 laudentur.
556 3054 629 3114 Nam
647 3051 751 3113 Cicero
772 3051 894 3130 quodam
910 3050 977 3109 loco
998 3053 1068 3110 scri·

78 3138 127 3213 bit,
141 3140 175 3198 td
189 3158 256 3200 ease
270 3143 421 3218 optimum,
436 3141 532 3218 pund,
548 3158 617 3200 cam
631 3145 660 3198 te
672 3137 765 3214 focile
779 3135 1068 3196 crediderteeorae

78 3224 320 3302 colluctatione,
334 3231 394 3286 non
408 3225 516 3302 possis.
546 3222 614 3281 Alio
628 3237 715 3295 vero,
730 3233 790 3280 non
806 3220 841 3279 id
854 3220 966 3296 epicos,
980 3228 1013 3280 at
1026 3221 1070 3280 ita

79 3309 202 3383 diceret,
220 3310 367 3386 quomodo
382 3328 416 3369 se
430 3309 553 3386 quilibet
565 3325 655 3383 posse
669 3303 835 3381 confideret
848 3306 907 3365 sed
923 3304 1070 3381 quomodo

79 3408 169 3452 acuo.
210 3389 293 3463 Quod
313 3398 411 3467 potest
430 3408 558 3470 pugnare
574 3391 649 3447 inter
664 3406 695 3446 se
711 3387 811 3445 videri.
842 3387 950 3446 Verum
965 3391 1111 3468 utrum393

82 3491 187 3553 queue
208 3474 649 3552 merito-laudatur,.causarum
669 3472 743 3532 enim
764 3472 850 3532 modo
872 3472 966 3532 distat.
997 3468 1069 3543 Quia
