2434 3925
334 192 747 273 msr.onnron.n1a.1,3.
923 213 933 224 ⁸
1000 197 1038 257 17

126 359 207 421 llaec
222 377 286 420 cum
300 360 546 437 animadverterit,
567 362 725 440 perspiciat
740 361 895 439 deinceps,
915 374 1063 440 quonomo

33 444 128 505 modo
143 443 309 504 tractandus
325 446 361 503 sit
372 444 509 506 discentis
523 446 642 504 animus.
666 446 738 504 Sunt
750 446 872 525 quidam,
889 447 941 504 nisi
957 448 1035 506 insti-

33 530 124 603 teris,
140 528 270 601 remissi,
286 527 398 606 quidam
414 529 533 606 imperia
547 528 739 605 indignantur,
756 529 894 606 quosdam
909 532 1037 589 continet

31 620 135 671 metus
154 610 295 689 qnondam
313 610 460 686 debilitat,
479 612 552 670 alios
570 613 746 672 continuatio
762 612 906 687 extundit,
928 614 957 671 in
971 613 1036 673 aliis

33 695 107 773 plns
123 696 248 771 impetus
268 693 346 753 lacit.
377 693 446 754 llibi
460 695 512 755 ille
527 695 612 754 detur
626 713 716 773 puer,
736 713 821 772 quern
838 697 900 755 lans
916 699 1062 773 excitem

35 796 128 856 quem
142 778 237 853 gloria
252 778 346 852 iuvet,
365 780 413 855 qui
429 780 524 838 victus
539 778 616 838 deat.
645 778 698 838 Hic
715 782 769 839 erit
782 778 902 839 alendus
918 780 1035 856 ambitu,

33 861 117 921 bunc
131 859 274 920 mordebit
292 860 472 938 obiurgatio,
493 861 568 922 bunc
587 861 681 922 bonor
699 861 852 938 excitabit,
871 864 900 921 in
913 862 970 923 hoc
986 863 1034 924 de·

33 946 143 1005 sidiam
159 961 301 1021 nunquam
315 944 451 1005 verebor.

126 1027 228 1087 Danda
247 1036 293 1086 est
313 1037 409 1087 tamen
430 1028 559 1090 omnibus
580 1029 676 1107 aliqua
696 1031 844 1097 remissio;
864 1047 922 1089 non
942 1031 1060 1095 solum&

35 1114 109 1190 quia
124 1111 203 1171 nulla
222 1129 270 1170 res
287 1121 347 1188 est,
370 1130 444 1191 quae
459 1113 590 1192 perferre
604 1114 699 1191 possit
712 1115 874 1174 continuum
894 1113 1034 1189 laborem,

36 1204 130 1272 atque
153 1212 189 1255 ea
209 1212 340 1272 quoque,
363 1214 437 1275 quae
458 1214 545 1257 sensu
566 1205 596 1255 et
618 1198 710 1256 anima
732 1206 846 1272 carent,
865 1206 896 1257 ut
916 1215 1035 1257 servare

34 1282 99 1338 vim
123 1297 204 1338 suam
228 1281 359 1357 possint,
389 1281 469 1340 velut
494 1282 590 1359 quiete
618 1280 728 1339 alterna
753 1280 955 1349 retenduntur;
983 1282 1034 1341 sed

37 1363 121 1443 qnod
136 1361 402 1434 studiumdiscendi
415 1364 578 1439 voluntate,
595 1382 669 1442 quae
685 1365 752 1440 cogi
766 1381 823 1423 non
837 1373 950 1442 potest,
967 1382 1033 1424 con-

38 1455 111 1506 stat.
144 1445 244 1525 ltaque
265 1454 295 1505 et
315 1448 418 1507 virium
438 1448 503 1527 plus
524 1447 646 1507 allerunt
666 1447 701 1508 ad
721 1448 886 1509 discendum
904 1451 1058 1512 renovatio

38 1547 76 1589 ac
92 1538 229 1588 recentes
245 1539 274 1588 et
293 1532 434 1591 acriorem
449 1534 583 1605 animum,
604 1532 652 1609 qui
673 1532 737 1591 lere
752 1532 973 1592 necessitatibus
988 1551 1033 1592 re·

37 1622 162 1691 pugnat.
188 1611 250 1672 Nec
261 1631 306 1672 me
322 1614 473 1675 offenderit
488 1615 567 1674 lusus
581 1615 610 1673 in
621 1617 735 1693 pueris;
751 1624 840 1675 estet
851 1616 908 1676 boc
923 1618 1033 1692 signnm
1043 1627 1078 1678 lo

40 1697 217 1764 alacritatis;
234 1715 329 1775 neque
344 1698 422 1757 illum
436 1700 546 1760 tristem
561 1716 734 1777 semperque
749 1699 901 1758 demissum
915 1718 1034 1777 sperare

34 1782 155 1859 ¹possim
169 1790 286 1840 erectae
304 1782 381 1841 circa
395 1782 488 1842 studia
503 1781 702 1856 montisfore,
722 1785 828 1842 cumin
848 1783 904 1841 boc
919 1800 1035 1860 quoque

38 1866 166 1923 maxime
181 1865 302 1924 naturali
323 1865 463 1925 aetatibus
482 1866 539 1927 illis
559 1867 666 1943 impetu
683 1868 785 1925 iaceat.
819 1865 921 1925 Modus
942 1875 1076 1927 tamenn

40 1951 80 2009 sit
105 1948 338 2024 remissionibus,
361 1969 397 2009 ne
418 1943 466 2010 aut
487 1949 581 2010 odium
601 1948 759 2009 studiorum
784 1949 890 2009 faciant
910 1958 1034 2026 negatae

39 2041 90 2092 aut
106 2033 157 2092 otii
172 2034 408 2093 consuetudinem
421 2035 534 2094 nimiae.
564 2034 635 2093 Sunt
656 2035 741 2093 etiarn
755 2033 883 2093 nonnulli
898 2034 1033 2094 acuendis

40 2133 198 2194 puerorum
219 2117 341 2193 ingeniis
364 2135 422 2177 non
441 2118 557 2178 inutiles
578 2117 676 2192 lusus,
703 2135 766 2176 curu
789 2119 891 2196 positis
912 2119 1034 2176 invicem

41 2201 240 2276 cuiuscunque
255 2203 372 2277 generis
388 2201 612 2279 quaestiunculis
628 2201 812 2261 aemulantur.
849 2200 946 2261 Mores
963 2217 1032 2277 quo·

42 2301 101 2362 que
123 2301 157 2342 se
177 2285 251 2342 inter
271 2284 423 2345 ludendum
444 2285 600 2364 simplicius
619 2285 773 2362 detegunt3
795 2285 880 2344 modo
901 2284 1076 2344 cultant-12

42 2367 146 2427 deatur
166 2376 246 2426 aetas
267 2376 323 2427 tam
345 2369 467 2444 infirma,
492 2387 565 2448 quae
587 2386 644 2427 non
666 2370 811 2447 protinus,
836 2369 902 2446 quid
923 2377 1033 2427 rectum

43 2468 220 2529 pravumque
234 2452 281 2526 sit,
298 2452 403 2520 discat;
423 2461 480 2512 turn
494 2452 543 2511 vel
556 2454 677 2512 maxime
692 2452 853 2526 formanda,
870 2470 932 2511 cum
948 2453 1033 2510 situu-

43 2534 120 2595 landi
140 2536 239 2594 nescia
259 2544 304 2595 est
325 2545 354 2595 et
375 2536 619 2614 praecipientibus
639 2535 774 2595 facillime
791 2536 876 2595 cedit.
906 2534 1033 2610 Frangas

45 2621 119 2678 enim
144 2620 227 2678 citius
253 2637 336 2696 quam
360 2622 508 2697 corriges,
539 2637 615 2697 quae
640 2621 669 2678 iu
694 2637 812 2696 pravum
838 2618 1032 2677 induruerunt.

44 2694 177 2761 Protinus
198 2719 286 2777 ergo,
308 2721 345 2762 ne
365 2703 433 2781 quid
453 2703 576 2782 cupide,
600 2704 723 2780 nequid
742 2702 888 2779 improbe,
911 2720 947 2761 ne
968 2699 1034 2777 quid
1042 2706 1075 2759 13

45 2787 218 2864 impotenter
231 2786 328 2862 faciat,
341 2786 498 2847 monendus
513 2795 559 2846 est
572 2805 659 2864 puer;
675 2785 891 2862 habendumque
902 2787 930 2844 in
943 2787 1033 2844 animo

45 2887 160 2947 semper
172 2868 242 2928 illud
255 2866 457 2947 virgilianum:
477 2867 565 2940 Adeo
577 2872 611 2930 itt
624 2872 736 2932 tenetis
750 2887 949 2931 consuescere
962 2868 1035 2928 mul·

45 2960 106 3013 tom
124 2960 179 3014 cot.

130 3034 220 3096 Caedi
244 3053 316 3096 vero
340 3037 515 3115 discipulos,
545 3036 700 3115 quamlibet
724 3045 753 3096 et
777 3045 925 3115 receptum
948 3037 984 3094 sit
1005 3044 1035 3094 et

46 3116 224 3198 Chrysippus
239 3137 296 3179 non
311 3120 469 3198 improbet,
488 3123 600 3180 minime
616 3120 713 3180 velim.
749 3121 886 3194 Primum,
906 3119 971 3196 quia
986 3119 1035 3181 de-

45 3203 137 3262 forme
159 3212 245 3280 atque
267 3204 375 3263 servile
394 3214 440 3264 est
454 3213 483 3264 et
504 3214 599 3280 certe,
623 3203 700 3282 quod
720 3205 853 3263 convenit
873 3205 897 3260 si
913 3211 1076 3265 aetatemld

44 3294 154 3362 mutes,
170 3288 284 3355 iniuria;
303 3287 423 3364 deinde,
440 3289 532 3365 quod,
548 3290 573 3347 si
589 3290 635 3347 cui
650 3295 706 3345 tarn
721 3295 766 3346 est
780 3305 859 3346 mens
874 3285 1034 3359 illiberalis,

46 3378 76 3428 ut
89 3369 289 3446 obiurgatione
303 3388 361 3430 non
372 3373 544 3447 corrigatur,
559 3373 584 3430 is
600 3371 734 3430 etiamad
749 3370 851 3448 plagas
866 3378 896 3428 nt
911 3371 1035 3447 pessima

47 3470 178 3531 quaeque
199 3456 339 3535 mancipia
360 3453 519 3524 durabitum
540 3463 705 3535 postremo,
731 3454 808 3533 quod
828 3471 865 3513 ne
887 3469 959 3531 opus
982 3449 1036 3509 erit

87 3557 154 3596 mr.
167 3557 279 3605 prrruruu
348 3604 351 3607 ,
