2434 3925
82 40 89 59 h

183 193 244 255 242
385 194 397 214 ⁴
498 205 625 279 napus.
638 204 856 266 oumumntru

183 381 239 440 que
258 361 286 421 ei
301 359 429 440 protinus
445 359 659 438 probationem,
676 359 762 438 quale
777 377 830 438 pro
846 359 973 437 Ligario,
992 357 1097 422 Causa
1110 369 1179 424 tum

182 446 295 521 dubio,
316 445 397 522 quod
412 451 480 505 erat
492 445 612 522 aliquid
631 447 663 504 io
676 453 807 522 atraque
818 454 926 522 parte,
948 446 1030 522 quod
1041 446 1179 523 probari

180 538 300 608 possem
313 544 395 588 acac
407 530 512 588 melior
523 545 562 588 ec
571 528 743 588 iudicanda
753 536 809 603 eat,
824 544 916 604 quam
927 532 1018 589 etiam
1028 530 1073 589 cta·
1083 531 1177 589 adiu·

181 622 303 681 veram,-
322 611 410 671 habet
432 613 505 670 enim
527 613 666 670 rationem
693 619 722 669 ει
744 613 988 689 propositionem,
1010 611 1177 671 nonhabet

154 696 405 759 hconclusionem.
454 693 497 753 lta
523 703 569 753 est
593 694 645 753 ille
671 694 857 771 imperfectus
882 695 1081 771 syllogismus.
1126 695 1176 754 Ex

119 814 124 825 ·
182 778 433 858 pugnantibus
449 794 537 851 vero,
554 777 733 856 quodetiam
750 778 844 836 solum
859 778 1039 852 enthymema
1057 779 1175 856 quidam

180 872 301 938 vocant,
326 863 429 921 fortior
442 861 531 920 multo
552 860 685 939 probatio
705 869 758 920 est.
796 860 868 920 Tale
886 870 932 920 εει
951 859 1102 921 Ciceronis
1117 879 1173 940 pro

180 945 303 1006 Milone:
326 943 404 1006 Eion
422 946 634 1023 lpitur‘mortis
648 946 761 1005 cedetis
776 946 904 1019 ultores,
928 947 1016 1006 ccicc
1033 947 1129 1007 citam
1146 947 1173 1005 ai

154 1039 171 1093 3
180 1033 292 1108 putetis
303 1049 362 1108 per
375 1047 429 1090 coc
442 1030 560 1089 restitui
575 1046 681 1105 pocae,
702 1028 812 1089 ποιὶιίε.
852 1028 936 1102 Quod
956 1029 1071 1106 quidem
1087 1030 1173 1088 etiam

181 1113 332 1191 ahqnando
347 1111 530 1189 multiplicari
545 1111 638 1186 solet,
661 1121 692 1170 ut
713 1120 758 1171 cst
781 1111 816 1171 ab
836 1112 939 1172 eodem
954 1122 983 1171 et
998 1129 1051 1190 pro
1068 1113 1173 1172 eodem

181 1214 233 1256 reo
251 1197 372 1257 iactum:
402 1193 496 1268 Quom
509 1196 603 1273 igilur
619 1214 687 1255 cum
701 1198 831 1256 omnium
845 1199 951 1275 pratia
966 1197 1077 1272 coluit,
1093 1197 1174 1257 banc

180 1281 272 1341 voluit
293 1299 360 1341 cum
382 1281 554 1356 aliquorum
581 1279 729 1356 querela?
756 1296 844 1358 quem
868 1281 956 1354 tora,
981 1296 1069 1357 quem
1096 1282 1173 1355 loco,

182 1381 269 1441 quem
283 1372 430 1442 tempore,
452 1378 540 1440 qoem
555 1363 677 1440 impona
690 1382 751 1424 noa
765 1371 811 1423 act
825 1381 936 1436 actua,
951 1364 1173 1438 cunctatoris,

180 1448 283 1524 iniquo
299 1447 380 1522 loco,
400 1447 502 1507 alieno
513 1453 663 1523 tempore,
684 1466 752 1507 cum
763 1448 902 1525 periculo
915 1449 1026 1524 capitis
1039 1466 1100 1507 aon
1115 1450 1173 1506 dc-

154 1531 287 1596 lbitaoa't
300 1530 463 1591 occidere?
491 1527 634 1607 Optimum
648 1538 743 1589 autem
757 1530 870 1607 videtur
886 1529 1107 1604 enthymematis
1122 1548 1172 1607 ge·

181 1632 244 1688 nus,
263 1632 326 1672 cnm
340 1615 368 1672 in
383 1613 583 1691 propositione
598 1613 728 1672 dissimili
743 1614 791 1673 vel
807 1615 950 1674 contraria
965 1615 1038 1673 ratio
1056 1613 1171 1673 subiun-

179 1699 265 1775 gitur,
282 1696 366 1776 quale
388 1706 433 1756 εει
448 1696 668 1756 Demosthenis:
687 1694 756 1758 Noa
779 1700 875 1773 enim,
895 1699 924 1758 ai
946 1699 1019 1775 quid
1038 1715 1172 1775 coquam

180 1791 287 1843 contro
305 1783 387 1860 lepos
407 1789 510 1842 actum
533 1787 592 1856 eat,
611 1782 705 1857 idque
724 1787 756 1841 ta
777 1801 811 1842 es
830 1783 979 1856 imitatus,
1001 1780 1125 1842 idcirco
1145 1790 1171 1840 tc

180 1866 317 1926 conuenit
335 1884 435 1943 poeno
455 1865 602 1934 liberam
622 1865 695 1941 quio
715 1883 732 1924 c
751 1867 904 1926 contrario
918 1864 1063 1925 alannum⁸
1083 1866 1171 1925 maha

179 1950 285 2029 mapia.
323 1947 403 2011 Nam
417 1957 466 2026 ut,
487 1949 516 2009 si
530 1949 599 2026 quia
621 1967 726 2009 eornm
747 1948 911 2011 damnatos
927 1956 1024 2023 esaei,
1048 1956 1082 2011 tc
1096 1950 1171 2010 baec
1209 1990 1210 1994 ,

179 2035 439 2112 nooacmpaiasea:
450 2035 504 2108 ita,
516 2035 681 2093 damnatus
691 2040 724 2092 to
732 2034 761 2092 si
770 2029 877 2107 meria,
889 2052 948 2094 noc
958 2034 1073 2095 scribet
1083 2034 1170 2094 alica.

151 2130 167 2183 5
262 2115 566 2195 Epichirematos
589 2124 618 2174 et
634 2125 768 2194 quattuor
785 2125 814 2175 et
829 2119 954 2195 quinque
970 2125 1000 2176 ει
1017 2135 1073 2175 sex
1089 2118 1171 2175 etiam

179 2200 274 2259 iactae
292 2209 356 2259 suut
370 2209 467 2277 partes
484 2217 500 2259 a
516 2199 694 2278 quibusdam.
722 2197 826 2259 Cicero
843 2202 965 2259 maxime
982 2202 1110 2279 quinque
1124 2201 1171 2260 de·

179 2283 285 2359 iendit,
313 2292 345 2342 ut
358 2284 395 2343 sit
411 2285 573 2361 propositio
599 2283 703 2343 deinde
722 2285 795 2342 ratio
819 2285 880 2342 eius
896 2292 954 2342 tum
969 2285 1129 2361 assumptio
1146 2291 1173 2342 et

180 2368 242 2425 eius
257 2365 401 2445 probatio,
418 2368 515 2446 quinta
530 2366 710 2445 complexim
727 2369 794 2445 quia
808 2384 880 2427 vero
896 2368 1008 2426 interint
1023 2376 1053 2426 et
1063 2384 1171 2445 propo·

179 2450 245 2508 sitio
262 2466 320 2508 non
329 2460 416 2527 egeat
426 2451 544 2509 rationis
557 2459 586 2509 et
597 2451 754 2528 assumptio
767 2452 957 2529 probationis,
972 2467 1171 2529 nonnunquam

180 2534 264 2592 etiarn
280 2533 483 2612 complexione
497 2551 571 2612 opus
585 2550 643 2592 non
658 2535 709 2593 sit:
732 2543 760 2593 et
773 2535 1009 2612 quadripertitam
1021 2544 1054 2593 et
1067 2536 1171 2611 triper-

151 2618 257 2682 6titam
273 2627 302 2677 ει
316 2617 479 2694 bipertitam
495 2635 612 2697 quoque
635 2618 696 2676 lieri
712 2634 801 2695 posse
817 2619 1074 2680 ratiocinationem.
1105 2617 1172 2677 biibi

178 2710 209 2760 et
228 2700 358 2780 pluribus
378 2701 559 2769 nihilominus
582 2700 748 2760 auctoribus
769 2711 848 2762 tres
870 2721 1008 2761 summum
1028 2701 1171 2760 videntur.

177 2784 249 2845 Nanr
269 2786 308 2845 ita
330 2803 363 2845 se
385 2784 473 2843 habet
492 2787 547 2844 ista
576 2793 692 2858 natura,
714 2793 746 2843 ut
769 2787 821 2861 sit,
843 2786 953 2864 dequo
972 2793 1173 2865 quaeratur‘et

177 2887 232 2947 per
247 2870 324 2948 quod
338 2867 491 2947 probatum
517 2870 630 2928 tertium
651 2868 736 2928 adiici
758 2878 857 2946 potest
879 2869 959 2944 velut
975 2888 1013 2929 ex
1028 2885 1171 2929 consensu

178 2951 297 3012 duorum
315 2953 552 3013 antecedentium.
588 2951 632 3011 lta
654 2953 709 3010 erit
728 2954 818 3030 prima
838 2955 1022 3028 intentio,
1044 2953 1171 3012 secunda

178 3038 394 3115 assumptio,
416 3039 501 3096 tertia
524 3036 719 3095 connexio.
765 3035 838 3095 Nam
860 3037 1039 3096 confirmatio
1062 3038 1171 3115 primae

178 3135 213 3177 ac
228 3120 372 3180 secundae
388 3122 476 3199 partis
493 3121 643 3179 exornatio
664 3127 694 3177 et
710 3120 818 3179 eisdem
833 3120 941 3181 cedere
955 3128 1095 3198 possunt,
1111 3121 1171 3198 qni·

148 3202 233 3266 ibus
249 3202 443 3262 subiiciuntnr.
480 3204 628 3263 sumamus
652 3204 725 3261 enim
747 3222 784 3263 ex
800 3202 943 3264 Cicerone
965 3205 1092 3282 quinque
1107 3221 1171 3281 par·

77 3345 85 3356 ,
176 3287 246 3347 tium
263 3287 439 3365 exemplum:
461 3281 570 3349 Melius
590 3287 802 3366 paternarum
815 3308 869 3364 ea,
886 3305 966 3366 quae
980 3289 1106 3350 emutio
1122 3303 1171 3348 ree

174 3377 291 3450 guntur
317 3386 407 3448 pacm
431 3387 510 3448 quoe
539 3372 605 3431 cae
631 3372 754 3432 concilio
782 3374 1046 3435 administrantur.
1093 3370 1172 3431 llanc

177 3456 296 3515 nri*nam
312 3462 423 3534 partem
438 3463 599 3524 numerant;
622 3472 686 3514 eam
707 3455 846 3535 deinceps
864 3456 1023 3519 rationibus
1038 3456 1127 3516 variis
1144 3462 1172 3514 ει
