2434 3925
339 204 772 273 rusmoauronmnum.
990 194 1049 259 too

43 371 114 439 est,
137 370 169 421 ot
192 361 293 421 nescio
316 360 383 438 quid
404 360 494 439 illud,
512 361 590 441 quod
607 361 767 422 adversarii
787 360 911 441 obliquis
932 371 1048 422 senten·

42 449 96 508 tiis
115 445 279 522 significare
296 444 455 520 voluerint,
479 447 505 504 si
519 445 623 505 fiducia
643 448 696 521 sit,
716 445 851 505 obiiciant
865 445 975 523 palam;
1001 454 1049 506 aut

22 567 26 574 -
43 539 131 591 certe
150 546 207 588 non
227 531 359 605 exigant,
375 537 421 603 ut,
438 530 515 607 quod
530 530 586 607 ipsi
601 547 660 588 non
675 528 782 588 audent
795 529 911 605 dicere,
934 529 962 589 id
977 531 1048 590 iudi·

44 633 100 675 ces
114 630 171 673 non
185 612 271 672 modo
283 612 445 689 intelligant
459 614 512 673 sed
527 616 612 672 etiam
630 612 758 673 credant.
794 611 879 672 Utilis
895 614 981 672 ctiam
997 615 1046 674 ali·
1056 619 1090 673 95

42 697 163 777 quando
179 696 366 756 dissimulatio
379 706 441 770 est,
455 707 486 757 ut
497 699 526 756 in
541 714 594 773 eo,
612 697 695 775 (nota
711 699 785 756 enim
800 695 897 756 iabula
912 699 972 777 est)
989 699 1047 775 qui,

43 800 113 840 oum
129 790 209 840 esset
226 790 326 843 contra
341 798 406 840 eum
420 780 540 856 dictum,
555 780 635 842 lara
647 783 840 860 perpatrasti
854 782 898 841 tui
912 782 1047 842 cineres:

42 873 178 945 paratum
190 882 223 923 se
234 882 303 924 esse
315 864 479 942 respoudit,
497 874 527 924 et
542 865 630 924 index
642 864 812 925 condicione
827 882 896 923 usus
911 873 972 939 est,
989 865 1047 924 ola-

41 957 143 1009 mante
161 948 278 1008 multum
292 947 452 1025 advocato,
475 948 623 1009 schemata
638 949 675 1008 de
690 966 786 1008 rerum
802 957 902 1008 natura
919 948 997 1014 tolli;
1017 957 1048 1008 ut

42 1034 178 1112 protinus
199 1034 285 1091 etiam
304 1041 492 1112 praeceptum
506 1035 560 1107 sit,
585 1033 725 1093 eiusmodi
738 1033 838 1109 liguris
855 1034 989 1091 utendum
1004 1041 1046 1092 te-

42 1133 128 1177 mere
147 1132 204 1175 non
221 1133 298 1175 esse.

133 1198 259 1259 Tertium
273 1208 318 1259 est
331 1218 441 1277 genus,
463 1200 492 1259 in
507 1217 564 1277 quo
580 1201 645 1260 sola
666 1200 803 1260 melius
826 1199 978 1259 dicendi
997 1209 1088 1278 [ιε-96

42 1285 116 1345 ιίιιι
136 1284 269 1353 occasio;
298 1283 424 1363 ideoque
443 1284 472 1343 id
494 1281 598 1344 Cicero
620 1301 677 1344 non
692 1293 773 1365 putat
793 1301 862 1342 esse
877 1285 1001 1361 positum
1018 1284 1046 1342 in

44 1368 242 1428 contentione.
289 1367 361 1428 'lale
384 1378 429 1427 est
454 1368 540 1443 illud,
568 1385 625 1446 quo
651 1370 727 1429 idem
751 1369 838 1428 utitur
852 1368 881 1426 in
900 1366 1045 1428 Clodium:

44 1450 166 1525 Quibus
177 1453 251 1528 iate,
269 1453 321 1530 qai
336 1454 438 1513 omnia
450 1453 607 1531 sacrificio
621 1462 738 1528 noscet,
757 1453 852 1531 [acilo
870 1452 911 1512 ab
925 1470 959 1511 oe
973 1452 1047 1512 deos

39 1536 169 1615 placari
179 1554 271 1614 posse
287 1536 511 1598 arbitrabatur.
552 1536 647 1597 ironia
670 1554 786 1615 quoque
808 1537 838 1595 in
859 1535 916 1595 hoc
937 1543 1087 1612 genereltl

41 1620 182 1680 materiae
197 1620 430 1697 frequentissima
445 1628 499 1680 est.
524 1620 582 1680 Sed
598 1620 818 1680 eruditissimum
833 1619 938 1696 longe,
953 1621 978 1678 si
993 1636 1046 1697 per

42 1703 132 1764 aliam
158 1722 219 1763 rem
246 1704 302 1764 alia
325 1703 481 1764 indicetur:
510 1713 541 1762 ut
565 1704 705 1763 adversus
726 1713 890 1779 tyrannum,
917 1704 965 1781 qui
992 1702 1045 1762 sub

41 1796 132 1868 pacto
153 1787 317 1849 abolitionis
333 1788 552 1849 dominationem
572 1788 764 1865 deposuerat,
782 1788 841 1864 agit
861 1787 1044 1863 competitor,

40 1869 121 1932 Mitt
140 1868 339 1934 interlicere
358 1890 418 1933 noo
438 1872 524 1948 licet,
545 1880 577 1933 tu
592 1874 626 1932 io
646 1891 694 1932 me
708 1873 761 1932 dic
778 1880 807 1932 et
824 1879 928 1949 potem
948 1888 1047 1948 nuper

41 1965 74 2018 te
88 1957 170 2018 volui
182 1956 332 2019 occidere.
361 1954 510 2034 Frequens
521 1955 592 2015 illud
603 1966 648 2016 est
663 1973 718 2016 neo
732 1972 909 2033 magnopere
925 1963 1084 2033 capion-98

41 2041 128 2114 dum,
142 2040 218 2118 quod
231 2042 338 2119 petitur
352 2041 575 2101 aiureiurando:
594 2050 625 2099 ιιι
637 2058 690 2119 pro
705 2039 898 2114 exheredato,
910 2037 961 2100 lta
973 2039 1045 2100 mibi

42 2125 200 2202 contingat
209 2125 324 2186 beredo
336 2125 398 2202 filio
412 2127 499 2185 mori.
521 2123 594 2183 Nam
609 2134 639 2183 et
654 2126 682 2183 in
697 2133 787 2184 totum
800 2124 910 2198 iurare,
927 2123 981 2181 nisi
996 2121 1046 2182 ubi

41 2225 170 2268 necesse
195 2217 255 2283 est,
275 2210 356 2286 gravi
381 2209 444 2268 viro
470 2225 569 2286 parum
596 2210 748 2283 convenit,
775 2216 804 2267 et
826 2216 871 2267 est
892 2224 908 2266 a
929 2207 1042 2267 Seneca

40 2293 152 2354 dictum
161 2292 329 2369 eleganter,
344 2309 402 2351 non
413 2301 600 2376 patronorum
610 2291 667 2351 hoo
680 2309 747 2351 esse
763 2291 815 2352 scd
826 2292 948 2350 testium.
980 2289 1043 2350 Nec

40 2385 173 2436 meretur
193 2376 293 2451 fidem,
316 2379 364 2455 qui
383 2375 575 2436 sententiolae
594 2377 687 2452 gratia
709 2377 798 2450 iurat,
823 2377 877 2435 nisi
899 2377 923 2433 si
943 2383 1042 2453 potest

41 2469 102 2520 tam
126 2459 202 2520 bene
223 2478 306 2539 quam
332 2459 561 2535 Demosthenes,
587 2468 724 2538 utsupra
746 2459 814 2519 dixi.
856 2459 1083 2529 Levissimnmoo

42 2552 141 2603 autem
151 2544 239 2621 longe
255 2562 348 2621 genus
366 2562 404 2604 ex
418 2543 527 2620 verbo,
544 2545 656 2603 etiamsi
675 2552 722 2603 est
735 2542 810 2622 apud
825 2540 997 2603 Ciceronem
1013 2544 1041 2601 in

42 2625 192 2687 Clodiam:
216 2626 401 2689 Praesertim
421 2644 512 2705 qaam
527 2647 631 2689 ornnes
646 2629 778 2689 ammam
793 2628 924 2689 moniam
940 2627 1042 2704 potius

41 2728 137 2789 qaam
154 2712 332 2790 cuiusquam
345 2713 505 2772 ironicam·
513 2721 706 2791 putauerunt.

131 2796 442 2873 Comparationem
466 2795 599 2874 equidem
622 2795 709 2856 video
735 2796 855 2871 liguram
879 2810 937 2853 non
963 2809 1041 2866 esse,
1053 2801 1104 2853 100

41 2896 110 2940 cum
133 2879 170 2937 sit
192 2880 303 2938 interim
324 2878 504 2957 probationis
525 2881 636 2940 interim
655 2882 739 2940 etlam
757 2895 862 2939 causae
877 2894 985 2954 genus,
1015 2885 1044 2935 et

37 2962 81 3021 sit
105 2962 171 3021 talis
194 2964 255 3023 eius
276 2963 384 3037 forma,
407 2963 500 3041 qualis
522 2972 567 3023 est
587 2979 641 3041 pro
660 2962 793 3023 Murena:
814 2960 929 3039 Vigiles
950 2969 984 3021 tu
1001 2961 1041 3021 de

39 3054 149 3122 nocte,
164 3056 197 3107 at
214 3049 273 3108 tais
288 3048 510 3110 aeneatoribus
524 3050 729 3126 respondean,
745 3046 811 3121 ille,
827 3055 877 3121 at,
896 3062 955 3123 qao
970 3063 1041 3106 eon-

40 3130 158 3205 teodc't,
179 3140 298 3193 motare
314 3145 383 3192 cam
397 3133 535 3194 exercita
548 3133 724 3210 perveniam
744 3139 773 3189 te
791 3130 942 3206 pallorum
960 3129 1044 3190 illrum

41 3214 244 3275 baccinorum
260 3223 368 3276 cantor
380 3217 548 3277 exsuscitat
563 3224 591 3274 et
606 3223 716 3274 cetera.
735 3211 844 3273 Nescio
860 3231 896 3272 au
907 3215 1045 3275 orationis
1054 3224 1097 3276 ιο]

42 3298 238 3377 potiusquam
253 3299 412 3359 sententiae
427 3301 472 3358 sit.
498 3297 530 3358 ld
546 3299 619 3359 enirn
634 3297 726 3357 solum
737 3305 874 3373 mutatur,
892 3297 968 3376 quod
983 3315 1041 3356 non

43 3382 180 3442 universa
195 3382 337 3442 universis
354 3383 413 3443 sed
421 3383 534 3458 singula
549 3381 670 3458 singulis
686 3390 879 3459 opponuntur.
922 3380 960 3440 Et
975 3379 1042 3440 Cel·

44 3484 96 3524 sus
112 3475 206 3527 tamen
221 3476 250 3527 et
265 3482 322 3526 non
337 3467 490 3545 negligens
505 3476 607 3527 auctor
618 3465 757 3525 Visellius
772 3467 801 3525 iu
814 3465 870 3526 huo
885 3483 948 3525 eam
963 3473 1046 3544 parte
