2434 3925
160 180 222 242 232
466 194 471 213 ¹
492 194 528 241 u.
540 191 619 240 rae.
631 191 851 251 nummum

161 348 279 428 privatis
297 348 409 408 modus.
442 346 488 407 lle
506 347 635 426 partibus
652 363 757 406 causae
775 353 805 406 et
822 346 974 407 sententiis
989 347 1184 430 verbisque,

161 450 236 511 quae
253 440 316 492 sunt
333 431 516 511 multiplicia,
532 431 662 510 pluribus
678 430 840 490 dicendum.
1124 504 1129 515 ⁵

104 532 155 589 154
244 514 311 575 ‘l'ria
326 525 421 576 autem
436 524 586 594 praestare
602 514 691 576 debet
726 514 910 574 renuntiatio:
927 516 1103 592 conciliet,
1122 535 1180 596 per

161 599 296 674 suadeat,
323 608 455 676 moveat,
481 594 585 678 quibus
607 531 888 674 naturnlcotaeret,
909 600 998 658 etiam
1022 601 1178 661 delectet

162 680 334 744 conciliatio
348 684 414 743 fere
429 692 478 743 aut
493 682 742 743 commendatione
757 698 881 757 morum,
904 684 952 760 qui
967 686 1095 745 neseio
1114 702 1176 764 qno

160 767 247 828 modo
265 785 304 827 ex
318 785 393 828 voce
415 769 501 827 etiarn
517 772 605 845 atque
625 767 740 826 actione
762 765 926 845 pellucent,
950 776 1000 826 aut
1023 770 1175 828 orationi

162 852 303 911 suavitate
319 859 444 918 constat;
463 850 658 929 persuadendi
672 851 717 909 ris
734 845 934 926 affirmatione,
953 869 1037 929 quae
1059 854 1175 912 interim

102 938 153 992 155
162 935 227 1015 plus
244 935 317 1015 ipsis
341 934 561 1014 probationibus
583 933 672 994 valet.
701 930 752 995 An
774 936 851 1009 ictu,
875 934 964 1013 iuquit
983 933 1119 997 Calidio
1137 935 1174 996 Gi

162 1035 250 1096 cero,
264 1021 294 1081 ri
306 1038 382 1080 cern
397 1027 511 1095 essent,
528 1019 575 1080 cic
591 1036 613 1078 a
625 1028 654 1079 te
669 1018 867 1081 dicerentur?
892 1027 939 1094 et,
961 1017 1113 1081 Tantum
1129 1023 1175 1082 ab

161 1110 221 1182 ent,
242 1110 277 1164 ut
288 1100 498 1182 inflammares
512 1113 632 1164 nostros
649 1104 785 1176 uuinton·
801 1120 937 1163 somnum
951 1105 1012 1165 icto
1025 1105 1110 1167 loco
1127 1107 1175 1166 ein

161 1187 345 1250 tenebuntur.
377 1185 496 1248 Fiducia
513 1188 599 1264 igitur
614 1194 754 1265 appareat
775 1194 805 1246 et
821 1187 998 1262 constantia,
1022 1190 1141 1267 utique
1155 1191 1174 1247 si

103 1271 318 1330 murmurans
333 1269 443 1331 subest.
475 1270 611 1332 blovendi
631 1279 728 1330 autem
742 1271 816 1331 ratio
832 1278 879 1331 aut
893 1272 922 1329 in
935 1283 1173 1348 repraesentan

163 1356 207 1414 dis
224 1363 270 1413 est
287 1364 335 1414 aut
355 1355 495 1415 imitandis
512 1354 674 1416 affectibus.
707 1351 788 1432 Ergo
812 1372 876 1414 cum
890 1355 979 1414 iudex
995 1357 1027 1413 in
1044 1359 1172 1434 privatis

162 1447 210 1498 aut
229 1455 337 1517 praeco
360 1439 389 1497 in
408 1438 533 1517 publicis
553 1440 652 1500 dicere
678 1439 715 1499 de
737 1456 824 1498 eausa
838 1440 969 1498 iusserit:
993 1439 1115 1500 leniter
1130 1451 1171 1500 est

163 1522 407 1599 consurgendum
423 1531 481 1583 turn
496 1524 524 1582 in
540 1522 738 1602 componenda
751 1531 820 1600 toga
832 1523 892 1598 vel,
910 1524 933 1581 si
948 1541 1088 1583 necesse
1106 1526 1168 1595 erit,

163 1608 248 1665 etiam
266 1624 304 1665 ex
323 1607 437 1683 integro
454 1607 622 1683 inlicienda,
647 1607 782 1666 duntaxat
796 1609 825 1666 in
840 1607 950 1667 iudiciis
967 1607 1069 1684 (apud
1093 1610 1168 1687 prin

163 1691 258 1768 clpam
274 1691 348 1750 enirn
365 1699 393 1749 et
414 1692 596 1768 magistratus
618 1708 653 1750 ac
669 1690 822 1751 tribunalia
837 1708 895 1750 non
910 1690 1027 1769 licebit)
1044 1693 1164 1770 paulum

163 1774 404 1851 commorandum,
420 1784 451 1834 ut
466 1783 496 1835 et
509 1776 629 1835 amictus
644 1775 681 1833 sit
696 1775 846 1835 decentior
861 1784 891 1834 et
904 1776 1037 1853 protinas
1054 1776 1163 1854 aliquid

104 1863 156 1922 157
163 1860 248 1937 spatii
270 1858 306 1924 ad
329 1858 519 1935 cogitandum.
552 1857 646 1918 Etiam
664 1876 727 1918 cum
742 1858 779 1918 ad
794 1859 919 1919 iudicem
933 1875 987 1918 nos
1004 1870 1162 1920 converte

161 1943 265 2019 rimus,
291 1950 320 2001 et
336 1943 482 2022 consultus
498 1951 617 2022 praetor
633 1943 797 2022 permiserit
812 1943 928 2004 dicere:
950 1960 1009 2003 non
1027 1946 1160 2022 pretinm

162 2036 207 2087 est
223 2027 444 2106 erumpendum,
469 2028 522 2087 sod
544 2027 636 2087 danda
659 2027 756 2087 brevis
779 2029 946 2105 cogitationi
963 2044 1054 2086 mora.
1089 2026 1158 2089 llire

162 2113 237 2170 enim
252 2111 409 2171 auditurum
426 2111 528 2172 dicturi
543 2129 612 2171 cura
627 2111 769 2187 delectat,
791 2120 821 2172 et
840 2111 928 2172 iudex
948 2113 1066 2190 seipse
1084 2130 1156 2172 com·

103 2195 251 2274 158ponit.
278 2193 342 2254 Hoc
356 2196 500 2274 praecipit
511 2193 653 2254 Homerus
667 2194 760 2254 Ulixis
775 2195 921 2273 exemplo,
940 2214 1025 2274 quem
1038 2197 1158 2258 stetisse

161 2280 258 2341 oeulis
272 2280 304 2339 in
323 2287 439 2340 terram
458 2279 570 2356 definis
582 2281 761 2357 immotoque
782 2286 919 2357 sceptra,
942 2282 1109 2358 priusquam
1124 2280 1154 2340 il

162 2362 218 2423 lam
234 2362 418 2441 eloquentiae
435 2363 596 2441 procellam
613 2363 789 2440 effunderet,
814 2364 890 2424 dicit.
922 2361 954 2422 ln
971 2363 1026 2422 bac
1041 2374 1153 2424 cuncta·

161 2448 240 2506 tione
266 2455 330 2504 sunt
354 2447 494 2525 quaedam
516 2465 574 2507 non
599 2447 786 2522 indecentes,
813 2455 844 2507 ut
866 2447 1014 2526 appellant
1034 2448 1151 2522 scenici,

162 2547 277 2590 morae:
299 2539 383 2608 caput
400 2529 544 2607 mulcere,
568 2550 680 2592 manum
696 2531 816 2607 intueri,
832 2531 989 2608 intringere
1006 2531 1150 2605 articulos,

139 2613 297 2673 'simulare
325 2623 474 2690 conatum,
506 2616 698 2693 suspiratione
726 2614 948 2676 sollicitudinem
974 2614 1073 2689 lateri,
1106 2624 1151 2676 ant

163 2697 397 2777 quodquemque
413 2698 504 2775 magis
523 2699 626 2774 decet,
643 2714 736 2777 eaque
752 2699 869 2774 diutius,
892 2700 916 2758 si
931 2698 1017 2758 iudex
1031 2700 1149 2760 nondum

105 2793 156 2847 159
163 2783 290 2843 intendet
307 2777 437 2842 animum.
470 2783 565 2843 Status
582 2782 698 2862 quidem
713 2792 811 2843 rectus
831 2784 868 2842 sit
889 2784 942 2844 sed
963 2782 1065 2843 diducti
1082 2801 1147 2861 paa-

163 2867 219 2926 lum
240 2867 334 2945 pedes
353 2866 402 2927 vel
428 2867 593 2945 procedens
610 2868 724 2927 minimo
746 2875 890 2927 momento
905 2867 1033 2934 sinister:
1056 2884 1145 2943 genua

162 2959 254 3026 recta,
270 2953 313 3011 sic
327 2959 432 3027 tamen,
448 2959 478 3010 ut
494 2969 551 3011 non
569 2950 768 3010 extendantur.
790 2949 906 3012 Humeri
922 2950 1041 3026 remissi,
1055 2951 1145 3011 uultus

163 3052 301 3110 severus,
323 3053 381 3095 non
395 3044 522 3095 maestus
536 3053 592 3094 nec
606 3044 726 3114 stupens
740 3053 796 3095 nec
818 3035 980 3112 languidum
1003 3033 1113 3094 brachia
1127 3052 1142 3093 a

163 3117 255 3177 latere
271 3118 386 3179 modice
401 3128 528 3188 remota;
545 3137 644 3179 manus
659 3121 788 3195 sinistra,
808 3119 922 3197 qualem
937 3135 1021 3197 supra
1034 3118 1140 3178 demon
1190 3179 1191 3190 ,

163 3202 266 3269 stravi;
290 3202 401 3278 dextra,
418 3221 482 3265 cnm
496 3204 552 3262 iam
567 3203 759 3281 incipiendum
774 3204 839 3279 erit,
855 3203 970 3281 paulum
986 3201 1089 3281 prolata
1103 3201 1139 3261 ul·
1190 3205 1191 3248 l

163 3293 206 3345 tra
222 3285 312 3344 sinum
327 3296 411 3362 gestu
427 3306 510 3366 quam
525 3287 746 3363 modestissimo,
761 3288 842 3347 velut
857 3296 1021 3365 expectans,
1036 3285 1137 3365 quando

106 3368 354 3446 160incipiendum
380 3372 426 3429 sit.
457 3370 569 3431 Vitiosa
596 3372 670 3430 enim
691 3380 755 3430 sunt
778 3370 844 3446 illa,
872 3371 975 3431 intueri
999 3370 1134 3442 lacunaria,

163 3453 324 3533 perfricare
344 3454 448 3514 faciem
470 3463 498 3514 et
515 3456 595 3533 quasi
612 3453 772 3534 improbam
789 3453 908 3537 lacero,
929 3453 1043 3516 tondere
1057 3453 1133 3515 coni·
1190 3479 1191 3536 p
