2434 3925
138 240 197 304 too
446 254 807 314 u.sun.oo1nn1n1an1

134 412 172 471 sit
189 417 300 475 orator:
316 426 399 486 quem
415 410 552 467 tamenin
569 408 621 467 illo
637 408 730 468 medio
750 426 860 485 genere
877 408 989 469 dicendi
1005 412 1141 489 praeferi

135 493 265 555 omnibus
282 491 397 551 Cicero.
1207 564 1208 567 Ἴ

92 591 126 645 81
217 574 546 654 Philosophorum,
576 594 614 634 ex
643 575 745 653 quibus
772 576 924 654 plurimum
950 597 983 636 se
1010 582 1138 639 traxisse
1207 576 1208 645 i

134 662 317 739 eloquentiae
340 659 378 718 ll.
403 659 513 718 'lollius
533 660 701 735 confitetur,
725 659 788 737 quis
810 660 920 719 dubitet
943 661 1137 723 Platonem

134 764 200 807 esse
214 747 402 823 ¹praecipuum
419 745 481 802 sive
503 745 632 802 acumine
654 743 814 802 disserendi
840 746 902 803 sive
924 745 1081 822 eloquendi
1095 749 1136 807 ia·
1207 744 1208 761 ¹

133 831 240 892 cultate
257 829 349 889 divina
366 828 487 905 quadam
502 835 531 885 et
545 825 718 886 Homerica?
746 826 864 887 Multum
880 830 953 887 enim
964 848 1052 908 supra
1069 850 1136 910 pro·

133 932 194 975 sam
210 914 368 973 orationem
390 921 419 970 et
442 928 526 988 quam
545 911 712 988 pedestrem
728 910 831 970 Graeci
852 922 957 971 vocant
972 917 1082 990 surgit,
1108 924 1136 974 nt

131 998 199 1058 mihi
214 1015 272 1056 non
289 996 410 1056 hominis
425 995 541 1070 ingenio
560 996 612 1055 sed
628 994 751 1074 quodam
763 994 906 1073 Delphico
922 998 1055 1057 videatur
1072 1017 1135 1058 ora·

90 1083 200 1149 esculo
228 1082 388 1140 instinctus.
439 1078 513 1151 Quid
542 1095 598 1154 ego
629 1096 850 1139 commemorem
876 1078 1135 1158 Xenophontis
1207 1102 1208 1135 1

131 1167 210 1226 illam
225 1166 429 1225 iucunditatem
444 1162 635 1223 inaffectatam
650 1163 702 1222 sed
715 1181 798 1240 quaro
814 1164 891 1223 nulla
908 1167 1048 1242 consequi
1065 1168 1134 1226 alle·

133 1252 221 1310 ctatio
237 1245 350 1327 possit?
371 1257 401 1306 ut
423 1249 505 1326 ipsae
527 1265 690 1306 sermonem
711 1247 829 1306 linxisse
847 1246 961 1307 Gratiae
984 1250 1136 1310 rideantur

133 1343 177 1408 et,
202 1333 279 1411 quod
301 1332 337 1392 de
353 1331 466 1391 Pericle
490 1333 599 1390 veteris
626 1331 794 1391 comoediae
815 1334 1006 1391 testimoninm
1023 1344 1086 1410 est,
1109 1338 1136 1395 in

131 1417 207 1477 hune
222 1417 371 1476 transferri
387 1416 540 1476 iustissime
556 1417 664 1493 possit,
688 1417 716 1474 in
732 1415 819 1475 labris
837 1417 898 1474 eius
916 1417 1029 1477 sedisse
1046 1437 1135 1497 quan·

89 1503 196 1569 eisdam
213 1501 406 1579 persuadendi
428 1500 519 1559 deam.
555 1499 630 1572 Quid
653 1499 829 1577 reliquorum
850 1501 1136 1564 Socraticorum

133 1581 328 1661 elegantiam?
372 1584 445 1659 Quid
472 1583 741 1644 Aristotelem?
780 1602 864 1661 quem
890 1584 988 1643 dubito
1014 1589 1135 1648 scientia

132 1688 228 1728 rerum
251 1687 286 1728 an
307 1670 479 1748 scriptorum
503 1670 587 1745 copia
604 1686 640 1728 an
655 1668 810 1747 eloquendi
825 1671 970 1736 seandala
985 1687 1021 1728 an
1035 1672 1136 1731 inven-

131 1755 241 1812 tionum
261 1755 391 1813 acumine
413 1770 448 1810 an
463 1753 602 1811 varietate
620 1769 739 1831 operum
755 1754 908 1813 clariorem
925 1762 1030 1830 putem.
1065 1755 1136 1817 Nam

131 1838 160 1896 in
175 1836 435 1916 Theophrasto
456 1845 512 1895 tam
535 1846 579 1895 est
595 1837 731 1915 loquendi
747 1841 823 1921 nitpr
838 1837 889 1896 ille
905 1837 1033 1912 divinus,
1051 1849 1082 1898 nt
1099 1859 1136 1899 ex

89 1934 167 1990 floeo
183 1939 286 1982 nomen
303 1940 420 2006 quoque
435 1923 559 1981 traxisse
575 1921 694 1981 dicatur.
725 1920 817 1981 Minus
832 1922 978 1982 indulsere
995 1923 1135 2002 eloquen-

132 2009 190 2067 tiae
205 2008 323 2067 Stoici
339 2017 471 2073 reteres;
489 2008 541 2066 sed
558 2023 621 2064 cnm
633 2006 755 2066 honesta
769 2013 921 2066 suaserunt
935 2015 992 2065 tum
1004 2010 1032 2065 in
1051 2009 1135 2068 colli-

132 2091 228 2167 gendo
251 2091 478 2170 probandoque,
498 2109 572 2169 qnae
588 2092 783 2165 instituerant,
806 2090 957 2168 plurimum
972 2092 1134 2169 valuerunt,

132 2175 220 2234 rebus
232 2186 327 2235 tamen
339 2180 414 2236 acuti
425 2177 516 2250 magis
529 2193 622 2253 quam,
631 2176 658 2235 id
671 2176 748 2253 quod
763 2193 832 2234 sane
845 2192 902 2234 non
913 2174 1135 2255 allectaverunt,

132 2262 263 2318 oratione
281 2261 434 2336 magnifici.

89 2355 124 2408 85
214 2343 293 2403 idem
316 2344 398 2404 nobis
423 2362 477 2424 per
497 2342 678 2402 Romanos
703 2354 818 2424 quoque
842 2353 976 2404 auctores
995 2343 1070 2404 ordo
1087 2347 1135 2406 dn·

134 2426 243 2485 cendus
259 2438 315 2503 est,
337 2427 438 2505 ltaque
454 2437 483 2486 ut
499 2427 573 2505 apud
589 2427 657 2487 illos
669 2425 811 2486 Homerus
826 2429 869 2485 sic
885 2425 959 2507 apud
975 2445 1029 2485 nos
1045 2428 1135 2489 Ver·

133 2510 250 2587 gilius
273 2514 531 2589 auspicatissimum
547 2511 659 2571 dederit
675 2512 840 2585 exordium,
866 2516 988 2572 omnium
1006 2515 1070 2572 eius
1085 2532 1134 2590 ge·

132 2595 210 2654 neris
223 2606 373 2672 poetarum
382 2595 556 2656 Graecorum
567 2606 788 2674 nostrorumque
800 2595 874 2655 hand
885 2596 1134 2671 dnhieproximus.

90 2678 205 2749 ffiUtor
222 2682 296 2738 enim
311 2680 408 2739 verbis
429 2679 546 2756 iisdem,
576 2698 650 2758 quae
672 2697 708 2739 ex
724 2679 796 2738 Afro
816 2680 942 2740 Domitio
958 2680 1070 2740 iuvenis
1087 2701 1135 2742 ex·

134 2766 212 2841 cepi:
232 2765 280 2841 qui
296 2764 363 2824 mihi
380 2766 586 2841 interroganti,
605 2782 691 2842 quem
711 2762 836 2822 Homero
859 2766 994 2825 crederet
1014 2769 1136 2826 maxime

132 2848 295 2923 accedere,
317 2848 495 2921 Secundus,
517 2850 622 2927 inquit,
640 2857 685 2909 est
703 2846 870 2927 Verqt'litts‚
892 2849 1020 2928 propior
1036 2857 1136 2910 tamen

129 2934 231 3010 primo
246 2951 338 3011 quam
354 2936 452 2995 tertio.
485 2929 522 2991 Et
537 2932 657 2991 hercule
672 2942 703 2991 ut
718 2932 760 2992 illi
775 2941 892 2992 naturae
911 2931 1034 2992 coelesti
1051 2943 1136 3011 atque

93 3033 99 3046 .
133 3018 286 3077 immortali
302 3020 491 3077 cesserimus:
509 3018 548 3076 ita
566 3034 653 3075 curae
669 3025 699 3075 et
714 3017 879 3093 diligentiae
895 3017 944 3076 vel
958 3016 1024 3074 ideo
1040 3017 1070 3075 in
1081 3017 1137 3077 hoc

133 3099 198 3177 plus
215 3111 276 3175 est,
300 3103 377 3178 quod
401 3106 427 3161 ei
443 3103 495 3161 luit
516 3103 607 3177 magis
627 3100 828 3176 laborandum,
856 3109 884 3158 et
908 3109 1042 3177 quantum
1069 3105 1137 3161 emi·

90 3184 265 3256 grnentibns
289 3187 443 3259 vincimur,
472 3188 598 3246 fortasse
629 3185 802 3263 aequalitate
830 3202 992 3261 pensamus.
1037 3182 1138 3244 Ceteri

134 3285 234 3348 omnes
247 3268 335 3344 longe
348 3280 514 3347 sequentur.
542 3269 613 3328 Nam
628 3268 752 3328 Macer
764 3278 795 3327 'et
810 3266 854 3326 Lu
864 3271 1003 3327 cretius
1020 3267 1138 3344 legendi

136 3352 260 3429 quidem,
273 3352 325 3411 sed
338 3370 395 3412 non
406 3362 435 3411 ut
447 3354 573 3431 phrasin,
587 3352 613 3411 id
628 3362 683 3426 est,
701 3370 807 3430 corpus
820 3352 1004 3430 eloquentiae
1016 3352 1136 3418 iaciant:

137 3436 288 3512 elegantes
303 3437 332 3493 in
347 3454 397 3494 sua
420 3439 542 3515 quisque
559 3439 679 3495 materia
700 3438 752 3497 sed
774 3437 849 3497 alter
863 3435 975 3495 humilis
993 3434 1069 3494 alter
1083 3436 1136 3495 dil·
1207 3503 1208 3510 ἵ

135 3519 230 3580 iioilis.
263 3519 443 3579 Atacinus
464 3519 579 3579 Varro
592 3520 621 3580 in
638 3521 689 3598 iis,
712 3538 766 3600 per
788 3537 861 3599 quae
877 3536 980 3579 nomen
996 3527 1041 3579 est
1055 3536 1137 3579 asse·
