2434 3925
165 192 224 254 146
477 204 832 263 εεεε.ρεεεετεε,εεεε

161 362 247 420 tatius
263 376 330 419 esse
345 352 459 437 coepit,
475 375 633 432 excessus,
646 358 709 418 sive
724 368 769 419 est
784 368 867 418 extra
883 376 1008 435 eausam,
1023 376 1081 419 non
1095 379 1148 440 po*

162 452 219 503 test
234 462 301 502 esse
319 461 386 521 pars
403 459 525 508 oausam
548 443 609 500 sive
625 450 671 500 εει
683 444 713 501 in
729 460 832 518 cansa,
852 443 1022 503 adiutorium
1036 444 1086 504 vel
1101 462 1148 504 or

161 536 320 587 ramentum
335 528 455 604 partium
470 533 516 584 est
532 543 645 599 earum,
668 543 706 584 ex
721 526 822 604 quibus
837 527 993 603 egreditur.
1022 526 1095 587 Nam
1111 531 1147 604 si,

162 611 297 688 quidquid
312 611 340 669 iu
356 628 441 668 eausa
458 618 517 683 est,
534 625 601 685 pare
619 626 724 669 causae
741 609 906 669 vocabitur:
925 628 976 669 cur
990 628 1047 670 nen
1062 630 1147 689 argu·

160 704 298 768 mentum,
327 692 498 765 similitudo,
527 691 611 750 locus
637 695 810 768 eommunis,
836 693 977 769 affectus,
1001 696 1147 773 exemplu,

134 785 257 855 spartes
278 772 439 836 vocentur?
474 775 581 834 Tamen
607 793 662 833 neo
681 775 726 834 his
750 778 908 851 assentior,
927 779 977 855 qui
996 778 1148 837 detrahunt

160 861 378 935 refutationem,
398 867 531 935 tanquam
545 857 710 936 probationi
724 859 892 933 subiectam,
910 869 941 918 ut
955 859 1147 928 Aristoteles:

156 944 232 1004 haee
252 946 325 1003 enirn
350 953 411 1016 est,
436 960 510 1019 quae
529 944 699 1019 constituat,
724 942 792 1018 iila,
819 961 893 1021 quae
912 942 1049 1003 destruat.
1083 945 1149 1004 Hoo

159 1046 276 1106 quoque
295 1029 370 1088 idem
388 1025 567 1102 aliquatenus
584 1034 686 1100 novat,
712 1025 788 1103 quod
807 1029 957 1104 prooemio
974 1044 1031 1086 non
1050 1045 1148 1087 narra·

158 1113 265 1170 tionem
282 1110 426 1186 subiungit
445 1108 497 1168 sed
515 1110 751 1188 propositionem.
786 1109 894 1170 Verum
917 1110 945 1170 id
968 1111 1053 1186 iacit,
1081 1113 1148 1188 quia

159 1195 322 1272 propositio
347 1195 373 1252 ei
396 1210 506 1269 genus,
531 1194 656 1251 narratio
677 1194 793 1271 speeies
810 1194 939 1267 videtur,
964 1203 994 1254 ει
1016 1194 1070 1254 hae
1090 1212 1149 1253 nou

160 1296 292 1356 semper,
312 1277 361 1337 illa
380 1285 543 1354 temperet
561 1275 667 1353 ultique
684 1276 776 1336 eredit
794 1293 867 1354 opus
886 1294 963 1336 esse.

133 1374 150 1427 6
240 1360 347 1419 Verum
371 1379 408 1419 ex
426 1358 471 1418 his
487 1378 558 1437 quas
577 1360 712 1418 constitui
728 1360 856 1438 partibus
878 1377 950 1436 non,
970 1369 1001 1420 ut
1021 1359 1149 1438 quidque

158 1446 278 1522 primurn
302 1444 470 1518 dicendum,
499 1444 537 1503 ita
562 1445 682 1521 primum
705 1442 887 1520 cogitandum
915 1454 976 1512 est;
1004 1444 1057 1503 sed
1080 1453 1148 1503 ante

159 1529 252 1587 omnia
270 1528 373 1586 intueri
392 1535 525 1605 oportet,
554 1526 630 1603 quod
653 1527 691 1586 sit
708 1545 800 1603 genus
823 1525 950 1586 causae?
977 1527 1044 1605 qnid
1061 1529 1090 1586 in
1112 1546 1149 1587 ea

158 1607 334 1689 quaeratur?
360 1629 433 1689 quae
453 1611 579 1689 prosint,
598 1610 678 1687 'quae
696 1607 840 1671 noceant?
865 1610 968 1670 deinde
992 1610 1059 1688 quid
1077 1628 1147 1670 eon·

157 1694 321 1754 firmandum
345 1696 382 1753 eit
404 1713 438 1754 ao
457 1691 667 1754 refellendum?
688 1703 747 1753 tum
771 1711 827 1771 quo
846 1694 932 1754 modo
956 1692 1148 1754 narrandum?

132 1778 308 1856 'tExpositio
329 1780 403 1838 enim
418 1777 618 1857 probationum
635 1786 680 1836 est
698 1779 893 1856 praeparatio,
912 1796 967 1838 neo
986 1795 1053 1837 esse
1068 1778 1148 1837 utilis

157 1871 269 1942 potest,
298 1863 352 1922 nisi
375 1863 453 1940 prius
477 1863 671 1937 constitnerit,
699 1861 766 1941 quid
789 1860 894 1921 debeat
915 1862 952 1921 de
975 1861 1148 1940 probatione

156 1949 334 2027 promittere.
371 1945 521 2006 Postremo
541 1947 720 2021 intuendum,
745 1944 981 2022 quemadmodum
999 1945 1086 2005 iudex
1111 1946 1148 2005 sit

157 2032 363 2092 conciliandus.
406 2030 517 2108 Neque*
533 2032 606 2089 enim
629 2031 684 2088 nisi
708 2031 777 2088 totis
799 2046 904 2089 causae
927 2028 1055 2107 partibus
1083 2028 1146 2088 dili·

156 2124 258 2191 genter
276 2116 415 2191 inspeotis
435 2116 513 2173 seire
535 2131 705 2192 possumus,
731 2112 844 2190 qualem
861 2113 944 2172 nobis
958 2112 1068 2173 ‘iacere
1087 2095 1164 2172 ani⁹

155 2217 230 2257 mum
248 2198 454 2274 cognoscentis
473 2197 618 2275 expediat,
636 2215 769 2255 severum
787 2215 823 2256 an
842 2198 953 2273 mitem,
973 2198 1148 2256 oonoitatum

156 2300 192 2341 an
210 2282 377 2355 remissum,
398 2279 549 2340 adversum
568 2281 680 2357 gratiae
699 2298 735 2340 an
755 2279 920 2340 obnoxium.

129 2370 147 2423 8
238 2362 341 2442 Neque
367 2364 433 2424 ideo
462 2373 556 2423 tamen
584 2380 637 2422 eos
665 2362 863 2441 probaverim,
892 2364 941 2441 qui
964 2362 1149 2422 scribendum

157 2465 273 2530 quoque
293 2449 471 2526 prooemium
489 2448 645 2506 novissime
664 2456 773 2526 putant.
807 2445 879 2506 Nam
895 2455 926 2506 ut
944 2446 1069 2506 oonierri
1087 2465 1148 2507 ma-

129 2536 258 2594 *teriam
275 2549 388 2592 omnem
403 2540 448 2608 et,
468 2530 537 2609 quid
553 2532 657 2608 eoique
673 2532 709 2589 sit
724 2548 814 2609 opus,
831 2539 966 2590 constare
981 2530 1077 2604 decet,
1098 2547 1149 2589 an·

156 2629 272 2696 tequam
294 2615 393 2675 dicere
418 2624 467 2674 aut
489 2614 620 2674 seribere
646 2614 804 2673 ordiamur:
832 2615 871 2674 ita
892 2614 1085 2693 incipiendum
1111 2612 1149 2672 ab

129 2702 216 2777 9his,
241 2718 315 2779 quae
334 2701 425 2777 prima
443 2707 517 2757 sunt.
552 2698 624 2757 Nam
646 2716 701 2757 neo
719 2699 841 2776 pingere
863 2699 1011 2775 quisquam
1029 2705 1077 2755 aut
1095 2696 1149 2754 iin-

156 2804 228 2864 gere
247 2785 345 2862 eoepit
366 2800 382 2842 a
400 2781 538 2860 pedibus,
560 2800 615 2841 nee
634 2782 758 2859 denique
782 2799 829 2840 ars
853 2780 912 2840 nlla
936 2788 1150 2840 consummatur

155 2870 206 2944 ibi,
225 2868 300 2927 unde
319 2866 484 2928 ordiendum
502 2874 556 2924 εει.
586 2863 661 2937 Quid
680 2865 730 2924 fiet
748 2865 867 2942 alioqui,
886 2865 911 2923 ei
928 2865 1049 2943 epatium
1068 2878 1148 2921 oom-

156 2951 280 3031 ponendi
298 2952 456 3010 orationem
474 2949 541 3008 stilo
558 2966 616 3024 non
632 2946 739 3011 inerit?
759 2965 854 3007 nonne
872 2965 925 3007 nos
941 2947 1015 3006 haee
1031 2948 1148 3005 inversa

158 3035 335 3096 consuetudo
355 3029 526 3111 deceperit?
555 3031 736 3109 despicienda
757 3032 843 3108 igitur
861 3033 981 3090 materia
1002 3038 1063 3105 εει,
1088 3047 1155 3106 quo

157 3120 359 3198 praecepimus
379 3117 495 3184 ordine;
518 3115 686 3191 scribenda,
708 3131 765 3193 quo
786 3115 923 3174 dicemus.

428 3270 471 3319 DE
490 3266 668 3320 GENERIBUS
686 3266 872 3318 EARUNDEM.

205 3443 208 3448 ,
242 3369 279 3429 X.
310 3366 445 3429 Ceterum
467 3384 554 3427 eausa
578 3366 686 3441 omnis,
711 3366 740 3424 in
763 3382 818 3443 qua
837 3381 905 3442 pars
924 3362 1016 3422 altera
1035 3360 1148 3437 agentis

162 3464 206 3516 eet
224 3454 314 3515 altera
331 3452 507 3529 recusantis,
527 3456 574 3510 aut
590 3450 673 3527 unius
692 3449 734 3507 rei
754 3447 951 3507 controversia
970 3453 1083 3504 constat
1100 3451 1155 3518 aut,
