2434 3925
368 193 756 262 monstruosum,
771 194 812 248 12.
1021 176 1083 245 231

92 347 155 411 dici
176 354 292 428 posset,
314 345 485 418 ostendere;
515 347 573 410 sed'
592 349 660 410 mihi
686 367 895 428 supervacuum
921 349 1081 411 videbatur.

91 432 168 493 Nam
190 441 219 491 ct
236 432 300 492 lere
322 442 460 510 apparet,
485 433 550 511 quid
571 435 599 492 in
620 434 764 508 iniuriam,
788 433 856 511 quid
876 435 904 492 iu
927 437 1082 512 avaritiam,
1091 448 1125 502 16

93 517 163 594 qnid
182 516 210 575 in
226 524 329 575 testem
345 518 496 592 inimicum,
517 517 585 594 quid
599 535 652 595 pro
668 525 743 575 teste
759 519 850 575 amico
867 516 1016 578 dicendum
1030 521 1082 587 sit;

93 609 125 659 et
146 598 184 658 de
206 598 334 659 omnibus
357 600 402 660 his
426 602 519 661 omnia
539 600 637 660 dicere
657 600 792 659 inlinitum
808 609 869 675 est,
888 610 944 660 tam
965 602 1084 662 hercule

39 759 41 762 Α
93 700 180 761 quam
200 685 225 742 si
244 684 521 760 controversiarum,
541 674 623 762 ‘quae
652 686 708 743 sint
728 696 860 761 quaeque
884 683 995 744 futurae
1016 689 1082 761 sint,

93 768 297 844 quaestiones,
318 778 503 845 argumenta,
535 770 692 828 sententias
718 768 834 827 tradere
862 767 957 827 velim.
1001 768 1082 846 lpsas
1092 779 1124 835 17

92 858 191 908 antem
217 860 446 928 argumentorum
473 851 554 912 velut
581 854 668 913 sedes
694 868 750 910 uon
775 869 821 910 me
847 851 959 929 quidem
984 866 1087 911 omnes*

93 934 261 993 ostendisse
277 935 400 1010 confido,
419 936 554 1014 plurimas
574 945 676 996 tamen.

179 1015 262 1089 Quod
278 1035 313 1076 eo
329 1019 492 1095 diligentius
508 1019 669 1080 iaciendum
683 1019 745 1094 luit,
765 1019 830 1096 quia
848 1017 1083 1095 declamationes,

92 1098 197 1177 quibus
212 1101 247 1160 sd
264 1119 385 1178 pugnam
403 1102 548 1162 forensem
564 1103 645 1163 velut
662 1102 831 1181 praepilatis
853 1104 986 1160 exerceri
1006 1103 1083 1162 sole·

91 1182 210 1257 bamus,
227 1184 294 1243 olim
310 1187 363 1244 iam
379 1185 415 1245 ab
431 1185 480 1245 illa
495 1205 565 1246 vera
584 1188 708 1263 imagine
726 1185 825 1245 orandi
840 1195 1024 1244 recesserunt
1042 1195 1083 1245 at·

92 1284 151 1343 que
169 1266 205 1325 ad
219 1267 310 1326 solam
328 1271 507 1347 compositae
523 1270 701 1348 voluptatem
715 1271 811 1329 nervis
828 1278 936 1344 carent,
952 1286 1009 1328 non
1024 1269 1081 1329 alio

90 1348 203 1407 medius
226 1350 308 1409 lidius
323 1353 392 1413 vitio
409 1350 576 1427 dicentium,
603 1372 686 1431 quam
702 1370 759 1430 quo
774 1354 979 1431 mancipiorum
993 1370 1082 1430 nego·

7 1432 9 1445 '
90 1432 213 1490 tiatores
231 1433 339 1493 formae
351 1453 505 1512 puerorum
516 1434 651 1495 virilitate
664 1437 762 1496 excisa
774 1436 980 1495 lenocinantur.
1010 1435 1082 1496 Nam
1092 1443 1124 1497 18

90 1524 125 1573 ut
139 1514 180 1573 illi
194 1515 282 1575 robur
297 1535 330 1576 ac
348 1519 473 1578 lacertos
488 1519 664 1596 barbamque
678 1529 742 1579 aute
759 1521 851 1582 omnia
868 1527 896 1577 et
911 1520 982 1593 alia,
1008 1537 1082 1597 quae

90 1607 193 1658 natura
219 1602 337 1678 proprie
364 1602 492 1662 maribus
520 1602 613 1677 dedit,
644 1621 743 1681 parum
774 1603 936 1662 existimant
964 1603 1081 1678 decora,

91 1698 226 1759 quaeque
241 1684 343 1761 fortia,
365 1688 389 1744 si
405 1685 524 1761 liceret,
546 1686 642 1746 forent
661 1695 691 1743 ut
714 1685 784 1744 dura
809 1686 953 1745 molliunt:
975 1687 1013 1745 ita
1029 1703 1082 1745 nos

90 1763 218 1824 habitum
233 1769 325 1845 ipsum
340 1771 476 1828 orationis
491 1769 603 1828 virIlem
629 1778 658 1827 et
673 1768 751 1827 illam
765 1769 822 1826 vim
836 1770 935 1827 stricte
950 1768 1081 1828 robuste·

91 1865 150 1925 que
171 1847 283 1910 dicendi
305 1860 405 1913 tenera
429 1852 549 1931 quadam
570 1852 742 1911 elocutionis
765 1860 830 1910 cute
851 1851 1011 1929 operimus,
1041 1861 1080 1927 et,

90 1931 158 1995 dom
178 1931 253 2012 levia
278 1938 333 1998 sint
346 1946 389 1997 'ac
414 1937 516 2012 nitida,
539 1944 674 2014 quantum
695 1934 828 2010 valeant,
851 1934 920 1994 nihil
940 1936 1082 1995 iuteresse

90 2021 269 2082 arbitramur.
307 2021 366 2081 Sed
386 2022 453 2081 mihi
478 2030 604 2080 naturam
630 2020 747 2079 intuenti
770 2035 854 2077 nemo
876 2035 933 2077 non
952 2021 996 2077 vir
1017 2030 1123 2097 spa-19

90 2102 168 2164 doire
191 2104 345 2165 formosior
368 2107 437 2180 erit,
459 2123 514 2164 nec
537 2113 595 2184 tam
615 2120 717 2162 aversa
739 2120 861 2179 unquam
883 2102 1026 2161 videbitur
1046 2101 1082 2161 ab

90 2205 185 2267 opere
205 2206 258 2247 suo
279 2188 473 2267 providentia,
496 2196 527 2246 ut
542 2186 676 2247 debilitas
692 2188 765 2245 inter
783 2186 889 2263 optima
906 2187 1019 2246 inventa
1034 2186 1081 2260 sit,

89 2290 147 2331 uec
168 2270 196 2331 id
216 2272 295 2331 ferro
319 2274 483 2350 speciosum
505 2271 566 2330 lieri
587 2270 711 2349 putabo,
738 2269 830 2346 quod,
857 2270 881 2327 si
903 2278 1081 2344 nasceretur,

89 2363 247 2415 monstrum
263 2363 334 2414 erat.
366 2353 522 2415 Libidinem
536 2357 614 2413 iuvet
628 2356 720 2431 ipsum
732 2353 885 2412 effeminati
900 2372 988 2411 sexus
1004 2368 1081 2412 men·

90 2438 219 2512 dacium,
247 2456 387 2520 nunquam
413 2448 508 2498 tamen
534 2438 591 2497 hoc
617 2439 764 2513 continget
785 2437 867 2495 malis
887 2436 1012 2495 moribus
1035 2454 1081 2495 re·

91 2540 188 2599 gnum,
204 2531 244 2596 ut,
261 2524 352 2600 siqua
368 2524 495 2599 pretiosa
512 2522 598 2596 lecit,
617 2521 721 2582 iecerit
738 2529 766 2578 et
781 2519 866 2579 bona.
898 2520 1124 2598 Quaproptsrto

91 2605 301 2684 eloquentiam,
317 2606 387 2664 licet
403 2606 476 2664 hanc
491 2606 537 2683 (ut
551 2606 644 2663 sentio
662 2604 751 2678 enim,
769 2603 881 2682 dicam)
902 2603 1083 2663 libidinosam

90 2690 226 2766 resupina
237 2690 386 2767 voluptate
402 2688 540 2748 auditoria
551 2688 684 2766 probent,
701 2686 807 2746 nullam
818 2705 884 2745 esse
901 2685 1081 2759 existimabo,

92 2789 166 2849 quae
181 2790 218 2831 ue
233 2775 373 2831 minimum
386 2771 499 2849 quidem
510 2773 538 2830 in
547 2790 580 2831 se
591 2772 723 2831 indicium
735 2770 854 2829 masculi
871 2781 900 2829 et
913 2770 1081 2846 incorrupti,

90 2873 129 2915 ne
146 2856 237 2916 dicam
252 2859 349 2933 gravis
366 2865 394 2914 et
409 2856 499 2914 sancti
511 2855 581 2930 viri,
605 2862 740 2914 ostentet.
765 2850 826 2911 'An
840 2870 911 2912 vero
928 2857 1119 2911 statuarumm

91 2939 218 2999 artifices
240 2942 428 3018 pictoresque
451 2939 616 3013 clarissimi,
638 2957 702 2997 cum
725 2954 850 3013 corpora
866 2943 948 3014 quam
968 2935 1082 3012 specio·

91 3024 204 3083 sissima
226 3023 358 3100 lingendo
375 3022 556 3100 pingendove
577 3021 696 3081 efficere
713 3028 868 3096 cuperent,
889 3037 1030 3096 nunquam
1054 3019 1083 3076 in

90 3107 166 3166 bunc
179 3108 492 3180 inciderunterrorem,
508 3113 539 3164 ut
549 3105 676 3182 Bagoam
693 3112 740 3163 aut
755 3101 943 3178 Megabyzum
959 3104 1083 3180 aliquem

90 3192 120 3249 in
148 3192 310 3268 exemplum
336 3192 433 3268 operis
461 3199 606 3249 sumerent
632 3187 686 3247 sibi
708 3185 759 3245 sed
787 3184 981 3264 Doryphoron
1003 3187 1082 3245 illum

92 3283 188 3351 aptum
206 3274 255 3335 vel
275 3275 391 3334 militiae
407 3273 456 3332 vel
476 3273 653 3351 palaestrae,
674 3269 794 3330 aliorum
819 3288 933 3348 quoque
951 3273 1082 3329 iuvenum

90 3355 297 3417 bellicosorum
318 3366 347 3417 et
369 3357 539 3417 athletarum
561 3372 685 3433 corpora
714 3352 822 3414 decora
844 3373 915 3413 vere
938 3355 1081 3412 existima·

92 3450 209 3501 rerunt:
225 3459 290 3518 nos,
306 3441 355 3521 qui
371 3449 517 3500 oratorem
533 3439 679 3499 studemus
696 3435 848 3515 effingere,
864 3455 921 3497 non
936 3453 1012 3496 arma
1029 3432 1082 3494 sed
