2434 3925
327 247 417 298 mar.
432 246 581 294 carros.
593 248 662 295 ura.
675 249 697 314 1,
710 241 736 298 6.
991 236 1033 299 33

30 405 90 467 buc
111 405 208 466 domu
229 400 379 461 dicendum
400 402 437 460 sit
459 418 494 460 an
519 401 579 463 bac
601 403 738 464 damnet
760 404 901 466 domuum
923 422 958 463 an
978 405 1032 467 do·

29 503 171 550 morum:
194 485 297 545 similia
322 487 377 543 siut
398 487 521 561 domur,
542 505 639 561 unua,
666 506 784 548 manua.
824 487 922 547 Demi
930 492 1056 554 uutioii

6 611 8 650 ἰ
29 591 126 649 genus
151 569 237 629 modo
260 568 387 645 detegit,
412 578 458 644 et,
485 587 522 628 ne
543 570 578 628 ab
602 569 707 629 eodem
728 572 863 649 exemplo
885 573 1031 649 recedam,
1050 601 1053 606 ·

28 658 138 735 mrtem
153 653 339 740 masculinum
354 671 421 711 esse
430 655 590 732 funiculus
603 655 738 714 ostendit.
768 654 876 714 Eadem
891 658 920 715 in
936 656 1057 722 verbist

30 757 156 818 quoque
183 739 257 797 ratic
285 740 524 814 comparationis,
554 747 600 813 ut,
626 740 650 797 si
675 741 737 815 quis
760 740 891 816 antiquos
914 750 1032 800 secutus

28 826 159 902 fervere
180 821 262 880 brevi
289 820 381 880 media
407 821 519 896 syllaba
547 821 637 896 dicat,
669 822 902 900 deprehendatur
927 827 1032 886 vitiose

30 906 132 985 loqui,
160 905 236 983 quod
255 906 365 980 omnia,
390 923 464 983 quae
485 925 502 966 e
523 914 552 964 et
573 926 591 966 0
614 907 717 966 litteris
740 906 847 965 fatendi
867 908 952 967 modo
974 918 1032 967 ter·

30 994 194 1065 minantur,
220 988 337 1063 eadem,
367 991 391 1048 si
413 991 527 1048 inlinitis
550 1010 567 1050 e
590 989 713 1049 litteram
734 991 827 1050 media
851 990 962 1064 syllaba
984 1010 1031 1050 ac-

31 1082 189 1153 ceperunt,
206 1074 304 1149 utique
317 1073 484 1150 productam
497 1073 617 1132 habent:
630 1076 783 1151 prandeo,
795 1077 926 1152 pendeo,
941 1094 1031 1153 apon-

32 1160 107 1237 deo,
143 1158 315 1236 prandere,
342 1160 496 1234 pendere,
527 1160 690 1234 spondere.
733 1156 771 1216 At
798 1175 872 1235 quae
897 1177 916 1220 c
939 1158 1055 1222 sotama

31 1241 159 1316 habent,
188 1239 350 1300 dummodo
366 1258 419 1318 per
441 1240 559 1300 eandem
583 1242 707 1301 litteram
733 1242 760 1299 in
783 1242 891 1302 infinito
915 1252 1029 1318 exeant,

31 1325 138 1385 brevia
154 1327 237 1383 liunt:
261 1326 341 1402 lepo,
365 1327 450 1397 dieo,
471 1344 581 1402 curro,
600 1326 718 1405 lepere,
741 1328 863 1403 dicere,
884 1347 1031 1396 crtrrere,·

32 1411 148 1468 etiamsi
177 1416 222 1467 est
250 1409 324 1485 apud
346 1407 484 1468 Lucilium
505 1407 608 1470 Ferait
634 1426 717 1487 aqua
744 1418 773 1470 et
797 1411 911 1488 fervet,
938 1412 1032 1490 fervit

31 1512 116 1554 nuuc
138 1493 237 1570 fervet
255 1494 299 1552 ad
318 1511 440 1556 annum.
476 1493 549 1567 Sed,
573 1512 646 1572 pace
672 1494 770 1553 dicere
792 1494 912 1554 bominis
935 1497 1054 1558 erudi-9

33 1577 138 1636 tissimi
156 1576 253 1650 liceat,
272 1577 296 1634 si
310 1576 403 1655 farcit
420 1586 500 1654 putat
517 1577 559 1636 illi
575 1579 668 1637 simile
685 1581 784 1640 currit
798 1589 827 1638 et
841 1582 930 1659 lepit:
943 1580 1030 1659 fervo

33 1660 113 1720 dicet
134 1669 164 1718 ut
185 1662 251 1738 lepo
267 1668 295 1718 et
314 1679 417 1735 curro,
438 1661 514 1740 quod
531 1662 614 1720 nobis
633 1663 785 1722 inauditum
808 1672 874 1722 est·
896 1664 955 1723 Sed
973 1682 1030 1722 non

34 1754 78 1803 est
100 1745 178 1804 baec
199 1762 268 1803 vera
288 1747 478 1822 comparatio;
501 1764 564 1804 nam
579 1746 672 1823 feroit
688 1756 732 1806 est
752 1746 794 1807 illi
811 1747 904 1807 simile
924 1750 1029 1822 serait,

33 1847 120 1906 quam
139 1830 357 1907 proportionem
379 1831 511 1907 sequenti
533 1830 632 1889 dicere
652 1848 776 1889 necesse
800 1840 844 1890 est
863 1832 979 1909 seruire
1001 1840 1030 1890 ut

33 1914 163 1977 servire.
195 1911 287 1972 Prima
307 1930 423 1991 quoque
445 1914 597 1993 aliquando
620 1915 726 1992 positio
748 1932 785 1974 ex
807 1913 930 1993 obliquis
951 1918 1072 1978 inre-10

33 1999 126 2073 nitur,
146 2006 178 2056 ut
198 2000 333 2057 memoria
352 2006 455 2075 repeto
478 2000 628 2057 convictos
649 2018 665 2057 a
684 2017 745 2073 me,
769 2001 817 2077 qui
835 1999 1029 2078 reprebende-

32 2091 112 2157 rant,
136 2082 214 2159 quod
236 2080 292 2139 hoc
311 2081 402 2140 verbo
422 2100 489 2140 usus
507 2100 617 2157 essem,
638 2084 763 2161 pepipi,·
783 2101 846 2142 nam
864 2084 895 2143 id
917 2084 1031 2161 quidem

34 2165 143 2225 dixisse
165 2182 288 2223 summos
309 2175 442 2225 auctores
465 2165 688 2241 confitebantur,
711 2170 850 2226 rationem
867 2177 960 2227 tamen
980 2186 1029 2226 ue-

33 2249 141 2325 gabaut
158 2251 335 2326 permittere,
353 2252 419 2327 quia
434 2252 523 2327 prima
538 2252 645 2327 positio
658 2254 815 2328 paciscor,
832 2271 895 2311 oum
910 2251 1030 2312 baberet

34 2342 165 2392 naturam
190 2333 333 2410 patiendi,
360 2334 471 2392 faceret
493 2343 624 2411 tempore
647 2338 804 2412 praeterito
824 2344 934 2412 pacatas
953 2356 1029 2399 aum.

7 2470 8 2477 ,
34 2414 93 2476 Nos
114 2426 233 2494 praeter
252 2419 451 2477 auctoritatem
469 2426 614 2477 oratorum
634 2429 720 2498 atque
741 2419 941 2480 historicorum
964 2439 1029 2479 ana·
1039 2428 1070 2479 11

35 2499 112 2578 logia
134 2517 250 2578 quoque
273 2501 377 2560 dictum
399 2501 455 2561 hoc
470 2501 628 2560 tuebamur.
665 2503 814 2563 Nemeum
835 2506 862 2563 iu
880 2502 933 2562 Xll
950 2504 1029 2563 tabu·

37 2583 68 2642 lis
85 2585 253 2661 legeremus
271 2588 304 2645 ηε·
323 2587 368 2646 itu
384 2596 521 2664 papum:
540 2586 754 2646 inveniebamus
776 2588 868 2648 simile
891 2586 957 2647 buic
978 2606 1030 2648 ca·

40 2669 122 2743 dant,
139 2668 205 2727 iude
220 2672 310 2746 prima
325 2672 443 2747 positio,
461 2672 570 2729 etiamsi
584 2679 729 2730 vetustate
746 2672 926 2746 exoleverat,
942 2689 1029 2749 appa-

39 2751 116 2811 rebat
134 2770 218 2830 puqo
238 2761 268 2810 ut
289 2755 385 2830 cudo,
406 2754 479 2813 unde
498 2770 555 2812 nou
577 2764 640 2813 erat
659 2754 772 2814 dubium
794 2758 836 2814 sic
856 2757 958 2833 pepipi
977 2771 1029 2813 nos

38 2834 133 2895 dicere
149 2844 179 2894 ut
194 2838 304 2897 cecidi.
337 2837 396 2897 Sed
411 2838 620 2897 meminerimus
635 2856 692 2897 nou
706 2857 760 2917 per
776 2841 868 2898 omnia
885 2840 949 2899 duci
964 2839 1070 2897 ana-12

37 2918 132 2996 logiae
158 2936 247 2998 posse
269 2922 423 2995 rationem,
454 2940 515 2981 cum
538 2930 566 2980 et
588 2921 643 2981 sibi
667 2925 730 3000 ipsa
757 2924 884 3002 plurimis
906 2924 934 2980 in
956 2924 1029 2982 locis

35 3013 188 3082 repugnet.
223 3004 369 3077 Quaedam
390 3008 452 3064 sine
474 3004 559 3065 dubio
576 3015 715 3065 conantur
736 3007 838 3066 eruditi
860 3005 1028 3082 defendere,

35 3098 81 3163 ut,
105 3105 170 3146 eum
191 3088 401 3165 deprehensum
418 3098 477 3164 est,
501 3090 588 3167 lepus
606 3099 635 3148 et
651 3092 741 3169 lupus
762 3091 863 3150 similia
885 3092 1029 3168 positione

35 3180 169 3249 quantum
182 3173 296 3231 casibus
311 3176 494 3251 numerisque
513 3174 696 3233 dissentiant:
716 3177 752 3234 ita
768 3175 955 3253 respondent,
973 3192 1029 3233 nou

35 3274 103 3314 esse
126 3258 222 3333 paria,
254 3259 319 3335 quia
344 3256 615 3336 lepua'epicoenon
637 3260 688 3332 sit,
717 3261 808 3337 lupus
828 3259 1027 3323 masculinum:

34 3357 195 3417 quanquam
208 3340 301 3400 Varro
318 3343 346 3400 iu
362 3358 397 3401 eo
414 3341 505 3415 libro,
529 3359 585 3419 quo
604 3344 683 3401 initia
694 3342 842 3419 Romanae
854 3342 932 3402 urbis
947 3360 1028 3402 enar·

34 3433 92 3499 rat,
115 3424 220 3502 lupum
237 3426 383 3503 feminam
403 3426 471 3485 dicit
492 3425 611 3484 Ennium
629 3425 830 3504 Pictoremque
844 3425 963 3486 Fabium
982 3443 1027 3483 se·

35 3517 128 3567 cutus.
160 3506 206 3566 Illi
220 3511 313 3569 autem
335 3510 435 3589 iidem,
459 3528 522 3569 cum
542 3512 772 3589 interrogantur,
795 3527 943 3653 cur3uper
957 3508 1029 3587 apri
1036 3513 1071 3570 13

75 3612 107 3650 u.
118 3613 143 3652 r.
157 3611 267 3660 curnam.
