2434 3925
158 180 217 243 128
470 195 507 242 ιι.
522 194 601 241 rso.
618 194 836 254 oomnmraru

155 358 236 423 ctos,
257 345 334 430 quod
357 349 385 407 in
405 366 475 407 aure
495 347 575 408 velut
596 347 720 426 quodam
736 347 881 407 vestibulo
901 349 995 423 statim
1017 349 1156 419 offendit3

156 432 259 493 deinde
276 433 353 510 quod
373 440 473 491 natura
494 431 622 491 ducimur
642 430 677 490 ad
698 431 809 490 modos.
850 431 953 509 Neque
972 433 1047 491 enim
1071 434 1157 493 aliter
1206 506 1207 513 ἵ

156 518 304 591 eveniret,
332 524 363 576 ut
386 514 429 574 iili
448 531 564 593 quoque
579 531 753 591 organorum
776 515 859 590 soni,
880 533 1042 593 quanquam
1064 517 1157 576 verba

155 617 213 660 nou
236 600 411 677 exprimunt,
437 598 465 656 io
485 598 559 658 aiios
583 606 678 657 tamen
699 606 787 677 atque
808 598 882 658 alios
903 608 996 658 motus
1013 599 1157 660 ducerent

115 684 323 749 llauditorem.
360 682 393 743 In
414 681 617 742 certaminibus
640 682 731 741 sacris
752 699 809 740 non
828 681 928 741 eadem
950 683 1065 741 ratione
1088 701 1155 743 con·

157 769 243 827 citant
258 768 367 827 animos
383 783 418 826 ac
432 767 589 833 remittunt;
605 781 663 824 non
675 765 794 824 eosdem
809 766 910 825 modos
922 765 1075 841 adhihent,
1094 785 1155 826 oum

154 850 290 911 bellicum
306 860 352 911 est
366 849 523 909 canendum
540 858 569 908 et
584 867 648 908 cum
659 850 755 927 posito
766 867 842 925 genu
858 850 1078 927 supplicandum
1097 861 1155 916 est:

155 953 211 994 nec
236 935 312 995 idem
333 935 480 1010 signorum
500 942 659 992 concentus
685 941 730 991 est
752 932 931 1010 procedente
953 932 988 992 ad
1010 935 1157 1010 proelium

115 1020 300 1094 ltexercitm
324 1016 400 1076 idem
423 1018 555 1095 receptui
577 1034 700 1075 carmen.
745 1016 1042 1092 Pythagoreiscerte
1065 1021 1157 1077 moris

155 1102 224 1178 tuit,
250 1110 280 1161 et
304 1120 368 1161 cum
388 1100 590 1177 evigilassem,
617 1102 727 1160 animos
748 1100 784 1160 ad
808 1100 897 1174 turam
921 1102 1066 1179 excitare,
1099 1118 1156 1179 quo

156 1195 255 1246 essent
269 1185 304 1245 ad
320 1185 462 1262 agendum
477 1187 653 1252 erectiores;
676 1192 705 1242 et
722 1202 785 1243 cum
803 1200 930 1242 somnum
949 1193 1102 1262 peterent,
1122 1185 1157 1244 ad

156 1270 275 1330 eandem
291 1270 370 1348 prius
393 1269 484 1328 lenire
501 1276 628 1344 meotes,
651 1276 698 1343 ιιι,
720 1269 745 1326 si
766 1267 833 1347 quid
847 1267 952 1327 fuisset
965 1267 1157 1327 turbidiorum

113 1367 148 1420 13
157 1354 379 1430 cogitationum,
396 1361 614 1429 componerent.
653 1351 763 1425 Quodsi
779 1353 904 1410 numeris
920 1369 954 1411 ac
969 1351 1062 1410 modis
1079 1354 1158 1411 inest

156 1436 295 1515 quaedam
316 1437 402 1495 tacita
418 1437 481 1495 vis:
506 1437 534 1494 io
557 1438 688 1495 oratione
705 1444 751 1494 est
769 1435 1034 1502 vehementissima;
1065 1453 1156 1514 quan·
1206 1466 1207 1487 ι

155 1530 270 1599 tumque
294 1520 429 1594 interest,
452 1537 554 1579 sensus
573 1519 649 1578 idem
670 1519 773 1597 quibus
793 1519 892 1578 verbis
913 1519 1068 1593 efferatur,
1093 1529 1156 1580 tan·
1206 1508 1207 1595 l

154 1613 223 1678 tum,
238 1601 327 1662 verba
340 1604 443 1663 eadem
455 1621 510 1681 qua
525 1604 735 1681 compositione
746 1603 795 1664 vel
806 1604 835 1662 in
845 1611 925 1662 textu
941 1604 1095 1679 iungantur
1105 1604 1154 1664 vel
1206 1602 1207 1615 l

153 1689 182 1747 io
197 1687 252 1746 hoe
268 1686 444 1746 claudantur.
487 1685 561 1746 Nam
577 1687 717 1764 quaedam
734 1695 764 1745 et
779 1688 927 1746 sententiis
939 1704 1027 1765 parva
1044 1695 1075 1746 et
1092 1687 1154 1746 elo-

112 1773 269 1835 ltcutione
284 1770 397 1831 modica
411 1773 501 1831 virtus
520 1770 594 1831 haec
612 1770 676 1830 sola
694 1771 884 1830 commendat.
923 1770 1056 1847 Denique
1076 1771 1156 1849 quod

155 1857 258 1933 cuique
266 1856 357 1915 visum
366 1857 420 1914 erit
431 1854 628 1930 vehementer,
638 1853 771 1930 dulciter,
784 1856 921 1934 speciose
931 1854 1047 1930 dictum,
1057 1855 1155 1915 solvat

154 1948 184 1999 et
198 1939 310 2000 turbet:
333 1938 435 2000 abierit
453 1940 543 1998 omnis
557 1940 619 2015 vis,
636 1938 812 2014 iucunditas,
829 1938 928 1998 decor.
958 1937 1052 1998 Solvit
1065 1956 1153 2018 quae·

153 2026 217 2086 dam
233 2041 284 2084 sua
300 2026 330 2083 in
345 2022 467 2083 Oratore
483 2021 605 2083 cicero:
621 2021 726 2101 Neque
736 2041 785 2083 'mc
798 2024 924 2084 dlollluc
937 2032 1078 2098 moceol,‘
1090 2026 1154 2102 qui·

153 2110 210 2169 bus
223 2126 325 2169 omnes
334 2104 500 2184 Africanos
514 2115 544 2168 et
557 2106 678 2169 Laelios
693 2106 779 2167 maht
791 2108 935 2170 occultati
952 2114 1154 2169 mercatores·

153 2208 212 2269 quc
225 2198 429 2269 superarunt,
453 2200 483 2250 et
504 2192 690 2269 insequentes
706 2190 844 2269 deinceps
860 2190 1013 2269 periodos;
1038 2209 1113 2269 quas
1130 2191 1154 2250 si

153 2275 189 2333 ad
206 2274 285 2333 illum
300 2274 413 2334 modum
428 2274 544 2334 turbes:
564 2275 645 2338 velut
659 2275 751 2335 fracta
768 2284 815 2345 aut
829 2284 994 2334 transversa
1009 2275 1069 2334 tela
1086 2293 1153 2353 pro·

113 2359 269 2417 laieoeris.
314 2357 392 2418 ldem
414 2360 549 2435 corrigit,
573 2377 648 2436 quae
674 2376 690 2418 a
712 2357 844 2419 Graccho
865 2360 1025 2437 composita
1053 2358 1153 2420 durius

153 2449 242 2519 putat.
266 2439 348 2510 Illum
363 2443 463 2509 decem
480 2459 533 2501 nos
548 2443 602 2502 hac
618 2460 713 2502 sumus
729 2442 899 2519 probatione
915 2443 1057 2516 contenti,
1074 2442 1155 2521 quod

153 2527 181 2584 in
203 2523 374 2598 scribendo,
405 2543 478 2602 quae
500 2526 639 2585 se1nobis
664 2526 803 2585 solutiora
824 2526 1006 2601 obtulerunt,
1032 2542 1153 2605 compo-

152 2610 254 2668 nimus.
303 2608 377 2681 Quid
399 2610 474 2667 enim
494 2612 593 2669 attinet
614 2628 713 2674 eorum
738 2611 870 2689 exempla
896 2628 1055 2687 quaerere,
1077 2628 1154 2688 quae

152 2692 207 2752 sibi
223 2693 344 2771 quisque
361 2694 489 2770 experiri
504 2691 622 2772 potest?
658 2693 732 2753 Illud
747 2703 865 2753 notasse
881 2696 950 2753 satis
965 2693 1075 2767 habeo,
1095 2711 1153 2771 quo

151 2777 317 2855 pulchriora
337 2785 367 2836 et
382 2794 470 2836 sensu
486 2787 516 2836 et
531 2778 697 2837 elocutione
713 2778 900 2851 dissolveris,
918 2778 974 2837 hoc
989 2779 1154 2837 orationem

152 2864 243 2937 magis
266 2860 424 2921 deformem
446 2861 529 2937 lore,
565 2864 631 2939 quia
655 2862 832 2939 negligentia
856 2861 1059 2921 collocationis
1089 2862 1154 2939 ipsa
1179 2883 1181 2889 ·

112 2944 305 3006 1overborum
328 2945 395 3005 luce
421 2945 654 3024 deprehenditur.
699 2946 799 3024 ltaque
821 2954 853 3004 ut
877 2946 1033 3020 confiteor,
1055 2962 1154 3023 paene

152 3027 276 3087 nltimam
292 3028 455 3088 oratoribus
476 3038 566 3092 artem
590 3031 823 3108 compositionis,
853 3047 927 3107 quae
949 3028 1082 3107 perfecta
1104 3031 1152 3102 sit,

152 3112 328 3188 contigisse:
350 3115 388 3172 ita
409 3112 466 3174 illis
489 3131 605 3193 quoque
628 3113 732 3192 priscis
755 3112 879 3172 habitam
900 3115 975 3172 inter
990 3130 1093 3187 curas,
1125 3114 1152 3170 in

152 3203 286 3272 quantum
301 3195 394 3255 adhuc
409 3197 612 3274 profecerant,
637 3206 717 3276 puto.
755 3196 858 3274 Neque
880 3198 955 3255 enim
970 3195 1036 3255 mihi
1052 3213 1151 3272 quam·

152 3277 223 3337 libet
245 3297 365 3356 magnus
395 3290 496 3340 auctor
520 3279 624 3340 Cicero
652 3282 846 3359 persuaserit,
871 3278 990 3355 Lysian,
1017 3278 1149 3338 Herodo-

112 3368 227 3436 litum,
252 3361 437 3436 Thucydiden
462 3382 560 3441 parum
581 3363 726 3424 studiosos
748 3366 810 3424 eius
831 3364 932 3423 fuisse.
972 3363 1066 3424 Genus
1090 3362 1150 3421 for-

152 3454 231 3507 tasse
255 3447 311 3507 sint
335 3447 427 3506 secuti
450 3464 507 3506 non
529 3448 620 3523 idem,
645 3447 722 3526 quod
740 3447 958 3507 Demosthenes
982 3455 1029 3505 aut
1048 3444 1147 3516 Plato;
