2434 3925
248 254 249 257 ,
293 215 546 267 ιιιει.·οιιιιοιι.
559 216 628 264 urs.
641 218 678 281 11,
690 212 732 293 rt.
1010 206 1051 268 93

54 390 126 452 gere
146 371 290 449 voluptati
310 372 407 431 velim.
445 370 636 431 Transeamus
655 373 742 449 igitur
762 375 798 436 ad
820 393 882 435 earn
905 376 1050 451 quaestio-

53 477 134 532 nem,
160 473 233 534 quae
255 458 402 555 sequitur,
429 473 465 514 an
483 455 633 516 rhetorice
654 474 715 515 ars
740 461 786 517 sit.
832 459 917 533 Quod
940 460 1078 536 quidem‘l
1183 512 1186 517 .

54 544 128 603 adeo
146 559 184 600 ex
198 539 259 615 his,
280 541 326 617 qui
346 549 504 617 praecepta
521 540 634 600 dicendi
657 541 849 619 tradiderunt,
871 560 954 602 nemo
970 543 1051 603 dubi·

54 628 140 700 tavit,
165 632 195 683 ut
218 625 303 683 etiam
323 625 394 701 ipsis
419 622 557 683 librorum
579 623 668 683 titulis
690 634 824 687 testatum
846 630 899 702 sit,
925 629 1074 705 scriptos

56 729 107 773 eos
124 712 166 770 de
188 716 257 769 orte
278 709 451 776 rhetorico;
474 695 578 767 Cicero
599 725 671 768 vero
693 712 793 787 etiam,
814 729 888 790 quae
903 712 1053 773 rhetorice

53 802 196 867 vocetur,
225 810 292 852 esse
313 792 511 869 ordfimoeom
532 794 733 871 eloquentiam
759 795 843 855 dicat.
889 794 973 868 Quod
995 812 1053 855 uon

56 887 190 941 oratores
207 886 314 936 tantum
328 871 523 951 vindicarunt,
545 886 576 935 ut
596 878 698 940 studiis
720 880 828 956 aliquid
849 880 910 938 suis
930 881 1052 956 praesti·

53 966 125 1025 tisse
149 961 314 1036 videantur,
338 960 390 1020 sed
412 978 475 1019 cum
495 960 539 1019 his
560 960 707 1039 philosphi
731 972 760 1022 et
776 964 873 1023 Stoici·
893 971 922 1022 et
936 963 1051 1040 Peripa·

53 1048 136 1109 tetici
154 1046 287 1124 plerique
308 1045 499 1104 consentiunt.
538 1044 584 1104 hc
601 1064 648 1105 me
669 1046 817 1107 dubitasse
840 1048 996 1121 confiteor,
1020 1058 1078 1110 an3

52 1133 129 1192 hanc
147 1138 258 1209 partem
280 1129 459 1206 quaestionis
478 1129 654 1189 tractandam
671 1139 814 1208 putarem;
836 1149 899 1191 nam
923 1133 986 1207 quis
1008 1142 1053 1190 est

53 1217 128 1277 adeo
146 1231 204 1275 uon
225 1213 260 1272 ab
279 1213 440 1272 eruditione
461 1213 547 1272 modo
569 1213 622 1272 sed
644 1232 761 1273 asensu
776 1226 904 1276 remotus
919 1215 1052 1288 hominis,

54 1310 83 1360 ut
99 1297 259 1359 fabricandi
280 1297 394 1374 quidem
408 1306 437 1356 et
454 1298 571 1357 texendi
589 1307 618 1356 et
633 1316 650 1356 e
665 1299 726 1358 luto
741 1318 811 1359 uasa
827 1299 948 1360 ducendi
963 1310 1053 1359 artem

53 1392 155 1464 putet,
184 1382 351 1441 rhetoricen
376 1391 486 1458 autem,
515 1384 666 1442 maximum
692 1400 727 1442 ac
756 1384 994 1461 pulcherrimum,
1023 1394 1053 1443 ut

54 1486 143 1568 supra
170 1468 309 1541 diximus,
339 1482 429 1544 opus,
455 1467 483 1525 in
509 1475 565 1525 tam
592 1465 714 1527 sublime
738 1468 883 1545 fastigium
908 1471 1054 1527 existimet

54 1554 117 1612 sine
134 1546 349 1610 antevenisse?
381 1548 522 1629 Equidem
535 1543 620 1626 illos,
644 1552 692 1629 qui
708 1562 809 1612 contra
826 1553 1053 1651 disputauerunt,
1063 1555 1080 1606 4

54 1645 185 1696 nontam
200 1634 229 1693 id
249 1637 392 1710 sensisse,
415 1635 492 1712 quod
508 1634 654 1710 dicerent,
677 1653 761 1713 quam
776 1654 918 1696 exercere
940 1638 1054 1713 ingenia

54 1722 193 1779 materiae
211 1718 380 1778 difficultate
405 1717 492 1778 credo
510 1719 657 1794 voluisse,
680 1722 755 1779 sicot
776 1720 967 1795 Polycraten,
990 1739 1054 1779 cum

53 1804 215 1864 Busiridem
236 1802 365 1863 laudaret
387 1810 417 1861 et
439 1799 696 1877 Clytaemnestram
704 1811 717 1869 ς’
734 1822 894 1881 quanquam
914 1806 954 1878 is,
977 1804 1054 1881 quod

52 1889 98 1949 his
117 1887 257 1947 dissimile
272 1904 329 1961 non
353 1895 413 1961 est,
436 1888 636 1965 composuisse
658 1889 833 1964 orationem,
857 1904 932 1964 quae
948 1897 992 1946 est
1005 1887 1053 1946 ha·

53 1974 113 2033 hita
133 1982 234 2032 eontra
251 1973 411 2045 Socraten,
430 1971 543 2031 dieitur,

142 2056 263 2129 Quidam
284 2055 489 2116 naturalem
512 2072 580 2114 esse
602 2053 768 2114 rhetoricen
789 2056 940 2118 voluntat
961 2063 1078 2115 tamen5

51 2142 185 2204 adiuvari
206 2142 415 2200 exercitatione
436 2156 493 2198 non
516 2139 690 2214 diffitentur,
708 2149 739 2199 ut
761 2141 789 2200 in
805 2138 1053 2200 libris00iceronis

52 2227 90 2288 de
106 2224 231 2284 Oratore
246 2224 314 2284 dicit
330 2224 487 2299 Antonius,
502 2224 744 2285 observationem
759 2225 900 2301 quandam
915 2243 983 2284 esse
998 2242 1055 2285 non

52 2320 156 2375 artem.
192 2308 277 2382 Quod
299 2326 357 2367 non
377 2309 460 2383 ideo,
482 2316 512 2368 ut
533 2325 588 2387 pro
608 2325 680 2368 vero
700 2310 890 2386 accipiamus,
912 2318 957 2368 est
978 2311 1080 2388 posi-6

53 2404 130 2461 tom;
153 2392 206 2452 sed
222 2402 252 2451 ut
267 2392 384 2451 Antonii
399 2409 525 2470 persona
540 2401 691 2467 servetur,
710 2395 758 2471 qui
774 2392 970 2453 dissimulator
986 2395 1054 2452 artis

55 2479 118 2539 hait.
156 2476 237 2537 hlano
250 2486 344 2536 autem
360 2478 523 2554 opinionem
537 2476 674 2536 habuisse
690 2476 790 2551 Lysias
805 2478 928 2537 videtur.
967 2475 1054 2535 Cuius

58 2564 219 2623 sententiae
234 2561 299 2620 talis
314 2559 445 2620 defensio
462 2569 516 2635 est,
533 2561 611 2638 quod
625 2560 732 2620 indocti
748 2570 777 2619 et
791 2560 906 2621 barbari
922 2570 951 2621 et
966 2563 1054 2635 servi,

59 2664 112 2725 pro
136 2664 168 2705 se
185 2663 248 2703 eum
263 2645 433 2721 loquuntur,
457 2644 564 2721 aliquid
584 2646 679 2704 dicant
695 2644 787 2704 simile
808 2648 968 2724 principio,
991 2662 1054 2703 uar-
1098 2700 1100 2705 ⁴

58 2739 140 2804 rent,
160 2728 301 2808 probent,
324 2729 466 2803 refutent,
489 2738 519 2787 et
539 2729 634 2807 (quod
655 2730 711 2787 vim
733 2728 836 2788 haheat
857 2729 982 2808 epilogi)
1005 2728 1054 2787 de-

57 2823 224 2893 precentur.
275 2813 387 2872 Deinde
413 2812 548 2872 adiieiunt
575 2812 640 2872 illas
664 2812 818 2872 verborum
846 2813 1081 2886 cavillationessl

56 2897 145 2974 nihil,
168 2895 246 2976 quod
261 2916 298 2956 ex
313 2907 376 2957 arte
391 2897 456 2973 dat,
476 2906 542 2957 ante
557 2907 648 2956 artem
660 2897 764 2964 luisse3
787 2899 865 2974 atqui
880 2895 988 2955 dixisse
1004 2896 1055 2955 ho-

55 2985 150 3042 mines
164 2998 219 3060 pro
238 3000 271 3041 se
287 2991 316 3041 et
332 2983 359 3040 in
375 2982 448 3041 alios
466 2999 598 3059 semper,
623 2981 760 3041 doctores
779 2983 848 3039 artis
867 2997 935 3039 sero
956 2981 1055 3040 iamet
1122 2976 1124 2987 ’

56 3068 139 3128 circa
159 3065 257 3126 Tisian
283 3074 312 3125 et
336 3063 448 3124 Coraca
469 3068 588 3143 primurn
608 3074 760 3143 repertos,
789 3066 949 3124 orationem
968 3066 1055 3142 igitur

54 3159 124 3211 ante
140 3159 231 3210 artem
246 3150 337 3209 fuisse
353 3167 448 3228 eoque
463 3158 553 3208 artem
568 3166 625 3207 non
641 3166 718 3208 esse.
746 3146 807 3207 Nos
824 3165 928 3226 porro,
943 3149 1081 3227 quando8

56 3236 192 3313 coeperit
206 3234 289 3293 huius
304 3235 347 3293 rei
362 3234 510 3308 doctrina,
526 3250 583 3292 non
598 3228 761 3292 laboramus
777 3234 948 3310 exquirere;
966 3251 1054 3310 quan-

54 3338 143 3399 quam
156 3317 233 3395 apod
246 3316 399 3377 Homerum
415 3326 444 3376 et
459 3325 680 3395 praeceptorem
691 3315 863 3376 Phoenicem
876 3335 938 3376 oum
950 3315 1053 3392 agendi

53 3413 115 3463 turn
137 3403 223 3462 etiam
238 3401 375 3479 loquendi
394 3410 423 3460 et
444 3410 576 3461 oratores
592 3400 691 3479 plures
706 3408 736 3458 et
756 3417 839 3460 omne
856 3403 883 3458 in
898 3400 988 3459 trihus
1003 3399 1053 3458 du-

57 3487 139 3548 eihus
166 3487 304 3546 orationis
329 3503 421 3563 genus
449 3493 478 3545 et
502 3486 657 3546 certamina
675 3500 796 3569 quoque
820 3484 970 3563 proposita
992 3481 1053 3542 elo·
