2434 3925
163 219 207 281 44
368 294 372 301 .
480 233 607 280 uase
621 231 841 292 ounuuunnsnn

166 386 342 463 siderentur,
361 385 632 465 deprehendatque,
650 404 724 465 quae
742 385 879 462 barbara,
897 405 971 466 quae
988 388 1166 467 impropria,

124 478 241 550 liquae
264 480 363 531 contra
379 471 462 548 leges
483 471 620 549 loquendi
641 474 696 530 sint
717 473 827 548 posita;
851 489 909 530 non
930 480 961 531 ut
981 490 1018 531 ex
1038 472 1084 532 bis
1106 476 1166 532 nti-

167 573 224 632 que
245 554 441 633 improbentur
465 565 587 633 poetae,
616 555 735 632 quibus,
765 556 831 632 quia
852 555 1024 633 plerumque
1046 558 1166 615 servire

165 647 258 699 metro
276 649 431 716 coguntur,
453 639 527 698 adeo
545 640 719 715 ignoscitur,
741 647 771 697 ot
790 640 858 698 vitia
878 642 942 717 ipsa
960 640 1024 699 aliis
1045 641 1074 699 in
1096 658 1165 699 car·

165 725 241 781 mine
251 722 493 801 appellationibus
505 725 694 782 nominentur.
717 720 933 799 Metuploamos
944 725 1018 782 enim
1034 733 1063 783 et
1073 725 1166 785 sebe·

165 809 320 868 metiemur
336 816 365 866 et
381 808 554 882 schemata,
574 815 605 865 ut
622 807 695 882 dixi,
717 824 872 882 vocamus,
897 816 926 866 et
942 807 1055 866 laudem
1069 808 1165 866 virtu·

166 892 202 949 tis
230 894 397 952 necessitati
421 891 534 959 damus;
565 890 618 949 sed
645 899 675 949 ut
703 898 884 950 commoneat
911 891 1102 951 artificialium
1133 900 1165 950 et

123 977 328 1035 15memoriam
345 978 444 1052 agitet.
477 974 509 1035 Id
527 992 643 1053 quoque
662 976 737 1033 inter
754 976 845 1052 prima
861 975 1020 1035 rudimenta
1039 991 1097 1033 non
1118 976 1164 1034 iu·

164 1060 235 1119 utile
256 1060 472 1134 demonstrare,
500 1067 570 1136 quot
591 1075 724 1136 quaeque
743 1057 835 1118 verba
856 1059 948 1118 modis
969 1058 1163 1135 intelligenda

84 1219 87 1224 ν
165 1145 229 1203 sint.
252 1142 351 1208 ,Circa
372 1144 548 1220 glossemata
568 1144 668 1218 etiam,
691 1143 719 1202 id
737 1151 781 1201 est
802 1159 893 1201 voces
915 1144 1005 1202 minus
1026 1145 1161 1216 usitatas,

122 1232 221 1287 16non
243 1227 341 1287 ultima
365 1229 426 1287 eius
449 1226 641 1305 professionis
663 1227 811 1303 diligentia
833 1235 888 1286 est.
921 1225 1077 1286 Enimvero
1103 1229 1162 1285 iam

164 1314 273 1371 maiore
296 1329 365 1371 cura
387 1311 492 1371 doceat
517 1320 759 1392 troposomnes,
787 1309 890 1388 quibus
914 1313 1072 1389 praecipue
1099 1327 1161 1368 non

165 1413 269 1474 poema
291 1396 376 1455 modo
398 1395 451 1455 sed
473 1396 557 1454 etiam
580 1397 672 1454 oratio
696 1404 827 1461 ornatum
855 1394 1002 1454 schemata
1023 1404 1160 1472 utraque,

164 1479 194 1539 id
216 1489 261 1539 est
281 1480 404 1556 figuras,
428 1497 560 1557 quaeque
582 1478 683 1553 λέξεως
703 1495 835 1556 quaeque
855 1479 985 1550 διανοίας
1005 1487 1159 1553 vocantur,

167 1581 287 1642 quorum
307 1580 363 1640 ego
379 1565 454 1623 sicut
471 1572 620 1641 troporum
638 1572 789 1623 tractatum
800 1565 828 1622 in
844 1582 909 1622 eum
926 1563 1023 1623 iocum
1044 1562 1159 1634 differo,

124 1654 157 1711 17
167 1666 224 1726 quo
241 1647 308 1707 mihi
325 1649 361 1708 de
379 1657 480 1707 ornatu
497 1649 635 1706 orationis
652 1647 802 1707 dicendum
819 1650 881 1706 erit.
910 1646 1070 1724 Pnaecipue
1087 1663 1160 1705 vero

167 1733 217 1792 illa
238 1732 337 1809 infigat
352 1733 470 1807 animis,
493 1734 617 1810 quaein
639 1732 810 1791 oeconomia
831 1733 938 1807 virtus,
962 1748 1036 1808 quae
1058 1732 1087 1789 in
1108 1730 1160 1789 de·

167 1834 238 1876 core
254 1834 366 1891 rerum,
390 1816 457 1893 quid
471 1831 617 1895 personae
633 1818 738 1893 cuique
758 1817 940 1890 convenerit,
964 1815 1030 1891 quid
1049 1816 1077 1873 in
1094 1832 1159 1872 sen-

166 1900 245 1960 sibus
263 1900 449 1977 laudandum,
475 1901 542 1980 quid
558 1902 587 1961 in
602 1900 717 1977 verbis,
739 1898 787 1957 ubi
807 1901 892 1979 copia
910 1897 1088 1979 probabilis,
1111 1897 1161 1957 ubi

167 1986 278 2047 modus.

127 2073 162 2128 18
251 2071 302 2130 His
319 2070 432 2130 accedit
446 2068 589 2129 enarratio
612 2068 809 2143 historiarum,
833 2067 956 2146 diligens
974 2067 1089 2145 quidem
1109 2068 1159 2128 illa

167 2172 224 2215 non
244 2163 340 2214 tamen
357 2172 449 2231 usque
467 2153 502 2213 ad
521 2170 732 2230 supervacuum
754 2151 884 2212 laborem
904 2160 1056 2229 occupata.
1087 2151 1159 2211 Nam

166 2247 302 2317 receptas
323 2246 372 2297 aut
393 2246 474 2297 certe
496 2237 582 2296 claris
604 2236 770 2295 auctoribus
794 2246 966 2296 memoratas
984 2238 1158 2313 exposuisse

167 2324 238 2383 satis
262 2329 316 2381 est.
350 2320 488 2399 Persequi
508 2321 633 2397 quidem,
657 2321 724 2398 qnid
743 2321 865 2399 quisque
882 2337 1006 2399 unquam
1023 2319 1072 2379 vel
1090 2336 1157 2379 cou-

167 2407 420 2484 temptissimorum
444 2406 586 2465 hominum
607 2405 729 2480 dixerit,
759 2412 806 2464 aut
827 2406 931 2464 nimiae
953 2405 1089 2462 miseriae
1111 2412 1158 2463 aut

167 2493 258 2551 inanis
285 2491 441 2549 iactantiae
465 2497 511 2548 est
540 2497 569 2548 et
595 2488 705 2548 detinet
727 2497 814 2566 atque
842 2487 938 2548 obruit
962 2488 1078 2564 ingenia
1099 2505 1157 2546 me·

126 2573 222 2636 l9lius
244 2574 306 2634 aiiis
324 2581 471 2633 vacatura.
504 2571 575 2632 Nam
595 2573 643 2650 qui
661 2589 760 2632 omnes
780 2573 865 2632 etiam
884 2573 1013 2648 indignas
1031 2572 1158 2631 lectione

166 2659 262 2733 scidas
285 2659 409 2733 excutit,
433 2657 554 2718 anilibus
581 2673 697 2735 quoque
718 2657 823 2716 fabulis
846 2656 1066 2716 accommodare
1088 2673 1157 2733 ope·

151 2762 226 2821 ,ram
248 2750 354 2820 potest.
382 2741 470 2819 Atqui
492 2741 570 2820 pieni
591 2750 657 2800 sunt
677 2741 817 2800 eiusmodi
834 2741 1044 2817 impedimentis
1065 2758 1157 2817 gram·

166 2828 334 2887 maticorum
362 2826 574 2900 commentarii,
601 2827 652 2884 vix
673 2827 745 2903 ipsis
768 2825 815 2902 qui
841 2833 1066 2902 composuerunt
1088 2825 1158 2883 satis

124 2912 235 2970 boeoti.
276 2909 348 2970 Nam
373 2909 515 2986 Didymo,
544 2926 601 2986 quo
630 2926 714 2968 nemo
743 2910 825 2987 plura
854 2910 986 2986 scripsit,
1015 2908 1158 2967 accidisse

166 3003 345 3072 compertum
367 3002 427 3069 est,
455 3003 500 3069 ut,
523 3012 587 3053 oum
608 2993 747 3053 historiae
775 2992 887 3052 cuidam
911 3002 1046 3071 tauquam
1067 3008 1158 3051 vanae

165 3087 356 3156 repugnaret,
386 3079 477 3155 ipsius
499 3079 681 3156 proferretur
703 3077 794 3152 liber,
822 3079 870 3155 qui
892 3095 956 3135 eam
982 3074 1156 3136 continebat.

122 3163 157 3220 al
166 3161 250 3236 Quod
263 3164 357 3230 euenit
369 3164 526 3240 praecipue
541 3164 569 3221 in
581 3161 721 3221 fabulosis
735 3179 828 3238 usquc
840 3162 875 3221 ad
887 3161 1057 3229 deridicula,
1070 3162 1157 3237 'quae

167 3247 232 3307 dam
254 3249 339 3307 etiam
366 3246 512 3324 pudenda;
542 3247 617 3306 unde
643 3246 855 3324 improbissimo
886 3247 989 3323 cuique
1016 3243 1157 3323 pleraque

165 3331 290 3408 tingendi
311 3332 427 3391 licentia
451 3339 511 3405 est,
535 3331 609 3390 adeo
635 3338 665 3389 ut
687 3331 724 3390 de
746 3329 825 3389 libris
843 3331 912 3389 totis
932 3338 962 3388 et
980 3326 1156 3402 auctoribus,

164 3424 196 3474 ut
223 3416 381 3490 succurrit,
410 3416 580 3474 mentiantur
604 3422 682 3487 tuto,
711 3415 776 3491 quia
798 3415 919 3473 inveniri
946 3415 993 3490 qui
1016 3427 1158 3489 nunquam

165 3500 247 3561 inere
268 3517 325 3560 oon
352 3506 484 3578 possunt.
524 3496 596 3558 Nam
619 3498 649 3557 in
669 3497 830 3558 notioribus
853 3497 1087 3575 frequentissime
1107 3494 1156 3556 de·
