2434 3925
348 263 759 332 msn.0nsnon.nrs.1‚o.
1013 254 1052 317 37

51 422 141 485 libris
165 423 311 502 complexi
333 432 413 496 sunt,
440 422 552 481 nomina
574 439 626 481 sua
648 423 703 500 ipsi
724 424 944 501 inscripserunt;
971 428 1051 503 inge·

3 567 4 572 ,
50 510 201 585 nioseque
224 510 304 566 visus
333 516 379 565 est
403 506 508 566 Gavius
528 507 659 568 coelibes
687 506 784 566 dicere
806 508 895 567 veluti
920 511 1050 583 coelites,

51 590 136 669 quod
151 608 242 656 onere
254 592 424 668 gravissimo
436 598 549 663 vacent,
565 589 651 667 idque
664 590 775 650 Gracco
788 602 955 668 argumento
970 595 1050 668 iuvit,

48 673 181 753 ἠϊθέους
202 677 276 735 eninr
302 675 401 734 eadem
424 674 460 733 de
482 690 568 733 causa
592 674 648 733 dici
671 674 800 734 ailirmat.
840 674 902 736 Nec
926 678 952 736 ei
976 679 1051 737 cedit

50 759 209 819 Modestus
223 760 403 833 inventione,
420 759 580 835 nam,·qnia
594 756 682 819 Coelo
696 760 834 824 Saturnus
850 762 986 836 genitalia
1002 761 1050 821 ab·

51 844 196 919 eciderit,
221 842 278 903 hoc
299 845 412 902 nomine
437 842 618 919 appellatos,
647 844 694 919 qui
719 859 811 902 uxore
839 853 971 918 careant,
1000 849 1049 905 ait.

50 927 160 986 Aelius
178 929 336 1006 pituitam,
358 927 423 1005 quia
436 933 521 1003 petat
538 928 641 990 vitane
678 927 736 986 Sed
759 929 804 985 cui
823 944 879 986 non
900 939 967 1006 post
980 930 1091 992 Ver-37

51 1029 158 1071 ronem
180 1013 217 1070 sit
233 1012 333 1085 venia,
357 1012 405 1088 qui
420 1025 545 1089 aprum,
568 1013 634 1087 quia
646 1012 674 1069 in
690 1028 726 1069 eo
748 1021 861 1088 upotur
875 1012 996 1090 aliquid,
1021 1022 1050 1073 et

49 1095 218 1171 proculus,
247 1097 313 1172 quia
331 1096 483 1173 prepotens
504 1093 619 1168 volent,
647 1095 740 1153 dictos
761 1095 853 1154 voluit
873 1096 1050 1173 persuadere

52 1176 195 1239 Ciceroni
214 1180 265 1257 (ad
284 1197 348 1238 eum
365 1181 439 1239 enim
458 1177 590 1257 scribit),
611 1196 674 1237 oum
691 1179 811 1239 alterum
831 1197 868 1239 ex
884 1179 995 1239 Graeco
1013 1184 1050 1240 sit

50 1263 238 1323 manifestum
259 1261 323 1323 duci
344 1263 465 1323 alterum
487 1281 524 1321 ex
543 1261 664 1322 vocibus
686 1260 797 1322 avium?
828 1264 886 1324 Sed
905 1265 962 1323 boc
981 1267 1092 1329 tanti38

51 1346 109 1407 luit
130 1356 265 1421 vertere,
287 1355 319 1405 ut
340 1349 477 1421 merulo,
499 1348 564 1430 quia
589 1346 653 1405 sola
675 1346 770 1422 volat,
791 1350 872 1425 quasi
892 1368 979 1410 mero
996 1369 1050 1411 ao-

53 1432 129 1493 lans
151 1432 355 1490 nominaretur.
404 1431 524 1505 Quidam
549 1448 606 1489 non
634 1430 833 1493 dubitaverunt
855 1433 1050 1511 etymologiae

52 1515 204 1575 subiicere
220 1532 333 1574 ornnem
350 1517 470 1574 nominis
488 1533 617 1575 causam:
634 1524 664 1573 ut
681 1534 718 1574 ex
735 1514 848 1590 habitu,
867 1519 1049 1596 quemadmo-

53 1598 121 1657 dum
146 1600 220 1673 dixi,
248 1597 370 1677 Lonpus
393 1609 423 1659 et
444 1598 558 1678 Rufus,
589 1618 627 1658 ex
648 1616 721 1659 sono
742 1607 885 1679 stertere,
914 1621 1048 1663 murana

52 1701 151 1750 rare,·
173 1685 258 1742 etiarn
276 1684 415 1758 derivata,
436 1692 467 1743 ut
484 1685 672 1745 auelocitote
690 1684 792 1743 dicitnr
804 1686 902 1761 velox,
923 1695 953 1744 et
972 1703 1048 1745 eom-

52 1768 152 1844 posita
166 1766 308 1844 pluraque
325 1767 368 1828 bis
386 1768 498 1843 similia,
518 1785 592 1844 quae
606 1769 667 1826 sine
684 1766 769 1826 dubio
783 1768 897 1829 aliunde
909 1772 1049 1847 originem

53 1850 164 1910 ducunt
181 1850 234 1909 sed
252 1859 313 1911 arte
331 1869 389 1911 non
408 1861 510 1928 egent,
530 1852 609 1911 cuius
627 1853 655 1909 in
671 1850 728 1910 boc
742 1868 832 1929 opere
849 1870 906 1911 non
924 1863 969 1913 est
980 1873 1048 1914 usus

54 1934 110 1994 nisi
131 1933 159 1992 in
182 1933 283 1995 dubiis.
505 1935 507 1938 ’

140 2018 237 2078 Verba
258 2037 274 2079 a
289 2027 477 2078 vetustate
495 2019 618 2096 repetita
638 2036 694 2077 non
711 2020 803 2080 solnm
816 2037 936 2097 magnos
954 2032 1089 2086 asser-39
1142 2052 1143 2055 ¹

51 2111 138 2161 tores
155 2101 260 2162 habent
281 2102 334 2162 sed
352 2105 437 2163 etiam
454 2103 575 2165 alleruut
592 2105 714 2162 orationi
731 2107 907 2164 maiestatem
925 2104 1048 2182 aliquam

52 2203 113 2245 non
137 2187 199 2245 siue
220 2186 429 2254 delectatione;
453 2205 516 2246 nam
538 2196 567 2245 et
588 2190 787 2247 auctoritatem
808 2190 980 2265 antiquitatis
998 2189 1047 2249 ha·

52 2270 126 2329 bent
144 2279 188 2345 et,
212 2272 277 2347 quia
294 2273 454 2330 intermissa
475 2280 555 2347 sunt,
577 2273 697 2347 gratiam
716 2275 834 2331 novitati
854 2272 974 2332 similem
997 2292 1047 2351 pa·

51 2362 128 2413 rant.
161 2354 219 2414 Sed
236 2371 309 2432 opus
328 2363 372 2413 est
389 2355 491 2430 modo,
514 2363 545 2413 ut
559 2372 654 2432 neque
672 2355 774 2415 crebra
792 2359 846 2416 sint
863 2357 936 2417 haec
953 2368 1090 2437 nequeat)

52 2437 216 2512 manifesta,
233 2440 300 2516 quia
317 2438 387 2498 nihil
406 2447 452 2497 est
468 2440 596 2499 odiosius
614 2439 806 2515 affectatione,
824 2459 879 2500 nec
896 2444 994 2519 utique
1011 2441 1047 2501 ab

52 2523 162 2581 ultimis
184 2530 213 2581 et
233 2524 287 2581 iam
309 2522 481 2582 oblitteratis
504 2525 627 2601 repetita
649 2524 841 2601 temporibus,
866 2525 960 2602 qualia
983 2534 1048 2585 sunt

53 2615 162 2684 topper
183 2614 212 2665 et
227 2608 382 2685 anteperio
403 2616 433 2666 et
454 2609 624 2669 exauctare
645 2617 674 2666 et
691 2610 841 2686 prosapia
860 2617 890 2667 et
905 2610 1047 2669 Saliorum

53 2692 181 2749 earmina
201 2692 251 2749 vix
268 2690 469 2751 sacerdotibus
486 2694 545 2751 suis
562 2692 632 2750 satis
648 2693 805 2752 intellecta.
837 2693 895 2752 Sed
916 2693 965 2752 illa
987 2712 1045 2752 mu·
1053 2702 1087 2758 41

53 2776 107 2832 tari
130 2781 210 2833 vetat
231 2773 336 2851 religio
360 2784 389 2834 et
412 2777 590 2835 consecratis
612 2775 746 2835 utendum
768 2785 827 2843 est;
850 2779 942 2836 oratio
962 2794 1046 2851 vero,

54 2859 137 2916 ouius
166 2875 273 2918 summa
293 2860 384 2917 virtus
412 2867 457 2918 est
477 2860 686 2941 perspicuitas,
714 2878 796 2937 quam
818 2861 854 2919 sit
875 2864 994 2935 vitiosa,
1022 2862 1046 2920 si

52 2948 142 3017 egeat
161 2943 330 3019 interprete.
366 2941 463 3019 Ergo,
485 2952 516 3003 ut
537 2959 677 3002 novorum
696 2947 801 3023 optima
823 2954 905 3004 erunt
926 2946 1047 3005 manime

51 3033 172 3100 vetera,
194 3028 233 3085 ita
254 3035 384 3086 veterum
405 3027 526 3086 maxime
546 3044 631 3086 nova.

139 3109 245 3169 Similis
265 3112 343 3169 circa
363 3114 625 3170 auctoritatem
646 3112 730 3170 ratio.
769 3110 840 3171 Nam
862 3111 972 3171 etiarnsi
994 3122 1087 3191 pola

53 3199 111 3251 test
125 3193 217 3252 videri
235 3193 305 3253 nibil
325 3211 465 3272 peccare,
488 3198 536 3272 qui
554 3197 640 3253 utitur
655 3194 699 3254 bis
720 3194 834 3271 verbis,
855 3214 929 3273 quae
946 3198 1045 3256 summi

53 3285 190 3336 auctores
207 3277 398 3351 tradiderunt,
420 3278 537 3337 multum
553 3286 646 3337 tamen
667 3279 758 3338 reiert
774 3295 831 3338 non
849 3280 956 3356 solum,
977 3280 1045 3358 quid

53 3360 178 3420 dixerint
206 3361 258 3421 sed
280 3363 364 3421 etiam
386 3362 453 3438 quid
474 3364 681 3441 persuaserint.
720 3361 822 3442 Neque
845 3366 919 3423 enim
938 3366 1044 3426 tubrer·

53 3444 281 3506 obinubuodum
305 3454 334 3504 et
356 3446 633 3507 lurchinabundum
659 3447 763 3506 iamin
789 3447 870 3507 nobis
897 3450 1045 3526 quisquam

52 3527 145 3606 ierat,
168 3527 238 3588 licet
256 3526 327 3590 Cato
347 3531 384 3589 sit
400 3539 517 3607 auctor,
539 3547 594 3590 neo
614 3531 669 3592 bos
686 3531 816 3608 lodices,
840 3549 998 3608 quanquam
1015 3529 1044 3591 id
