2434 3925
332 190 423 238 rursu.
445 188 594 240 cennos.
618 191 687 240 nne.
700 192 754 259 x1,
769 189 798 244 e.
984 181 1045 244 225

20 366 97 412 sex
117 354 218 425 partes
233 344 354 420 babeat,
376 346 515 423 septimus
536 347 573 405 sit
591 346 661 422 ille,
683 349 731 425 qui
746 349 775 407 in
790 368 823 409 se
838 348 929 428 redit,
951 350 1044 421 orbis;

18 434 153 496 vitiosa
168 438 214 489 est
225 448 280 489 una
296 431 511 489 circumversio.
541 429 658 508 Reliqui
673 440 739 491 ante
755 449 808 492 nos
824 441 853 492 et
868 433 970 495 dextra
986 435 1045 495 lae·

21 533 144 597 vaque
162 522 191 574 et
209 532 321 574 sursum
335 523 364 573 et
379 513 514 573 deorsum
529 514 636 591 aliquid
651 516 820 586 ostendunt;
838 518 867 575 in
881 522 1047 595 posteriora

20 610 151 683 gestus
162 617 220 657 non
231 598 370 674 dirigitur.
399 596 517 657 Interim
528 607 622 657 tamen
633 598 714 659 velut
725 601 807 669 reiici
818 599 905 660 solet.
931 600 1045 680 Optime
1053 619 1105 673 106

23 696 144 750 autem
158 700 258 743 manus
275 682 420 742 asinistra
435 691 518 760 parte
533 682 650 761 incipit,
667 683 696 742 in
712 684 814 745 dextra
830 684 963 761 deponit,
991 687 1046 747 sed
1102 688 1105 694 “

21 781 61 833 ut
89 784 211 848 ponere
232 783 290 826 non
309 775 340 825 ut
361 764 450 825 ferire
467 766 611 834 videntum
636 785 798 847 quanquam
821 775 851 827 et
876 770 904 827 in
927 769 983 828 line
1004 772 1045 828 in-

25 854 131 918 terim
151 851 243 927 cadit,
262 859 291 909 ut
306 851 364 909 cito
380 858 476 911 tamen
490 850 606 926 redeat,
628 859 658 910 et
674 868 875 931 nonnunquam
889 853 983 915 resilit
997 853 1046 913 vel

22 933 221 1017 negantibus
235 933 319 994 nobis
333 933 383 994 vel
401 934 614 994 admirantibus.

126 1017 187 1079 llic
206 1026 325 1078 veteres
344 1019 471 1078 artifices
492 1018 562 1079 illud
583 1027 666 1079 recte
688 1018 871 1096 adiecerunt,
894 1029 925 1081 ut
947 1040 1046 1083 manus

26 1125 104 1171 curn
129 1121 223 1164 sensu
248 1110 277 1162 et
299 1104 443 1180 inciperet
464 1110 494 1162 et
519 1103 726 1181 deponeretur.
764 1104 882 1183 Alioqui
902 1107 977 1179 enim
999 1116 1047 1167 aut

25 1202 106 1255 ante
122 1204 235 1248 vocem
250 1187 303 1245 erit
319 1196 421 1263 gestus
437 1194 486 1246 aut
503 1194 571 1264 post
589 1204 710 1263 vocem,
732 1188 810 1266 quod
830 1197 876 1249 est
896 1198 1048 1269 utrumque

26 1276 189 1340 deforme.
225 1270 257 1331 ln
274 1270 418 1348 illo-lapsi
433 1272 518 1329 nimia
534 1269 690 1331 subtilitate
706 1280 787 1349 sunt,
813 1274 890 1352 quod
910 1276 1106 1343 interval-107

26 1363 96 1424 lum
111 1363 216 1419 motus
230 1356 284 1414 tria
298 1353 389 1414 verba
404 1372 472 1414 esse
487 1353 655 1423 voluerunt;
672 1356 749 1433 quod
764 1375 860 1436 neque
877 1358 1049 1419 observatur

27 1460 138 1523 neque
156 1438 224 1500 lieri
240 1447 355 1516 potest,
379 1438 431 1498 sed
446 1438 489 1498 illi
505 1440 587 1517 quasi
601 1458 765 1500 mensuram
780 1442 921 1502 tarditatis
944 1443 1048 1503 celeri-

27 1531 171 1605 tatisque
188 1521 314 1600 aliquam
329 1539 397 1581 esse
408 1522 579 1598 voluerunt,
595 1542 691 1602 neque
708 1526 866 1602 immerito,
883 1545 919 1586 ne
938 1536 986 1587 aut
1001 1527 1047 1587 diu

31 1615 136 1676 otiosa
155 1615 241 1667 esset
255 1624 354 1665 manus
371 1613 437 1682 aut,
459 1607 538 1684 quod
553 1607 770 1684 multifaciant,
794 1613 937 1670 actionem
957 1613 1047 1671 conti·

29 1714 92 1760 nuo
111 1701 201 1755 motu
224 1689 402 1749 concideret.
434 1689 521 1750 Aliud
543 1700 602 1767 est,
625 1693 703 1770 quod
722 1702 752 1752 et
769 1694 799 1752 lit
821 1693 1000 1771 frequentius
1019 1705 1048 1754 et
1057 1708 1107 1760 108

31 1782 131 1859 magis
150 1773 239 1837 lallit.
262 1774 334 1833 Sunt
349 1772 488 1851 quaedam
501 1773 625 1855 latentes
640 1778 783 1836 sermonis
800 1780 1006 1855 percussiones
1019 1789 1048 1838 et

33 1865 123 1947 qnasi
143 1860 239 1937 aliqui
255 1858 363 1936 pedes,
385 1857 421 1918 ad
438 1875 511 1935 quos
527 1859 714 1937 plurimorum
729 1870 830 1937 gestus
848 1861 939 1938 cadit,
964 1871 994 1921 ut
1011 1864 1048 1920 sit

31 1968 112 2014 unns
138 1952 242 2006 motus
262 1939 380 2004 Novom
404 1944 534 2018 crimen,
566 1943 641 2005 alter
663 1941 696 2006 C.
720 1942 856 2023 Coenon,
884 1947 986 2006 tertius
1009 1942 1050 2008 Et

31 2043 111 2098 ante
123 2032 213 2093 banc
229 2028 330 2104 diem,
346 2036 464 2105 quartus
478 2026 547 2089 Non
561 2031 715 2105 nuditum,
738 2029 842 2089 deinde
857 2028 1050 2110 Propinquus

25 2137 144 2192 meus,
168 2123 200 2174 et
215 2108 268 2173 Ad
282 2119 327 2188 te,
350 2120 380 2171 et
396 2108 525 2184 Quintum
550 2111 686 2190 Tubero,
710 2122 739 2172 et
754 2112 879 2176 Detulit.
919 2114 1002 2174 Unde
1021 2115 1108 2179 idroo

34 2191 159 2282 quoque
176 2196 367 2269 lluitvitium,
392 2204 422 2255 ut
436 2197 574 2273 iuvenes,
594 2215 656 2257 cum
672 2196 815 2273 scribunt,
836 2208 949 2276 gestum
965 2216 1048 2277 prae·

31 2284 180 2347 modulati
198 2280 380 2356 cogitatione
398 2280 442 2338 sic
459 2289 648 2358 componant,
668 2281 813 2360 quomodo
832 2300 933 2343 casura
950 2300 1050 2343 manus

35 2379 93 2432 est.
124 2367 200 2429 lnde
222 2373 254 2424 et
275 2362 346 2423 illud
362 2364 477 2439 vitium,
498 2373 529 2423 ut
542 2374 661 2441 gestus,
685 2367 776 2443 quiin
793 2366 850 2426 line
865 2367 968 2427 dexter
983 2385 1050 2427 esse

36 2454 153 2528 debet,
175 2452 206 2510 in
227 2448 376 2507 sinistrum
397 2447 567 2525 frequenter
587 2449 709 2509 desinat.
741 2447 853 2509 blelius.
870 2451 958 2526 illud,
986 2463 1109 2513 cumllo

38 2539 143 2596 sintin
159 2549 299 2594 sermone
320 2533 396 2590 omni
412 2529 513 2591 brevia
529 2532 670 2610 quaedam
690 2532 836 2611 membra,
857 2535 892 2595 ad
909 2553 1001 2614 qnae,
1025 2537 1049 2593 si

38 2637 171 2679 necesse
188 2619 244 2692 sit,
263 2616 399 2692 recipere
414 2617 545 2693 spiritum
561 2615 665 2693 liceat,
681 2618 717 2678 ad
734 2618 808 2678 baec
822 2628 937 2696 gestum
952 2619 1049 2696 dispo-

40 2720 131 2761 nere:
161 2710 194 2760 nt
215 2708 286 2778 puta
306 2696 425 2760 Nonum
448 2701 581 2777 emmens,
609 2698 642 2762 0.
667 2702 805 2779 wacon,
831 2701 920 2763 babet
942 2719 996 2780 per
1018 2719 1050 2760 se

42 2786 132 2844 linem
152 2784 300 2862 quendam
319 2800 419 2858 snum,
444 2785 510 2861 quia
531 2786 661 2862 sequitur
683 2788 861 2853 coniunctio;
885 2785 989 2847 deinde
1014 2782 1051 2845 Et

42 2875 117 2929 onte
137 2867 221 2928 itanc
236 2868 318 2928 diem
331 2886 393 2929 non
409 2869 550 2929 nuditum
565 2871 636 2928 satis
651 2871 898 2948 circumscriptum
914 2877 969 2928 est.
1005 2868 1051 2928 nd

4 2945 5 2950 ’
43 2951 122 3010 haec
137 2952 384 3013 accommodanda
396 2969 495 3011 manns
511 2961 566 3028 est,
582 2953 670 3030 idque
680 2953 744 3013 dum
761 2955 815 3013 erit
826 2955 917 3031 prima
934 2962 963 3011 et
976 2970 1052 3013 oom-

44 3034 145 3116 posita
166 3034 256 3092 actio.
292 3033 332 3094 At
353 3035 402 3096 ubi
424 3054 488 3096 eam
510 3037 591 3097 calor
612 3038 816 3097 concitaverit:
842 3037 926 3096 etiam
949 3046 1108 3113 gestuslll

48 3115 201 3193 cumipse
224 3119 363 3178 orationis
385 3119 539 3180 celeritate
561 3120 740 3182 crebrescet.
778 3119 852 3180 Aliis
869 3120 943 3178 locis
965 3121 1051 3180 citata

47 3199 113 3260 aliis
130 3216 236 3276 pressa
255 3204 408 3263 conveniet
423 3206 625 3282 pronuntiatio.
657 3203 711 3263 llla
725 3206 964 3280 transcurrimus,
981 3222 1049 3263 con-

4 3357 5 3360 *
48 3282 198 3358 gerimus,
223 3282 407 3355 festinamus3
431 3287 486 3348 bac
500 3288 654 3363 instamus,
678 3287 873 3364 inculcamus,
897 3288 1049 3364 infigimus.

46 3365 117 3428 Plus
130 3373 227 3424 autern
244 3367 366 3428 allectus
377 3370 484 3432 babent
495 3372 633 3439 lentiora;
649 3371 774 3449 ideoque
786 3372 910 3434 Roscius
926 3373 1049 3446 citatior,

49 3449 190 3525 Aesopus
215 3451 334 3526 gravior
356 3453 426 3531 luit,
454 3457 531 3534 qued
554 3457 605 3516 ille
627 3455 796 3516 comoedias
815 3456 864 3517 bio
883 3455 1050 3532 tragoedias

91 3541 334 3600 nn.r.nu1nrrn.ll.
862 3538 900 3599 15
