2434 3925
347 204 439 254 rusr.
452 205 602 257 carros.
615 206 684 254 crs.
697 207 749 274 ιιι,
762 206 788 258 ι.
1024 194 1083 255 195

81 380 189 443 raquo,
215 377 290 440 quae
315 367 415 420 natura
438 376 495 419 nou
517 369 582 420 sunt
600 360 841 440 reprehendenda
863 371 949 442 atque
971 364 1083 422 interim

81 458 149 509 sunt
161 444 345 519 necessaria,
361 443 430 503 alibi
446 460 530 521 quarn
546 461 608 504 mos
626 447 789 524 permiserit
806 450 899 525 turpia
914 446 1082 507 habeantur.

80 532 157 595 Illud
172 533 226 591 iam
242 528 386 603 diximus,
407 534 513 606 quanto
535 529 601 607 plus
624 531 725 588 nitoris
747 539 776 588 et
797 530 889 589 cultus
906 531 1126 594 demonstra-48

82 618 159 676 tiras
181 615 336 688 materiae,
359 619 391 672 ut
413 612 449 671 ad
466 611 687 672 delectationem
705 613 876 673 audientium
892 617 1082 691 compositae,
1210 622 1211 627 ’

83 718 178 779 quam,
197 715 272 776 quae
289 705 355 756 sunt
370 697 399 757 iu
413 705 480 757 actu
498 705 528 756 et
543 699 739 774 contentione,
755 699 905 758 suasoriae
920 698 1084 758 iudiciales·

83 802 140 862 que
157 783 331 863 permittant.
726 788 727 791 ’

167 866 232 926 Ηοο
247 864 340 925 adbuc
354 863 560 940 adiiciendum,
576 863 688 943 aliquas
705 867 805 940 etiarn,
829 883 903 944 quae
919 873 984 924 suut
1000 882 1084 941 egre·

7 1018 8 1023 γ
82 953 150 1029 giae
165 950 280 1011 dicendi
293 950 426 1022 virtutes,
443 965 501 1026 quo
516 950 606 1008 minus
623 949 757 1024 deceant,
774 950 851 1010 effici
865 949 1085 1010 condicione

7 1086 8 1109 2
84 1052 282 1096 causarum.
312 1031 358 1091 An
374 1033 523 1110 quisquam
538 1031 636 1091 tulerit
650 1051 731 1093 reum
745 1035 773 1092 in
788 1034 953 1093 discrimine
970 1034 1083 1110 capitis,
1093 1042 1127 1097 49

7 1160 8 1191 ι
83 1117 343 1199 praecipueque-si
363 1116 438 1193 apud
453 1117 594 1176 victorem
612 1124 642 1176 et
661 1118 820 1196 principem
841 1135 895 1195 pro
913 1119 1026 1194 seipse
1044 1117 1085 1175 di·

6 1244 8 1279 q
83 1212 145 1277 cat,
171 1200 316 1280 frequenti
336 1200 539 1279 translatione,
567 1201 642 1260 lictis
663 1210 711 1260 aut
729 1203 862 1279 repetitis
882 1220 920 1260 ex
941 1209 1085 1259 vetustate

7 1350 8 1365 ,
82 1286 196 1361 verbis,
219 1285 429 1362 compositione
449 1302 523 1363 quae
540 1286 577 1343 sit
591 1285 713 1344 maxime
731 1286 874 1362 evulgari
891 1305 945 1346 usu
963 1294 1085 1360 remota,

7 1430 8 1439 ,
83 1367 303 1431 decurrentibus
318 1367 464 1447 periodis,
488 1386 573 1447 quam
594 1368 758 1429 laetissimis
780 1370 853 1430 locis
876 1370 1086 1447 sententiisque

85 1449 249 1516 dicentem?
279 1451 345 1511 Non
359 1452 482 1530 perdant
503 1453 577 1513 baec
593 1455 686 1513 omnia
701 1457 898 1513 necessarium
912 1453 1086 1533 periclitanti

83 1536 285 1598 sollicitudinis
300 1536 440 1610 colorem,
456 1537 669 1615 petendumque
684 1540 769 1598 etiam
784 1538 983 1615 innocentibus
1001 1539 1085 1596 mise-

84 1622 227 1682 ricordiae
245 1620 402 1681 auxilium?
434 1617 693 1681 Commoveaturne
713 1625 862 1700 quisquam
881 1625 942 1681 eius
960 1618 1129 1689 fortunata)

83 1724 169 1785 quam
183 1705 319 1764 tumidum
333 1722 368 1764 ac
383 1704 428 1763 sui
442 1705 595 1765 iactantem
610 1714 641 1764 ct
654 1706 833 1766 ambitiosum
848 1708 1008 1765 institorem
1024 1705 1086 1763 elo-

86 1791 220 1868 quentiae
242 1790 273 1849 iu
295 1789 412 1866 ancipiti
434 1798 516 1849 sorte
540 1787 658 1849 videat?
691 1789 757 1849 Non
782 1793 866 1849 immo
888 1790 981 1849 oderit
1006 1805 1086 1848 reum

84 1873 174 1933 rerba
198 1881 387 1950 aucupantem
410 1880 440 1931 et
459 1874 573 1933 anxium
595 1873 631 1931 de
653 1873 727 1933 fama
749 1874 872 1951 ingenii,
897 1883 926 1933 et
948 1874 993 1932 cui
1017 1889 1085 1931 esse

84 1957 193 2018 diserto
209 1954 317 2017 vacet?
349 1956 434 2030 Quod
452 1959 524 2018 mire
544 1956 582 2016 bl.
601 1955 717 2017 Caelius
733 1960 761 2017 iu
779 1958 950 2018 defensione
968 1976 1084 2032 causae,
1094 1964 1127 2015 51

85 2060 141 2120 qua
163 2060 230 2101 reus
251 2040 289 2101 de
311 2041 430 2117 viluit,
456 2040 713 2120 comprehendisse
733 2043 847 2102 videtur
867 2042 951 2101 mibi:
974 2039 1021 2102 Nc
1036 2042 1087 2102 cut'

83 2134 217 2187 cestrum
230 2133 321 2205 utque
335 2126 426 2186 mam
440 2127 580 2201 marium,
596 2127 650 2204 qai
663 2127 708 2186 cd
724 2145 789 2187 rem
802 2129 954 2205 uqendonc
970 2133 1086 2200 uerunt,

84 2229 169 2272 meur
183 2217 238 2271 aut
250 2212 350 2270 saltate
364 2209 518 2271 molestior
531 2219 585 2270 ortt
597 2228 658 2270 coc
670 2211 899 2271 immoderatior
913 2212 1019 2287 aliquo
1034 2215 1089 2270 out

84 2295 226 2373 deaeque,
242 2295 323 2372 quod
337 2294 490 2355 adadorum
503 2302 558 2368 ert,
579 2295 743 2372 iactantior
754 2306 859 2373 pestus
873 2295 969 2373 foisse
982 2294 1087 2354 eidec-

83 2385 146 2439 tur.
183 2377 272 2456 Atqui
296 2387 362 2436 sunt
383 2377 522 2455 quaedam
547 2378 676 2437 actiones
697 2380 725 2437 in
747 2379 960 2453 satisfactione,
982 2378 1130 2456 ‹lepre-sa

85 2464 216 2538 catione,
244 2461 430 2521 confessione
455 2463 585 2539 positae:
617 2463 836 2522 sententiolisne
863 2463 986 2522 flendum
1013 2458 1088 2519 erit‘l

85 2545 307 2624 epiphonemata
332 2555 381 2605 aut
400 2545 608 2620 enthymemata
630 2544 812 2608 exorabunt?
842 2546 923 2621 Non,
950 2544 1088 2624 quidquid

84 2631 172 2688 meris
187 2631 337 2689 adiicietur
351 2629 514 2705 affectibus,
530 2647 630 2690 omnes
646 2647 745 2690 eornm
761 2632 850 2692 diluet
863 2634 941 2691 vires
959 2640 988 2689 et
1002 2631 1087 2687 mise·

85 2714 227 2773 rationem
247 2715 404 2773 securitate
427 2711 557 2774 laxabit?
589 2714 670 2791 Age,
693 2716 718 2773 si
740 2716 776 2775 de
802 2725 894 2775 morte
916 2714 965 2773 filii
981 2710 1131 2771 sui'vel53

85 2797 203 2872 iniuria,
219 2816 294 2876 quae
309 2805 402 2857 morte
418 2799 455 2857 sit
469 2799 603 2874 gnarior,
623 2798 774 2858 dicendum
789 2801 862 2877 patri
878 2799 977 2857 fuerit:
996 2804 1044 2855 aut
1060 2797 1106 2860 iu,

60 2885 62 2892 ’
86 2882 229 2942 narrando
250 2882 371 2957 gratiam
389 2881 469 2941 illam
484 2883 691 2959 expositionis,
716 2900 791 2961 quae
809 2884 956 2957 continget
974 2899 1012 2939 ex
1027 2897 1087 2938 ser·

85 2982 172 3027 mone
186 2982 259 3043 puro
277 2974 363 3043 atquc
378 2964 521 3040 dilucido,
544 2976 682 3043 quaeret,
703 2965 831 3026 breviter
843 2983 878 3024 ac
893 2965 1089 3040 significanter

7 3109 10 3132 ,
86 3048 218 3108 ordinem
232 3050 276 3108 rei
290 3050 449 3128 protulisse
469 3067 526 3109 uon
542 3059 709 3117 contentus;
728 3059 776 3109 aut
791 3058 957 3125 argumenta
973 3048 1090 3107 diducet

85 3135 115 3193 in
130 3131 239 3209 digitos
260 3141 290 3191 et
308 3135 539 3213 propositionum
560 3151 595 3194 ac
616 3134 799 3212 partitionum
816 3132 942 3211 captabit
958 3133 1089 3210 leporem

87 3225 132 3292 et,
158 3224 188 3275 ut
208 3215 378 3295 plerumque
399 3220 428 3277 in
444 3218 501 3278 boc
518 3235 628 3294 genere
643 3218 731 3276 moris
750 3226 811 3293 est,
834 3218 992 3276 intentione
1013 3215 1089 3275 omni

86 3301 210 3361 remissa
225 3298 381 3377 loquetur?
414 3300 479 3375 Quo
495 3301 603 3378 fugerit
617 3301 729 3360 interim
743 3302 828 3361 dolor
840 3299 911 3361 ille?
939 3301 987 3360 nbi
1005 3299 1088 3359 lacri-
1098 3307 1133 3359 54

87 3402 154 3444 mae
173 3382 372 3443 substiterint?
401 3387 477 3446 unde
494 3403 527 3444 se
544 3386 572 3444 in
591 3386 714 3444 medium
730 3395 786 3446 tam
803 3403 905 3445 secura
922 3384 1088 3443 observatio

89 3469 191 3529 artium
220 3465 350 3529 miserit?
387 3467 453 3529 Non
476 3469 512 3531 ab
542 3469 663 3534 exordio
698 3488 791 3550 usque
821 3470 1009 3614 ad13uptimam
1036 3482 1088 3526 vo·
