2434 3925
462 19 470 51 t

303 256 304 259 =
348 231 788 297 1usr.oanron.u1u.111,1.
1010 217 1069 278 105

444 499 622 595 iiluna
651 498 746 574 in„

65 648 146 698 Libro
161 641 237 697 'tertio
255 644 319 695 haec
335 646 505 693 continentur:
522 644 682 693 Prooemium
701 642 915 707 descriptoribus
933 652 994 703 arus
1012 644 1070 695 rhe-
1133 691 1138 708 ,

101 718 208 767 toricae.
251 715 323 773 Quod
345 715 444 762 initium
466 711 614 764 rhetorices.
658 712 726 770 Quae
750 720 844 776 partes.
885 712 953 770 Quae
975 729 1070 778 genera

103 799 246 835 causarum.
277 783 373 841 Quibus
394 783 550 831 contineatur
568 782 650 831 omnis
665 782 728 830 ratio
745 781 854 830 dicendi.
884 781 950 839 Quid
968 783 1001 831 sit
1018 790 1069 836 sta-

102 864 154 903 tus.
180 853 252 904 Unde
265 853 378 902 ducatur.
407 849 471 908 Quot
487 851 565 914 etqui
582 858 670 899 status.
696 850 733 899 De
747 850 822 899 laude
838 862 860 899 er
874 852 1067 914 vituperatione.
1149 883 1151 898 .

102 924 142 973 De
161 924 277 973 suasoria
291 930 315 971 et
332 920 528 985 prosopopoeia.
558 919 595 968 De
614 911 729 984 partibus
748 934 880 968 causarum
899 920 1066 974 iudicialium.

102 993 142 1042 De
161 992 297 1057 generibus
315 990 460 1040 earundem.
493 987 557 1046 Quid
576 989 608 1037 sit
627 989 749 1052 quaestio,
768 989 841 1048 ratio,
860 989 990 1049 iudicatio,
1009 1003 1068 1040 cou-

103 1064 202 1122 tinens,
221 1070 245 1112 et
260 1068 382 1123 quatenus
400 1059 552 1108 necessaria.

144 1185 335 1237 PROOEMIUM
352 1184 396 1234 DE
415 1182 646 1234 SCRIPTORIBUS
664 1182 760 1233 ARTIS
777 1181 993 1234 RHETORICAR

70 1304 93 1365 l.
129 1270 271 1377 Quoniam
287 1303 314 1360 iu
330 1301 404 1362 libro
422 1301 549 1362 secundo
567 1304 726 1379 quaesitum
744 1311 804 1378 est,
824 1302 891 1379 quid
907 1311 987 1374 esset
1001 1303 1066 1362 rhe-

70 1392 164 1449 torice
182 1396 210 1446 et
226 1389 289 1463 quis
304 1386 368 1445 linis
387 1389 462 1455 eius;
484 1395 574 1446 arteru
590 1405 705 1464 quoqne
721 1405 788 1446 esse
804 1405 867 1445 earu
881 1396 909 1446 et
924 1388 1022 1447 utilem
1038 1396 1068 1447 et

70 1476 222 1546 virtutem,
240 1480 271 1530 ut
294 1472 371 1530 vires
389 1480 507 1530 nostrae
530 1471 671 1547 tulerunt,
694 1471 883 1539 ostendimus;
906 1474 1066 1531 materiam·

73 1576 130 1636 que
147 1560 173 1617 ei
188 1573 236 1614 res
255 1572 377 1630 omnes,
396 1556 432 1615 de
452 1554 555 1642 quibus
571 1554 669 1615 dicere
686 1564 854 1634 oporteret,
877 1555 1065 1615 subiecimus:

72 1644 127 1702 iam
146 1643 227 1715 hinc,
257 1639 331 1698 uude
352 1640 499 1717 coeperit,
523 1638 626 1717 quibus
651 1649 780 1715 constet,
805 1656 862 1717 quo
885 1658 1016 1719 quaeque
1038 1642 1068 1699 in

73 1744 107 1786 ea
131 1725 217 1786 modo
243 1725 413 1784 invenienda
439 1733 526 1801 atque
548 1725 697 1784 tractanda
723 1727 795 1799 sint,
820 1742 963 1801 exequar;
993 1726 1066 1784 intra

73 1829 158 1890 quem
173 1807 286 1867 modum
307 1809 439 1887 plerique
458 1809 620 1885 scriptores
636 1807 746 1867 Artium
762 1810 968 1882 constiterunt,
992 1808 1065 1867 adeo

71 1904 101 1954 ut
116 1891 318 1973 Apollodorus
335 1901 486 1951 contentus
502 1892 573 1951 solis
594 1891 774 1951 iudicialibus
791 1892 886 1951 fuerit.
924 1891 987 1951 Nec
1005 1898 1091 1951 sumt

69 1982 208 2058 ignarus,
230 1976 288 2036 hoc
304 1996 319 2037 a
336 1996 381 2036 me
397 1977 571 2056 praecipue,
596 1976 672 2054 qnod
686 1977 732 2036 hic
748 1976 823 2036 liber
837 1977 968 2052 inchoat,
993 1994 1066 2054 opus

70 2064 219 2124 studiosos
235 2063 297 2120 eius
313 2062 515 2135 desiderasse,
535 2070 565 2119 ut
586 2061 770 2138 inquisitione
788 2064 968 2140 opinionum,
992 2078 1066 2139 quae

69 2144 287 2209 diversissimae
303 2146 432 2220 luerunt,
454 2145 542 2222 longe
559 2144 772 2221 difficillimum,
793 2148 831 2204 ita
848 2147 948 2205 nescio
965 2163 1000 2205 au
1015 2146 1066 2204 mi-

67 2235 165 2292 nimae
180 2229 343 2306 legentibus
364 2231 488 2290 futurum
502 2230 659 2308 voluptati;
680 2231 787 2308 quippe
809 2230 886 2307 qnod
902 2246 994 2308 prope
1015 2248 1064 2288 nu·

68 2318 134 2376 dam
156 2323 379 2393 praeceptorum
402 2314 583 2374 traditionem
603 2313 760 2373 desideret.
807 2313 839 2372 lu
862 2316 967 2374 ceteris
991 2312 1091 2373 enimb
1165 2366 1167 2373 ,,

69 2402 232 2460 admiscere
254 2393 452 2477 temptavimus
475 2398 580 2476 aliquid
601 2399 718 2473 ultoris,
740 2415 797 2458 non
816 2398 939 2458 iactandi
959 2396 1066 2476 ingenii

70 2487 180 2561 gratia,
204 2500 324 2559 namque
348 2483 422 2542 inid
445 2483 514 2559 eligi
530 2483 649 2542 materia
670 2491 783 2559 poterat
804 2483 938 2558 uberior,
961 2483 1013 2542 sed
1036 2490 1066 2540 ut

71 2568 127 2628 hoc
150 2570 215 2647 ipso
237 2567 419 2626 alliceremns
434 2569 525 2643 magis
547 2569 722 2626 iuventutem
743 2567 778 2627 ad
799 2569 994 2644 cognitionem
1016 2583 1065 2625 eo·

71 2671 149 2727 rum,
173 2669 247 2729 quae
264 2652 429 2710 necessaria
447 2651 547 2711 studiis
563 2649 786 2726 arbitrabamur,
807 2653 830 2710 si
847 2652 923 2711 ducti
939 2651 1065 2711 incundi·

71 2744 130 2795 tate
146 2736 241 2813 aliqua
258 2735 391 2795 lectionis
408 2735 541 2794 libentius
557 2735 703 2795 discerent
718 2753 769 2810 ea,
786 2753 906 2813 quorum
920 2754 956 2794 ue
972 2738 1065 2795 ieiuna

72 2829 159 2897 atque
183 2820 262 2879 arida
289 2821 402 2879 traditio
425 2828 571 2879 averteret
596 2821 705 2879 animos
731 2829 760 2879 ct
787 2838 873 2880 aures
896 2822 1066 2898 praesertim
1168 2840 1173 2851 ¹

69 2913 127 2963 tam
143 2904 283 2964 delicatas
297 2904 430 2979 raderet,
446 2902 626 2963 verebamur.
664 2902 727 2976 Qua
742 2906 854 2978 ratione
870 2922 902 2964 se
918 2904 1092 2963 Lucretiusl

68 2988 140 3047 dicit
156 2996 313 3066 praecepta
330 2987 532 3066 philosophiae
549 2990 674 3047 carmine
690 3006 757 3046 esse
774 2989 970 3068 complexum
990 3006 1067 3048 narn·

69 3090 128 3150 que
144 3071 213 3148 hac,
232 3081 263 3130 ut
279 3080 323 3130 est
338 3081 451 3148 uotum,
474 3072 656 3132 similitudine
671 3075 771 3132 utitur:

223 3171 262 3219 Ac
276 3171 354 3220 veluti
367 3171 453 3237 pueris
469 3170 597 3220 absinthia
613 3177 693 3220 taetra
710 3171 840 3221 medentes

224 3254 287 3304 Cum
303 3255 362 3304 dare
381 3263 514 3318 conantur,
532 3255 603 3319 prius
621 3269 678 3304 oras
692 3254 784 3319 pocula
800 3255 896 3304 circum

223 3338 344 3403 Aspirunt
361 3340 444 3389 mellis
461 3340 529 3390 dulci
547 3339 665 3402 llavoque
683 3339 796 3402 liquore,

70 3427 101 3479 et
118 3437 195 3498 quae
214 3431 382 3498 sequuntur.
420 3422 479 3482 Sed
501 3440 554 3481 nos
576 3439 725 3497 veremur,
748 3439 785 3483 ne
807 3440 907 3500 parum
928 3421 975 3480 bic
995 3419 1092 3482 libert

68 3503 168 3565 mellis
192 3513 222 3565 et
237 3505 368 3598 absinthii
386 3507 503 3568 multum
521 3506 630 3566 habere
645 3506 792 3584 videatur,
816 3509 912 3585 sitque
925 3504 1068 3564 salubrior
