2434 3925
192 199 254 263 234
503 214 862 275 n.san.on1rvr1n1arv1
905 216 908 221 ·

191 368 439 434 versarius'dicau
455 377 549 428 tumen
563 369 642 428 velut
658 370 723 429 buic
739 371 910 431 simulationi
926 372 1078 432 oblivionis
1095 375 1180 451 igno·

192 471 280 512 scam.
315 452 410 512 Debet
430 455 503 512 enirn
529 453 621 511 bonus
637 454 793 515 advocatus
814 472 867 532 pro
889 457 932 514 rei
953 458 1045 516 salute
1061 457 1181 517 brevem

191 536 387 614 negligentiae
405 537 660 615 reprehensionem
676 548 732 596 non
747 541 966 615 pertimescere.

149 631 181 684 11
274 620 433 680 Videndum
459 623 558 695 etiam,
580 622 688 680 simul
710 621 793 680 nobis
814 623 896 701 plura
912 624 1108 700 aggredienda
1124 626 1179 684 sint

190 722 227 764 an
241 705 401 764 amolienda
419 705 578 781 singula.
615 705 699 765 Plura
721 704 804 765 simul
827 708 999 782 invadimus,
1021 710 1045 766 si
1061 717 1179 768 nuttam

190 788 297 847 iniirma
313 797 387 861 sunt,
404 797 434 846 nt
451 790 559 865 pariter
575 789 684 866 impelli
700 791 830 866 possint,
856 800 903 850 ant
918 801 974 850 tam
989 792 1127 866 molesta,
1151 801 1181 850 nt

189 873 294 950 pedem
319 872 452 931 conlerre
474 890 537 932 cum
553 873 673 949 singulis
689 890 745 931 non
761 874 910 951 expediat;
937 884 994 933 turn
1020 878 1095 934 enirn
1118 885 1178 935 toto

190 972 315 1034 corpore
338 955 521 1015 obnitendum
541 966 586 1032 et,
610 966 640 1015 ut
662 958 704 1015 sic
728 957 865 1033 dixerim,
893 959 1001 1017 directa
1017 959 1114 1017 fronte
1130 977 1178 1036 pn·

149 1040 330 1116 ltgnandnm
347 1049 400 1098 est.
441 1040 570 1115 Interim,
597 1040 621 1098 si
644 1041 795 1099 resolvere
816 1051 952 1118 exparte
970 1042 1083 1101 diversa
1105 1043 1178 1102 dicta

189 1123 333 1185 difficilius
350 1125 422 1198 erit,
444 1132 542 1183 nostra
565 1133 730 1200 argumenta
752 1143 815 1183 curn
842 1126 1069 1184 adversariorum
1097 1145 1179 1202 argu

188 1209 290 1266 mentis
313 1207 513 1282 conferemus,
545 1209 569 1266 si
597 1208 682 1266 modo
705 1209 776 1267 baec
799 1217 829 1267 ιιι
849 1209 1007 1268 valentiora
1031 1209 1180 1268 videantur

189 1292 266 1352 ellici
281 1293 397 1368 poterit.
436 1292 517 1363 Quae
537 1308 608 1349 vero
629 1291 711 1350 turba
726 1292 879 1367 valebunt,
903 1294 1062 1353 diducenda
1087 1302 1178 1367 erunt,

188 1384 229 1449 ut,
245 1376 321 1452 qnod
337 1373 423 1452 paulo
438 1379 504 1434 ante
529 1374 601 1434 dixi:
626 1373 722 1435 lieres
743 1378 816 1437 eros
836 1386 865 1438 et
878 1395 999 1455 pauper
1019 1384 1049 1438 ci
1066 1395 1180 1456 magno

186 1460 319 1536 pecunia
334 1459 542 1536 appellabaris
556 1478 577 1519 o
592 1460 796 1520 creditoribus
810 1468 839 1520 et
853 1460 1025 1542 offenderas
1038 1470 1068 1523 et
1080 1469 1178 1522 nurtu-

148 1550 287 1606 wicram
308 1543 430 1602 tabulas
453 1545 621 1602 testamenti
640 1544 771 1604 sciebas.
805 1543 895 1603 Urent
914 1545 1057 1603 universa.
1097 1544 1138 1603 m
1156 1545 1178 1602 si

189 1625 301 1702 singula
324 1644 457 1703 quaeque
479 1626 665 1701 dissolveris,
690 1629 744 1685 iarn
763 1627 812 1687 illa
830 1627 956 1703 bamma,
978 1646 1053 1706 quae
1076 1645 1177 1704 magna

190 1711 328 1786 congerie
347 1710 541 1784 convaluerat,
558 1710 679 1769 diductis
696 1710 799 1788 quibus
814 1711 955 1786 alebatur,
975 1711 1122 1786 concidet,
1139 1720 1176 1784 ut,

188 1795 213 1852 si
229 1793 277 1852 vel
293 1795 412 1853 maxima
428 1793 540 1854 ilumina
558 1795 585 1852 in
601 1796 679 1853 rivos
694 1795 872 1869 diducuntur,
889 1796 1016 1873 qualibet
1031 1797 1176 1855 transitum

188 1877 336 1955 praebent.
364 1876 464 1953 ltaque
484 1879 645 1956 propositio
668 1894 783 1956 quoque
804 1877 959 1938 secundum
978 1878 1052 1938 hanc
1075 1879 1175 1939 utilita-

187 1971 244 2021 tem
260 1960 531 2038 accommodabitur,
549 1972 579 2021 ut
594 1979 669 2020 nnnc
685 1963 797 2039 singula
814 1961 996 2022 ostendamus
1012 1982 1088 2022 nanc
1104 1982 1176 2024 conv·

148 2053 180 2107 14
188 2046 348 2124 plectamur
363 2047 506 2106 universa.
542 2044 614 2105 Nam
631 2047 742 2105 interim
758 2048 835 2123 quod
850 2047 978 2125 pluribus
995 2047 1117 2123 collegit
1131 2046 1175 2107 ad·

187 2131 347 2204 versarius,
373 2139 418 2188 sut
442 2139 487 2189 est
512 2128 602 2188 semel
629 2147 809 2208 proponere;
838 2140 884 2206 ut,
910 2133 934 2189 si
956 2131 1059 2190 multas
1077 2148 1176 2190 causas

187 2213 331 2286 faciendi,
349 2212 452 2289 quibus
473 2214 566 2289 arguit
587 2231 683 2287 reum,
706 2214 783 2273 dicet
811 2223 964 2273 accusator
984 2214 1092 2273 luisse:
1115 2230 1176 2288 nos,

187 2314 244 2355 non
259 2298 430 2355 enumeratis
448 2297 578 2373 singulis,
595 2296 685 2355 semel
702 2297 758 2356 boc
774 2297 935 2356 intuendum
951 2315 1101 2374 negemus,
1114 2300 1178 2376 qnia

187 2397 261 2454 non,
282 2380 412 2458 quisquis
434 2398 549 2440 causam
571 2379 694 2439 faciendi
716 2381 839 2441 sceleris
866 2380 981 2455 babuit,
1008 2389 1038 2440 et
1063 2382 1176 2440 iecerit.

146 2470 179 2522 15
188 2464 310 2542 Saepius
327 2471 421 2521 tamen
436 2465 599 2523 accusatori
616 2480 778 2540 congerere
796 2474 980 2541 argumenta,
1003 2482 1056 2524 reo
1074 2463 1176 2525 dissol-

186 2565 257 2607 vere
273 2547 418 2625 expediet.

270 2630 302 2692 ld
317 2638 426 2706 autem,
450 2630 526 2708 quod
544 2632 598 2689 erit
615 2631 650 2689 ab
667 2631 838 2691 adversario
853 2630 973 2706 dictum,
997 2632 1177 2708 quomodo
1209 2657 1214 2679 ·

186 2714 305 2775 refutari
321 2713 442 2789 debeat,
466 2714 629 2773 intuendum
645 2723 698 2773 est.
736 2714 808 2773 Nam
831 2716 857 2774 si
878 2717 933 2773 erit
951 2715 1045 2793 palam
1062 2715 1175 2786 laisum,

186 2817 295 2876 negare
311 2801 380 2857 satis
398 2807 458 2872 est,
474 2807 504 2857 ut
519 2815 572 2875 pro
589 2797 722 2857 Cluentio
740 2795 844 2858 Cicero
862 2817 944 2873 eum,
963 2816 1048 2876 quern
1064 2799 1177 2858 dixerat

186 2891 339 2943 accusator
350 2892 438 2960 epoto
450 2882 556 2959 poculo
569 2882 741 2956 concidisse,
753 2891 841 2959 negat
852 2882 955 2941 eodem
967 2882 1013 2940 die
1024 2891 1175 2940 mortuum.

145 2966 280 3029 loPalam
296 2968 380 3026 etiam
394 2967 537 3026 contraria
557 2974 585 3024 et
601 2984 780 3043 supervacua
805 2976 834 3024 et
849 2965 943 3025 ‘stulta
961 2965 1177 3043 reprehendere

186 3049 291 3109 nullius
309 3058 354 3108 est
374 3051 460 3124 artis,
482 3050 607 3127 ideoque
630 3067 685 3108 nec
704 3051 830 3108 rationes
852 3066 951 3108 eornm
972 3067 1026 3108 nec
1044 3049 1178 3127 exempla

186 3133 301 3193 tradere
315 3151 439 3192 necesse
461 3141 514 3192 est.
550 3132 582 3192 ld
598 3149 730 3210 quoque,
751 3133 849 3212 (quod
864 3134 1026 3193 obscurum
1049 3133 1177 3211 vocent)

187 3217 263 3294 quod
279 3226 394 3275 secreto
411 3225 440 3276 et
455 3218 516 3275 sinc
534 3224 609 3275 teste
626 3224 673 3274 aut
688 3226 856 3292 argumento
872 3217 974 3276 dicitur
989 3215 1112 3290 lactum,
1133 3234 1177 3275 sa·

186 3303 223 3360 tis
238 3309 337 3360 natura
353 3318 404 3358 sna
419 3300 556 3359 infirmum
576 3307 635 3365 est;
655 3298 761 3359 sufficit
784 3302 872 3375 enim,
898 3300 975 3377 qnod
993 3299 1177 3359 adversarios

144 3392 179 3450 17
185 3402 243 3445 non
258 3382 373 3463 probat;
392 3386 460 3442 item
476 3384 500 3442 si
516 3384 551 3443 ad
570 3399 684 3443 cansam
700 3400 757 3442 non
771 3386 905 3463 pertinet.
935 3381 988 3441 Est
1000 3392 1093 3442 tamen
1112 3400 1177 3443 ora·

184 3470 257 3532 toris
279 3467 392 3530 interim
414 3466 550 3546 eiicere,
577 3474 608 3527 ut
636 3465 704 3546 quid
718 3476 774 3531 ‘aut
794 3467 968 3530 contrarium
993 3483 1060 3527 esse
1086 3474 1138 3528 ιιιι
1161 3483 1179 3531 a
