2434 3925
7 522 16 747 l

324 192 660 243 manciannum.
677 193 763 260 1v,1.
988 182 1047 244 159

58 351 175 412 mereri:
192 350 235 409 sic
250 350 425 429 proximum,
442 349 500 410 odii
515 349 615 407 minus.
652 348 684 407 ln
699 348 759 424 bis,
784 367 857 426 qnae
872 350 973 426 negari
991 361 1089 415 nontt

59 435 217 514 potuerint,
242 432 461 508 elaborandum,
485 440 515 491 ut
536 441 584 491 aut
604 433 730 507 minora,
754 451 838 511 quam
864 434 1047 510 dictumest,

59 528 103 578 ant
125 518 181 577 alia
203 526 298 576 mente
319 517 411 591 facta,
434 525 480 575 aut
501 515 570 574 nihil
596 516 631 574 ad
647 527 829 593 praesentem
851 519 1049 595 quaestionem

58 604 221 681 pertinere,
238 610 285 660 aut
300 600 446 659 emendari
460 616 549 678 posse
566 601 761 676 poenitentia,
778 609 826 660 aut
841 603 910 660 satis
927 602 981 661 iam
997 620 1047 679 pn·

58 689 112 745 nita
141 684 302 744 videantur.
351 682 479 760 Ideoque
504 700 592 758 agere
624 683 765 742 advocato
800 701 884 762 qnam
911 684 1048 761 litigatori

58 769 187 842 facilius,
210 768 275 844 quia
291 775 320 825 et
335 766 431 825 laudat
444 767 506 825 sine
518 768 699 842 arrogantiae
718 768 834 827 crimine
850 777 879 826 ct
894 767 1047 845 aliqnando

58 853 165 911 utiliter
182 852 267 909 etiam
282 850 499 927 reprehendere
518 858 626 926 potest.
662 849 734 909 Nam
754 869 786 909 se
804 868 921 929 quoque
938 855 1090 914 morerild

57 937 169 997 interim
188 934 292 1010 linget,
318 941 348 992 ut
363 951 416 1011 pro
432 933 549 992 Rabirio
564 933 699 992 Postumo
716 932 838 1009 Cicero,
864 935 928 993 dnm
944 936 1057 994 aditum·

58 1018 110 1078 sibi
133 1018 169 1078 ad
190 1036 275 1076 aures
298 1018 384 1077 faciat
411 1026 439 1076 et
460 1018 658 1076 auctoritatem
678 1017 774 1076 induat
794 1036 865 1077 vera
886 1020 1047 1093 sentientis,

58 1119 113 1181 qno
127 1102 221 1177 magis
236 1101 369 1160 credatur
382 1101 431 1160 vel
446 1100 611 1161 defendenti
629 1101 731 1159 eadem
744 1102 792 1160 vel
808 1102 933 1178 neganti.
964 1101 1047 1161 ldeo·

58 1205 112 1265 que
138 1185 196 1244 boc
218 1187 338 1262 primum
360 1186 517 1259 intuemur,
543 1185 696 1260 litigatoris
719 1202 754 1243 an
774 1185 906 1245 advocati
922 1203 1048 1263 persona

57 1273 92 1329 sit
107 1268 258 1344 utendum,
281 1269 414 1346 quotiens
437 1277 588 1345 utrumque
608 1267 671 1326 lieri
687 1278 800 1346 potest;
825 1271 931 1328 namin
946 1270 1048 1329 schola

58 1342 177 1414 liberun'a
200 1360 260 1426 cst,
285 1353 312 1409 in
328 1352 393 1410 loro
409 1370 518 1426 rarum,
540 1360 570 1409 ut
589 1352 627 1409 sit
646 1351 767 1410 idoneus
782 1371 852 1413 snae
868 1354 910 1411 rei
927 1355 1049 1431 quisque

58 1437 204 1496 defensor.
241 1433 461 1494 Declamatnrus
482 1443 576 1495 antem
595 1436 717 1494 maxime
732 1437 843 1513 positas
858 1439 886 1496 in
899 1432 1090 1503 aflectibusdt

58 1538 160 1581 causas
177 1520 302 1596 propriis
317 1521 450 1596 personis
474 1518 561 1577 debet
577 1518 706 1578 induere.
743 1518 778 1578 lli
801 1529 866 1579 sunt
888 1521 977 1596 enim,
1002 1524 1050 1599 qui

56 1603 183 1663 mandari
206 1619 263 1660 non
280 1611 418 1680 possunt,
439 1620 494 1661 uec
511 1603 611 1662 eadem
631 1604 658 1660 vi
678 1603 825 1679 perfertur
844 1604 929 1663 alieni
953 1607 1048 1681 animi,

57 1706 113 1765 qua
134 1687 198 1761 sni,
220 1695 323 1744 motus.
368 1685 419 1744 His
441 1688 525 1745 etiam
551 1685 587 1744 de
608 1688 702 1745 causis
721 1688 909 1829 inswmne
936 1689 1091 1754 videturne

57 1788 129 1848 opus
147 1787 234 1849 esse,
256 1771 280 1827 si
303 1768 459 1828 adversarii
476 1771 551 1829 actio
572 1769 696 1828 indicum
711 1772 755 1828 ani
806 1773 1004 1847 soccupavit,
1024 1773 1049 1830 si

56 1853 208 1914 dicendum
237 1852 311 1931 apud
332 1852 467 1929 fatigatos
489 1862 547 1921 est;
577 1871 696 1930 quornm
716 1853 837 1912 alterum
857 1854 1049 1931 promittendo

56 1946 171 1997 nostras
183 1936 374 2015 ,probationes
390 1944 419 1997 et
434 1937 571 1997 adversas
587 1936 729 1996 eludendo
745 1936 910 2012 vitabimus,
928 1938 1049 1998 alterum

57 2032 84 2082 et
99 2039 155 2101 spe
173 2021 322 2080 brevitatis
337 2020 442 2097 ethis,
466 2021 567 2098 quibus
582 2029 719 2080 attentum
736 2021 798 2080 ficri
814 2022 935 2081 iudicem
950 2022 1048 2082 docui·

56 2124 126 2165 mus.
168 2103 205 2163 Et
226 2103 371 2168 urbanitas
391 2114 557 2182 opportuna
578 2105 672 2164 reficit
693 2106 800 2163 animos
817 2115 846 2164 et
860 2106 1092 2183 undecunqne49

56 2190 147 2268 petita
165 2188 267 2247 iudicis
281 2188 415 2266 voluptas
433 2188 511 2247 levat
527 2189 660 2248 taedium.
697 2187 762 2247 Nou
785 2189 891 2248 inutilis
905 2192 990 2249 etiam
1005 2200 1050 2249 est

5 2335 6 2342 ,
55 2275 128 2332 ratio
158 2271 334 2350 occupandi,
363 2289 436 2349 quae
455 2273 587 2332 videntur
613 2272 744 2348 obstare,
775 2281 806 2331 ut
832 2270 936 2332 Cicero
969 2275 1049 2351 dicit,

5 2355 6 2366 ¹
56 2355 149 2418 Scire
169 2374 203 2416 sc
223 2357 333 2416 mirari
347 2357 506 2433 quosdam,
524 2357 605 2434 qnod
625 2359 668 2432 ts,
684 2358 736 2434 qod
746 2375 806 2435 per
821 2366 863 2418 tot
881 2376 977 2419 annos
995 2360 1049 2418 de·

54 2441 328 2519 stoderaniam,
349 2442 475 2502 laeserit
493 2442 659 2516 neminem,
680 2442 724 2500 od
737 2441 950 2502 accusandum
975 2439 1049 2503 Ver-

56 2544 119 2586 rem
140 2524 356 2596 descenderim
377 2524 443 2582 inde
467 2524 608 2596 ostendit,
629 2523 702 2582 hanc
717 2525 808 2602 ipsam
823 2542 890 2583 esse
906 2525 1051 2585 sociorum

57 2609 264 2685 defensionem
270 2628 284 2676 ;
311 2608 387 2685 quod
409 2607 526 2667 schema
548 2602 698 2686 optanda
722 2607 834 2667 dicitur.
873 2601 912 2667 ‘ld
933 2626 997 2667 cum
1015 2610 1093 2678 sitso

56 2692 125 2752 utile
152 2689 326 2768 aliquando,
356 2709 429 2750 nunc
456 2709 473 2750 a
500 2690 743 2752 declamatoribus
769 2689 937 2769 quibusdam
958 2709 1051 2769 paene

56 2792 176 2853 semper
197 2775 365 2852 assumitur,
394 2774 442 2853 qui
463 2774 508 2833 fas
529 2792 586 2834 non
605 2783 706 2853 putant
727 2776 782 2834 nisi
803 2792 819 2834 a
844 2776 988 2834 contrario
1008 2777 1050 2835 in·

57 2875 82 2917 m
105 2876 170 2919 ere.

84 2877 102 2936 p
140 2940 259 3017 Negant
279 2939 489 3019 Apollodorum
510 2944 618 3017 secuti,
639 2943 690 3001 tris
716 2960 799 3017 esse,
827 2942 864 3002 de
887 2941 988 3019 quibus
1004 2961 1050 3002 sn·

56 3042 108 3102 pra
125 3025 266 3102 diximus,
291 3025 480 3103 praeparandi
495 3025 596 3085 iudicis
612 3034 726 3104 partes;
749 3025 801 3084 sed
815 3025 917 3084 multas
935 3028 1051 3105 species
1135 3088 1139 3094 ,

56 3115 244 3182 enumerant,
271 3104 302 3166 nt
327 3126 364 3167 ex
382 3107 648 3183 moribusiudicis,
669 3128 706 3168 ex
727 3107 908 3186 opinionibus
930 3109 966 3170 ad
985 3129 1051 3170 cau-

55 3210 117 3251 sam
139 3200 225 3251 extra
243 3191 467 3269 pertinentibus,
497 3210 535 3251 ex
555 3194 690 3271 opinione
710 3192 746 3251 de
767 3194 831 3270 ipsa
852 3210 955 3268 causa,
977 3212 1051 3271 quae
1086 3223 1088 3227 ⁸

55 3284 122 3334 sunt
143 3291 241 3353 prope
262 3275 403 3344 infinitam
429 3275 565 3351 cumbis,
588 3293 626 3335 ex
647 3274 749 3353 quibus
765 3292 863 3335 omnes
884 3286 1051 3336 controver-

54 3362 118 3418 siae
136 3366 288 3432 constant,
310 3359 460 3436 personis,
482 3359 581 3433 factis,
604 3360 705 3434 dictis,
722 3361 839 3434 causis,
862 3360 1059 3437 temporibus,
1113 3418 1116 3424 ,

54 3441 154 3521 locis,
172 3441 391 3521 occasionibus,
408 3445 522 3516 ceteris.
557 3442 636 3517 Quas
650 3460 736 3504 veras
749 3460 817 3502 esse
832 3443 942 3520 fateor,
958 3443 1092 3506 sedditttl
