2434 3925
297 193 788 264 mar.ounrou.urrax11,a.a.
964 183 1026 247 259

36 352 278 429 onsignatioues,
294 352 388 430 ipsum
404 352 529 430 denique
546 350 742 411 adversarium
757 352 896 429 quaedam
908 371 965 414 non
976 373 1026 413 ue-

36 445 169 497 nturum.
200 434 330 513 ldeoque
351 453 424 515 opus
441 444 486 495 εει
500 436 604 495 intueri
620 452 704 495 omne
722 435 781 495 litis
795 438 1069 506 instrumentum;1a

36 520 100 581 uod
121 521 227 580 videre
241 536 300 579 non
317 530 361 579 εει
376 521 463 595 satis,
479 518 690 598 perlegendum
707 521 772 579 erit.
805 519 877 580 Nam
891 521 1027 600 frequen·

36 607 135 664 ssime
152 612 203 664 aut
217 621 274 663 non
288 614 353 665 sunt
368 605 493 678 omuino,
510 620 586 681 quae
602 602 854 681 promittebantur,
873 614 920 665 aut
936 609 1027 666 minus

36 691 177 757 ontineut
196 696 245 748 aut
268 706 331 748 cnm
358 688 415 749 alio
440 687 537 765 aliquo
563 689 696 747 nocituro
724 690 865 767 permixta
887 699 953 748 sunt
981 700 1029 750 aut

36 775 108 833 imia
129 781 199 831 sunt
221 781 250 831 et
270 772 356 832 lidem
378 772 435 831 hoc
457 774 522 851 ipso
545 771 728 846 detractura,
756 772 835 849 quod
851 790 909 832 non
923 772 1029 833 habent

36 857 151 916 rodum.
185 855 317 935 Denique
337 857 425 916 linum
441 865 555 934 ruptum
570 863 620 914 aut
634 855 777 916 turbatam
790 874 887 916 ceram
903 867 951 918 ant
966 858 1028 918 sine
1037 869 1070 923 13

36 941 160 1018 gnitore
182 940 264 1017 signa
284 939 455 1018 frequenter
474 941 621 1007 invenies;
644 957 737 1019 quae,
761 941 816 1000 nisi
831 941 906 1001 domi
923 960 1027 1002 excus-

35 1026 118 1100 eris,
143 1025 173 1082 in
188 1023 254 1083 foro
275 1024 420 1103 inopinata
439 1023 604 1103 decipient,
627 1024 752 1103 plusque
773 1025 921 1085 nocebunt
939 1027 1027 1085 desti·

36 1120 82 1169 uta
101 1126 189 1186 quam
210 1125 266 1167 uon
283 1110 426 1186 promissa
440 1109 620 1168 nocuissent.
649 1106 738 1169 Multa
754 1110 955 1189 etiam,‘quae
972 1110 1026 1169 liti·

36 1203 111 1257 rator
128 1192 199 1252 nihil
219 1192 255 1252 ad
271 1210 385 1253 causam
400 1194 549 1271 pertinere
573 1191 746 1268 crediderit,
772 1203 909 1273 patronus
933 1202 1026 1269 eruet,

36 1276 110 1337 nodo
126 1294 183 1355 per
200 1293 311 1353 omnes,
328 1294 402 1356 quos
418 1276 596 1351 tradidimus,
617 1288 850 1354 argumentorum
866 1278 950 1338 locos
969 1286 1025 1337 eat.

36 1362 107 1435 tuos
128 1369 161 1420 ut
182 1362 426 1440 circumspectare
446 1363 475 1421 in
492 1360 606 1438 agendo
623 1371 653 1421 et
668 1370 809 1421 attentare
829 1362 961 1439 singulos
976 1362 1070 1425 nai-14

36 1446 99 1505 time
118 1446 270 1521 convenit,
288 1454 409 1524 propter
424 1464 496 1524 quas
512 1445 634 1505 diximus
652 1463 771 1505 causas:
788 1447 828 1506 ita
842 1446 871 1505 in
887 1446 1025 1506 discendo

36 1529 121 1588 *iuuari
137 1531 335 1589 necessarium
351 1538 412 1605 est,
428 1547 503 1608 quae
518 1546 681 1608 personae,
702 1547 776 1608 qnae
791 1537 933 1610 tempora,
951 1548 1026 1609 quae
1084 1548 1091 1560 ·

36 1630 110 1688 oca,
133 1614 279 1689 instituta,
299 1615 501 1690 instrumenta,
520 1622 698 1693 ceteraque,
723 1615 879 1692 exquibus
895 1624 1026 1675 nontan·

36 1716 85 1756 um
100 1697 182 1772 illud,
199 1697 277 1775 quod
293 1707 340 1758 εει
354 1698 504 1758 artificiale
521 1697 701 1775 probationis
716 1716 825 1774 genus,
842 1699 941 1776 colligi
959 1716 1026 1777 pos·

36 1782 82 1856 tlt,
105 1782 158 1842 sed
174 1783 222 1859 qni
236 1782 506 1863 netueqdiuestes,
529 1781 675 1860 quomodo
690 1783 746 1840 sint
761 1782 925 1844 refellendi.
954 1782 1027 1843 Narn

36 1865 179 1924 rlnrimum
195 1864 302 1942 refert,
323 1867 428 1928 invidia
445 1885 514 1927 reus
529 1884 565 1927 an
581 1865 647 1925 odio
668 1884 703 1925 an
718 1875 882 1946 contemptu
901 1866 1026 1942 laboret,

36 1967 150 2028 quorum
168 1949 232 2011 iere
255 1969 322 2029 pars
344 1953 435 2031 prima
453 1953 640 2032 superiores,
660 1952 916 2031 proximapares,
941 1953 1026 2012 tertia

37 2034 196 2095 rumiliores
212 2037 325 2113 premit.
356 2038 407 2097 Sic
424 2055 540 2097 cansam
556 2045 770 2116 perscrutatus,
786 2037 946 2115 propositis
961 2045 1025 2096 ante
1034 2046 1068 2097 15

37 2118 140 2178 ›culos‘
153 2119 300 2196 omnibns,
327 2138 402 2199 quae
423 2123 535 2199 prosint
549 2130 727 2195 noceantve,
751 2123 864 2181 tertiam
886 2121 1025 2197 deinceps

37 2219 182 2280 cersonam
202 2203 299 2264 induat
319 2204 438 2281 iudicis,
459 2206 606 2286 fingatque
622 2205 697 2283 apud
712 2222 745 2264 se
766 2207 812 2281 agi
829 2223 960 2280 causam,
985 2213 1024 2279 et,

38 2285 107 2364 quod
123 2288 215 2364 ipsum
229 2290 370 2348 movisset
384 2289 421 2349 de
440 2290 541 2350 eadem
557 2310 589 2349 re
604 2290 863 2368 pronuntiaturum,
879 2290 908 2349 id
924 2297 1025 2368 potan-

38 2370 175 2446 issimuna,
194 2372 269 2449 apud
284 2390 484 2453 quemcunque
501 2383 614 2451 agetur,
631 2374 784 2433 existimet.
812 2374 862 2435 Sic
877 2392 943 2434 euna
958 2389 1026 2433 raro

38 2453 114 2513 iallet
130 2464 266 2532 eventus,
285 2467 332 2516 ant
350 2459 436 2537 eulpa
451 2458 552 2518 iudicis
569 2460 634 2517 erit.

374 2611 462 2673 Quau
480 2611 514 2663 IN
531 2609 681 2663 AGENDIS.

116 2712 163 2774 lX.
184 2711 266 2787 Quae
282 2713 389 2773 sintin
407 2713 548 2790 agendo
564 2714 761 2790 servanda,
777 2715 1026 2792 totofarcopere

39 2799 146 2857 executi
166 2816 277 2865 sumus;
304 2814 396 2876 pauca
417 2807 513 2856 tamen
532 2801 651 2876 propria
671 2799 754 2859 huius
778 2800 853 2873 loci,
880 2815 953 2875 quae
969 2814 1026 2855 non

39 2891 91 2941 tam
105 2882 214 2943 dicendi
230 2892 291 2942 arte
310 2900 394 2961 quam
410 2882 515 2941 oiliclis
531 2883 643 2958 agentis
659 2884 855 2953 continentur,
877 2883 1024 2957 attingam.

40 2965 109 3025 date
129 2967 236 3042 omnia,
262 2985 316 3042 ne,
340 2965 417 3045 qnod
436 2964 587 3045 plerisque
610 2966 729 3042 accidit,
759 2966 796 3025 ab
817 2965 937 3025 utilitate
961 2983 1025 3023 enm

40 3068 137 3111 causae
151 3052 312 3129 praesentis
329 3051 435 3130 cupido
451 3049 543 3110 landis
560 3048 692 3111 abducat.
725 3049 798 3109 Nam
811 3059 843 3108 nt
857 3047 1025 3126 gerentibus
1037 3054 1054 3106 a

40 3133 110 3195 bella
130 3152 185 3195 non
204 3152 321 3214 semper
344 3136 489 3196 exercitus
510 3151 564 3212 per
581 3135 666 3213 plana
682 3143 711 3193 et
731 3151 851 3194 amoena
877 3133 1024 3193 ducendus

41 3227 94 3293 est,
109 3218 159 3279 sed
173 3219 296 3280 adeundi
313 3218 482 3298 plerumque
494 3221 591 3297 asperi
607 3217 712 3294 colles,
731 3217 941 3296 expugnandae
956 3218 1025 3279 civi-

41 3311 107 3362 tates
121 3301 274 3382 quamlibet
289 3305 430 3381 praecisis
446 3304 599 3380 impositae
613 3302 733 3381 rupibus
748 3311 797 3362 aut
811 3319 932 3380 opernm
947 3302 1025 3362 mole

41 3385 181 3447 difficiles:
210 3387 249 3447 ita
273 3388 367 3447 oratio
388 3386 525 3464 gaudebit
540 3387 654 3466 quidem
676 3389 832 3447 occasione
851 3386 954 3446 laetius
975 3384 1024 3445 de·

41 3471 162 3532 canendi
183 3479 212 3531 et
234 3486 329 3550 aequo
352 3488 511 3549 congressa
532 3489 635 3552 campo
656 3480 731 3532 totas
746 3471 1025 3615 vire37pppulariter
