2434 3925
337 237 426 285 misr.
439 236 741 303 oenomelum,
754 234 780 288 9.
940 200 943 203 ¹
994 223 1052 285 261

55 394 197 475 patientia
219 401 273 453 est.
308 390 380 452 Nam
400 401 429 452 et
452 394 481 453 in
500 393 581 470 ipsos
602 392 634 451 lit
653 394 775 469 impetus
797 391 983 468 frequenter,
1006 396 1056 471 qui

55 486 193 561 egenum,
212 485 242 537 et
257 485 338 536 certe
354 476 539 554 petulantiam
554 479 667 554 patroni
682 476 809 551 litigator
823 475 884 535 luit.
910 477 969 536 Sed
983 477 1057 544 haec

52 565 168 623 minora
184 570 249 621 sunt
263 563 328 639 ipso
344 561 396 620 illu
410 562 481 623 vitio
498 561 599 634 animi,
622 560 698 638 quod
714 559 872 620 maledicus
888 577 904 619 a
921 560 1056 620 malefico

53 664 116 723 non
138 647 224 707 distat
243 648 298 705 nisi
319 645 485 705 occasione.
521 643 624 721 l'nrpis
646 643 780 721 voluptas
801 652 830 702 et
853 643 1003 703 inhumana
1027 655 1056 705 et
1064 657 1097 708 10

52 731 129 792 nulli
147 730 321 791 audientium
335 729 411 788 bono
424 737 505 806 grata
521 745 537 787 a
553 727 745 804 litigatoribus
758 726 873 805 quidem
888 727 1057 807 frequenter

54 816 202 892 exigitur,
218 816 267 894 qui
282 813 419 874 ultionem
434 812 541 872 malunt
557 829 641 890 quarn
656 811 863 871 defensionem.
888 813 948 872 Sed
960 831 1056 890 neque
1120 850 1125 859 ·

53 900 116 961 alia
128 899 216 958 multa
231 899 266 958 ad
282 897 427 957 arbitrium
444 913 544 956 eorum
555 895 689 956 iacienda
701 904 780 963 sunt;
796 895 854 955 hoc
866 896 979 974 quidem
992 899 1056 974 quis

53 984 202 1044 hominum
218 982 303 1041 liberi
316 981 402 1040 modo
423 981 570 1057 sanguinis
595 983 751 1054 sustineat,
777 980 910 1057 petulans
931 998 998 1039 esse
1021 980 1057 1040 ad

55 1066 178 1127 alterius
199 1061 366 1125 arbitrium?
395 1065 484 1142 Atqui
506 1065 590 1123 etiam
612 1064 640 1123 in
661 1064 820 1123 advocatos
843 1066 933 1141 partis
954 1064 1097 1129 adver-11

55 1167 111 1211 sae
126 1149 251 1210 libenter
265 1148 393 1209 nonnulli
407 1148 594 1215 invehuntur;
623 1148 718 1227 quod,
741 1148 795 1207 nisi
812 1149 836 1206 si
852 1147 928 1207 lorte
942 1166 1055 1208 merue-

54 1244 141 1309 runt,
163 1242 191 1292 et
211 1233 390 1292 inhumanum
405 1240 450 1292 est
466 1239 604 1310 respectu
621 1232 809 1290 communium
828 1231 1004 1306 ciliciorum,
1027 1240 1057 1291 et

57 1336 125 1378 cum
140 1318 195 1396 ipsi
213 1319 261 1396 qui
277 1317 345 1377 dicit
359 1316 459 1375 inutile
477 1316 556 1394 (nam
568 1316 644 1375 idem
659 1316 728 1374 iuris
746 1317 930 1393 responsuris
947 1315 1056 1394 datur),

56 1411 120 1461 tum
135 1419 241 1461 causae
256 1402 440 1476 contrarium,
457 1402 522 1478 quia
538 1399 623 1478 plane
640 1399 797 1458 adversarii
813 1399 882 1459 liunt
897 1410 926 1458 et
941 1401 1056 1474 inimici,

57 1494 92 1545 et
107 1485 384 1564 quantulumcunque
400 1485 443 1544 eis
457 1485 558 1543 virium
574 1492 634 1558 est,
654 1481 828 1543 contumelia
842 1492 973 1560 augetur.
1004 1485 1098 1549 Suro
1186 1500 1189 1504 ’

58 1587 117 1649 per
138 1571 230 1629 omnia
250 1570 327 1646 perit
348 1569 413 1643 illa,
440 1586 514 1646 quae
538 1567 689 1646 plurimum
705 1568 812 1626 oratori
828 1577 857 1626 et
878 1568 1056 1627 auctoritatis

57 1661 93 1714 et
110 1653 178 1713 lidei
199 1653 298 1727 affert,
323 1653 481 1727 modestia,
504 1653 530 1711 si
544 1670 560 1712 a
574 1653 638 1710 viro
655 1651 732 1710 bono
748 1652 777 1708 in
792 1650 919 1710 rabulam
940 1652 1057 1711 latrato-

57 1756 181 1816 remque
197 1740 391 1811 convertitur‚
414 1738 591 1814 compositus
610 1752 668 1793 non
690 1735 726 1795 ad
743 1737 863 1793 animum
885 1734 987 1794 iudicis
1005 1735 1058 1794 sed

58 1822 100 1882 ad
117 1820 292 1880 stomachum
307 1821 469 1896 litigatoris.
504 1818 685 1898 Frequenter
707 1820 793 1878 etiam
808 1821 924 1896 species
940 1817 1058 1877 liberta·
1067 1832 1101 1885 13

56 1907 100 1967 tis
115 1905 260 1966 deducere
277 1905 313 1966 ad
330 1904 519 1964 temeritatem
534 1902 610 1963 solet
631 1920 688 1963 non
704 1903 798 1963 causis
815 1900 900 1961 modo
917 1902 969 1961 sed
986 1902 1058 1981 ipsis

59 2007 196 2068 quoque,
219 1990 266 2068 qui
282 1991 428 2064 dixerunt,
454 1987 657 2066 periculosam.
692 1985 756 2047 Nec
772 1988 912 2046 immerito
928 1986 1059 2046 Pericles

58 2073 180 2135 solebat
194 2083 307 2151 optare,
324 2092 361 2132 ne
377 2073 454 2152 quod
472 2070 527 2131 sibi
542 2071 662 2131 terbum
676 2073 704 2130 in
723 2081 847 2130 mentem
861 2072 984 2145 veniret,
1001 2087 1059 2147 quo

60 2156 189 2238 populus
210 2157 416 2218 offenderetur.
449 2156 507 2216 Sed
529 2155 604 2234 quod
624 2155 675 2215 ille
695 2155 730 2214 de
753 2154 881 2233 populo,
905 2155 933 2214 id
949 2171 1006 2231 ego
1022 2154 1059 2213 de

61 2237 195 2301 omnibus
218 2244 330 2318 sentio,
351 2242 399 2321 qui
419 2240 581 2300 tantundem
598 2248 720 2319 possunt
737 2256 856 2299 nocere.
893 2237 1059 2316 Numquae

60 2326 167 2399 fortia,
195 2324 259 2385 dum
285 2326 434 2401 dicuntur,
461 2323 648 2400 videbantur,
677 2324 781 2401 stulta,
811 2340 875 2382 cum
902 2321 1059 2399 laeserunt,

61 2417 214 2469 vocantur.

149 2492 247 2568 Nunc,
272 2493 467 2571 quintarium
487 2492 550 2551 lere
571 2492 750 2570 propositum
774 2493 919 2567 agentium
940 2491 1008 2565 luit,
1032 2498 1103 2551 etld

65 2576 242 2657 quorundam
257 2596 325 2637 cura
339 2578 479 2637 tarditatis
492 2576 668 2655 quorundam
684 2575 807 2635 labilitas
821 2577 990 2635 temeritatis
1005 2576 1058 2632 cri·

62 2662 140 2721 mine
155 2660 313 2721 laboravit:
335 2679 421 2739 quem
436 2661 551 2720 credam
570 2659 634 2719 lore
651 2662 678 2719 in
694 2659 750 2719 boc
768 2660 891 2719 oratoris
906 2658 1059 2731 modum,

63 2744 180 2806 tradere
208 2763 265 2805 non
290 2745 412 2805 alienum
437 2746 559 2804 videtur.
601 2743 713 2803 Alleret
739 2743 774 2803 ad
799 2743 949 2803 dicendum
975 2759 1060 2800 curae
1070 2752 1101 2803 15

63 2846 183 2906 semper
205 2838 338 2906 quantum
360 2820 510 2907 plurimum
531 2830 649 2906 poterit.
662 2903 665 2907 Δ
680 2827 783 2904 Neque
797 2830 871 2885 enim
889 2825 945 2885 hoc
966 2824 1060 2884 solum

62 2909 241 2989 negligentis
259 2913 311 2973 sed
327 2912 393 2972 mali
410 2922 439 2971 et
458 2915 486 2971 in
501 2920 639 2991 suscepta
661 2929 748 2970 causa
764 2910 866 2987 perfidi
882 2929 917 2969 ac
933 2909 1060 2987 proditu-

30 3021 35 3028 ,
63 2998 106 3056 ris
122 3004 182 3071 est,
206 2998 287 3073 peius
308 3013 398 3073 agere
415 3014 497 3073 quam
515 2997 618 3074 possit.
650 2994 779 3072 Ideoque
803 3013 839 3053 ne
859 2993 1061 3071 suscipiendae

65 3080 182 3158 quidem
193 3089 258 3139 sunt
274 3099 377 3140 causae
390 3080 500 3158 plures,
516 3097 600 3157 quam
616 3078 719 3157 quibus
735 3077 919 3137 suffecturum
933 3095 965 3136 se
978 3078 1059 3135 sciat.

64 3164 154 3224 Dicet
170 3167 277 3242 scripta
296 3181 379 3241 quam
393 3182 443 3223 res
459 3165 584 3240 patietur
601 3162 722 3240 plurima
739 3170 785 3236 et,
804 3170 835 3219 ut
849 3160 1061 3220 Demosthenes
1071 3169 1103 3221 lo

66 3248 125 3321 ait,
151 3248 176 3305 si
193 3249 356 3324 continget,
381 3256 410 3306 et
424 3248 547 3325 sculpta.
588 3246 648 3306 Sed
665 3246 722 3304 hoc
739 3255 786 3304 aut
802 3247 910 3322 primae
931 3244 1060 3304 actiones

66 3339 117 3391 aut
135 3348 209 3408 quae
227 3334 255 3392 iu
270 3331 393 3410 publicis
408 3332 519 3392 iudiciis
535 3338 601 3409 post
619 3331 789 3390 interiectos
804 3329 865 3388 dies
881 3329 981 3388 dantur
995 3345 1060 3405 per-

66 3415 211 3482 miserint;
236 3424 264 3475 at
280 3433 342 3475 cum
363 3417 493 3492 protinus
512 3413 744 3492 respondendum
766 3421 827 3471 est:
851 3415 943 3472 omnia
966 3411 1061 3489 parari

67 3516 126 3558 non
150 3509 286 3578 possunt,
312 3499 385 3559 adeo
407 3508 438 3558 ut
460 3498 546 3578 paulo
571 3500 662 3558 minus
682 3498 823 3576 promptis
849 3498 933 3555 etiam
956 3501 1062 3554 noceat
