2434 3925
186 178 246 240 144
500 189 858 250 scssnoonrrruruur

184 346 283 424 utique
300 362 373 424 opus
394 362 461 404 esse
476 323 630 419 sua'soriis,
653 354 775 424 propter
789 363 860 423 quas
878 343 936 404 dixi
951 362 1038 423 supra
1054 365 1174 425 causas,

184 431 224 490 ita
245 447 296 488 eur
316 431 395 489 initio
417 428 526 487 furioso
549 430 585 488 sit
606 429 837 504 exclamandum,
859 446 916 488 nou
937 429 1083 506 intelligo;
1108 450 1177 491 cum

184 515 335 592 proposita
351 513 561 573 consultatione
582 521 700 589 rogatus
716 514 901 587 senteutiam,
924 514 948 570 si
964 514 1049 573 ruodo
1066 523 1112 573 est
1127 534 1175 576 sa·

183 616 254 672 nus,
277 614 334 656 uon
355 596 470 675 quiritet
485 594 537 655 sed
554 614 638 673 quam
657 599 779 656 maxime
796 604 893 675 potest
911 596 988 655 civili
1004 606 1033 655 et
1049 598 1176 658 humano

145 684 316 757 60ingressu
332 681 435 740 mereri
451 697 599 739 assensum
615 679 801 739 deliberantis
817 680 897 739 velit.
929 677 987 739 Cur
1002 690 1096 740 autem
1112 691 1174 741 tor-

185 783 252 824 rens
271 773 299 824 et
315 766 413 842 utique
433 764 593 841 aequaliter
608 765 752 823 concitata
768 765 805 823 sit
824 765 851 822 in
866 781 902 822 ea
922 764 1043 823 dicentis
1066 768 1174 841 oratio,

186 867 249 908 cum
259 849 308 907 vel
323 849 480 927 praecipue
492 847 717 907 moderationem
729 847 849 907 consilia
860 845 1046 907 desiderent?
1068 847 1173 927 Neque

186 950 243 1009 ego
260 933 442 1009 negaverim,
466 932 581 1009 saepius
599 930 749 991 subsidere
764 933 793 991 in
808 933 1014 990 controversiis
1035 933 1175 1010 impetum

186 1016 297 1076 dicendi
313 1016 478 1095 prooemio,
494 1014 673 1090 narratione,
690 1016 879 1092 argumentis3
900 1018 1011 1092 quaesi
1027 1015 1175 1090 detrahas,

185 1101 213 1160 id
226 1100 289 1159 lere
306 1100 463 1177 supererit,
487 1115 544 1176 quo
560 1100 708 1158 suasoriae
727 1107 874 1171 constant,
897 1116 997 1157 verum
1011 1098 1039 1158 id
1056 1116 1176 1178 quoque

144 1191 176 1245 61
186 1184 334 1261 aequalius
356 1184 409 1241 erit
430 1198 487 1240 non
504 1182 703 1241 tumultuosius
725 1192 810 1260 atque
831 1181 979 1240 turbidius.
1010 1182 1176 1242 Verborum

185 1276 280 1327 autem
294 1266 504 1343 magnificentia
518 1283 575 1324 non
589 1265 710 1326 validius
726 1275 771 1325 est
786 1266 945 1325 allectanda
961 1268 1106 1326 suasorias
1125 1267 1175 1326 de·

186 1350 372 1410 clamantibus
391 1349 442 1408 sed
460 1350 598 1426 contingit
620 1351 725 1426 magis;
748 1368 812 1409 nam
830 1357 859 1408 et
874 1367 1016 1427 personae
1036 1350 1098 1409 iere
1114 1369 1174 1411 ma·

185 1451 260 1510 gnae
281 1433 453 1510 lingentibus
472 1432 603 1511 placent,
627 1452 744 1510 regum,
767 1435 943 1512 principum,
965 1444 1099 1510 senatus,
1122 1452 1174 1514 po·

186 1517 245 1594 puli
266 1526 295 1576 et
315 1535 363 1576 res
385 1516 554 1595 ampliorem
578 1517 617 1576 ita
634 1536 697 1577 cum
719 1517 808 1577 verba
828 1516 915 1576 rebus
937 1526 1085 1595 aptentur,
1107 1520 1175 1595 ipso

143 1602 178 1656 62
186 1602 322 1660 materiae
337 1602 430 1660 nitore
446 1600 618 1660 clarescunt.
647 1600 712 1661 Alia
727 1603 788 1661 veri
805 1600 917 1661 consilii
932 1604 1005 1661 ratic
1022 1610 1077 1676 est,
1094 1601 1175 1661 ideo·

186 1688 242 1762 que
255 1683 471 1763 Theophrastus
487 1701 571 1762 quarn
585 1686 706 1745 maxime
720 1693 859 1745 remotum
875 1684 910 1744 ab
927 1687 1001 1745 omni
1019 1686 1176 1745 allectione

184 1770 214 1827 in
229 1767 418 1831 deliberativo
435 1786 545 1844 genere
560 1768 652 1827 voluit
668 1787 734 1828 esse
750 1785 926 1847 sermonem,
943 1778 1060 1828 secutus
1074 1771 1103 1827 in
1118 1769 1176 1828 hoc

186 1854 384 1911 auctoritatem
404 1854 603 1930 praeceptoris
627 1854 687 1927 sui,
715 1870 874 1930 quanquam
902 1851 1055 1912 dissentire
1078 1852 1113 1912 ab
1138 1870 1173 1912 eo

143 1937 241 1997 63non
261 1936 356 1997 timide
377 1936 464 1997 solet.
500 1936 630 2015 Namque
648 1935 823 1997 Aristoteles
844 1936 976 1997 idoneam
993 1938 1116 1997 maxime
1139 1935 1174 1996 ad

168 2021 365 2086 ‚scribendum
387 2022 638 2081 demonstrativam
658 2022 874 2099 proximamque
897 2021 932 2081 ab
955 2040 989 2081 ea
1010 2021 1175 2081 iudicialem

185 2107 311 2183 putavit,
327 2105 465 2165 videlicet
480 2107 613 2183 quoniam
630 2106 709 2184 prior
726 2105 776 2165 illa
791 2114 851 2164 tota
867 2113 946 2164 esset
961 2106 1174 2180 ostentationis,

185 2188 258 2248 haec
276 2188 401 2249 secunda
422 2198 524 2266 egeret
545 2190 630 2263 artis,
651 2188 700 2249 vel
723 2188 758 2248 ad
782 2189 953 2263 fallendum,
975 2190 1001 2247 si
1021 2189 1060 2248 ita
1081 2205 1175 2267 popo·

144 2273 292 2331 descisset
310 2271 433 2348 utilitas,
456 2273 576 2354 consilia
593 2273 649 2332 lide
673 2272 881 2350 prudentiaque
898 2281 1072 2333 constarent.
1106 2271 1175 2345 Qui·

186 2355 239 2414 bus
255 2356 282 2413 in
298 2355 520 2416 demonstrativa
536 2357 697 2430 consentio,
712 2374 777 2415 nam
792 2365 821 2415 et
836 2373 934 2415 omnes
951 2356 999 2416 alii
1014 2357 1175 2434 scriptores

185 2439 260 2498 idem
285 2439 475 2507 tradiderunt;
501 2441 529 2499 in
553 2440 665 2500 iudiciis
688 2449 782 2499 autem
805 2441 994 2518 consiliisque
1017 2438 1176 2498 secundum

187 2523 384 2582 condicionem
405 2524 511 2602 ipsius,
534 2541 608 2602 quae
631 2523 814 2597 tractabitur,
835 2525 879 2583 rei
903 2521 1176 2583 accommodandum

144 2607 178 2662 65
188 2606 299 2694 dicendi
327 2608 415 2667 credo
439 2610 588 2667 rationem.
627 2605 697 2666 Natu
723 2616 752 2666 et
775 2606 949 2686 Philippicas
969 2606 1175 2666 Demosthenis
1212 2683 1213 2688 η

186 2691 286 2750 iisdem
314 2691 415 2769 quibus
438 2690 549 2751 habitas
575 2693 604 2750 in
631 2691 742 2750 iudiciis
766 2693 912 2751 orationes
935 2691 1020 2751 video
1046 2692 1176 2750 eminere
1211 2693 1213 2758 i

185 2774 352 2851 virtutibus,
376 2784 406 2835 et
425 2774 575 2836 Ciceronis
599 2775 760 2834 sententiae
781 2783 810 2834 et
833 2776 982 2835 contiones
1004 2790 1061 2832 nou
1082 2776 1175 2834 miuus
1210 2769 1212 2842 l

186 2858 310 2933 clarum,
332 2876 415 2936 quam
439 2868 483 2919 est
506 2860 534 2918 iu
549 2857 780 2920 accusationibus
801 2876 835 2918 ac
857 2857 1089 2930 defensionibus,
1113 2859 1175 2918 elo·
1210 2897 1211 2914 t

186 2944 318 3019 quentiae
344 2942 440 3003 lumen
466 2942 627 3003 ostendunt.
671 2941 748 3001 llicit
771 2950 865 3002 tamen
888 2943 963 3003 idem
984 2942 1020 3001 de
1043 2944 1175 3001 suasoris

185 3024 241 3084 hoc
256 3026 357 3086 modo:
382 3025 456 3088 l'oto
472 3036 573 3089 autem
588 3027 689 3087 orado
702 3026 832 3104 simplas
848 3035 876 3087 ct
888 3028 994 3104 prucis
1010 3034 1039 3087 et
1054 3036 1176 3088 scoten-
1208 3085 1209 3092 ,

144 3117 178 3172 66
186 3111 235 3168 tiis
254 3110 341 3170 debet
358 3112 495 3172 ornatior
513 3129 581 3171 esse
605 3127 697 3187 quum
715 3111 826 3172 cerdic
867 3109 956 3170 Usum
977 3109 1175 3186 exemplorum
1208 3163 1209 3172 ,

185 3191 254 3251 nulli
275 3196 412 3253 materiae
432 3194 522 3270 magis
544 3194 700 3252 convenire
720 3194 822 3252 merito
846 3193 909 3253 iere
930 3210 1030 3252 omnes
1053 3209 1175 3252 consen·

185 3276 272 3352 tiunt,
295 3294 358 3336 cum
375 3277 545 3356 plerumque
564 3276 715 3336 videantur
730 3277 910 3355 respondere
923 3278 1019 3337 lutura
1033 3278 1175 3355 praeteri·
1206 3329 1207 3334 ,

185 3360 237 3434 tis,
253 3358 449 3439 habeaturque
466 3361 691 3440 experimentum
706 3360 785 3420 velut
803 3362 944 3439 quoddam
959 3360 1078 3419 rationis
1094 3361 1177 3420 testi·

143 3452 176 3508 67
184 3444 317 3504 monium.
358 3443 488 3514 Brevitas
511 3460 628 3524 quoque
649 3452 697 3503 aut
720 3444 805 3522 copia
825 3461 882 3505 nou
901 3444 1044 3505 materiae
1063 3447 1178 3521 genere
