2434 3925
182 193 241 255 126
485 207 523 255 lt.
541 204 621 254 FAB.
642 193 862 266 buntmmtl

136 374 171 430 99
181 359 342 435 schemata,
363 361 515 437 sequentia
531 359 678 421 schemata
699 362 812 420 omnino
828 376 886 419 non
900 369 974 420 sunt.
1007 360 1085 421 item
1100 361 1188 424 Rati·

176 446 231 505 lius
246 454 364 523 praeter
380 462 425 520 ea,
442 462 516 522 quae
532 445 607 523 apud
623 444 697 504 alios
713 461 829 522 quoque
844 452 910 503 sunt
917 447 1184 526 ,cupopotcylmm

175 518 355 623 ἆνιιγιιαῖον,
375 522 555 605 ἠθοποιΐαν,
579 528 742 627 dtautoioyi
741 552 795 606 αν,
817 490 977 608 πρόληψιν,
998 551 1182 611 χαρακτηρι·

175 603 259 689 opor,
270 612 429 691 βραχιιογί
427 634 475 689 αν,
487 606 722 690 παρισιιιιιησιν,
738 611 913 692 cadmeas,
927 612 964 671 de
979 613 1090 690 quibus
1105 616 1181 675 idem

174 695 251 755 dico.
283 694 356 755 Nam
372 712 424 754 eos
440 696 555 773 quidem
570 706 717 770 auctores,
734 714 783 774 qm
775 697 905 756 nullum
919 714 1016 796 prope
1028 698 1125 757 tinem
1140 699 1178 757 ie

176 788 277 839 terunt
299 779 485 857 exquirendis
506 779 685 856 nominibus,
704 779 892 879 praeteribo,
911 782 958 858 qui
976 782 1084 861 etiam,
1101 800 1178 861 quae

175 873 240 923 sunt
260 872 503 940 argumentorum,
519 865 619 940 figuris
635 865 841 942 ascripserunt.

117 943 170 998 1⁰⁰
258 945 323 1024 Ego
341 947 410 1006 illud
426 947 497 1007 de”
478 966 513 1007 ns
530 949 632 1022 etiam,
654 965 730 1025 quae
746 966 818 1007 vere
833 957 914 1024 sunt,
932 949 1064 1009 adiiciam
1080 950 1178 1010 breri-
1204 918 1205 1039 ι

174 1039 235 1106 ter,
253 1032 328 1091 siout
343 1040 446 1090 ornent
462 1034 622 1091 orationem
639 1040 802 1110 opportune
819 1035 951 1111 positae,
973 1034 1012 1092 ιιι
1026 1034 1178 1111 ineptissi·
1204 1048 1205 1089 ι

174 1116 261 1174 simas
287 1134 372 1191 esse,
400 1134 463 1174 cnm
489 1117 641 1177 immodice
656 1125 799 1194 petantur.
855 1117 943 1190 Sunt,
965 1118 1013 1215 qni
1033 1117 1178 1215 pegiectu

173 1216 269 1258 rerum
290 1200 419 1277 pondere
440 1209 470 1258 et
490 1200 598 1260 viribus
623 1201 845 1275 sententiarum,
868 1203 892 1259 si
907 1200 983 1259 vel
975 1203 1070 1261 inania
1086 1203 1178 1263 verba

173 1284 203 1343 in
216 1282 270 1342 hos
284 1283 386 1347 modos
402 1283 611 1361 depravarunt,
627 1301 753 1343 summos
768 1302 801 1343 se
812 1284 938 1343 iudicent
950 1285 1078 1344 artifices
1093 1287 1178 1347 ideo

175 1383 232 1445 que
255 1383 312 1425 non
333 1368 463 1427 desinant
485 1386 535 1427 eas
556 1376 694 1443 nectere,
717 1385 788 1446 quas
810 1370 872 1426 sine
886 1368 1045 1428 substantia
1067 1372 1177 1430 sectari

176 1460 232 1510 tarn
254 1459 299 1509 est
320 1451 469 1511 ridiculum
492 1470 575 1529 quam
597 1469 740 1531 quaerere
766 1451 891 1511 habitum
910 1460 1085 1530 gestumque
1113 1457 1176 1513 sine

115 1545 310 1612 loleorpore.
353 1535 411 1595 Sed
432 1554 468 1594 ne
489 1554 542 1595 eae
564 1537 694 1614 quidem,
715 1554 788 1614 qnae
802 1545 884 1595 recte
900 1536 984 1611 fiunt,
1006 1536 1176 1598 densandae

173 1627 238 1677 sunt
259 1618 351 1678 nimis.
392 1618 463 1678 Nam
489 1629 519 1679 et
538 1621 634 1679 vultus
656 1620 773 1680 mutatio
794 1620 1001 1698 oculorumque
1022 1623 1175 1681 coniectus

172 1702 289 1761 multum
304 1704 332 1762 in
350 1712 417 1765 actu
429 1704 520 1772 volem
544 1705 597 1763 sed
613 1707 638 1764 si
653 1707 716 1784 quis
732 1704 840 1764 ducere
858 1721 891 1762 os
908 1705 1059 1782 exquisitis
1081 1706 1174 1765 modis

174 1797 202 1846 et
217 1786 320 1846 frontis
341 1807 377 1847 uc
394 1788 528 1848 luminum
542 1790 732 1851 inconstantia
748 1788 894 1866 trepidare
908 1806 965 1848 non
984 1789 1113 1848 desinat:
1140 1792 1172 1847 ιι·

173 1871 283 1931 dentur.
326 1872 364 1932 Et
379 1882 478 1932 orator
491 1872 578 1932 habet
592 1882 701 1933 rectam
714 1873 853 1950 quandam
867 1872 948 1931 velut
963 1872 1079 1948 faciem,
1100 1891 1173 1951 qnae

172 1965 203 2016 ιι
227 1966 344 2036 stupere
364 1956 501 2017 immobili
522 1959 621 2035 rigore
646 1975 703 2017 non
719 1956 854 2032 debebit,
882 1959 921 2017 ita
941 1958 1056 2035 saepius
1076 1958 1106 2016 in
1130 1976 1171 2032 ea,

114 2048 257 2118 lotquam
278 2051 377 2101 natura
395 2043 490 2117 dedit,
516 2043 618 2122 specie
635 2042 805 2102 continenda
826 2050 881 2101 est.
922 2041 1078 2100 Sciendum
1101 2057 1172 2100 vero

174 2128 202 2183 in
216 2126 332 2202 primis,
353 2126 422 2204 quid
439 2128 562 2204 quisque
584 2128 613 2185 in
628 2127 737 2186 orando
752 2125 881 2204 postulet
897 2126 998 2200 locus,
1021 2126 1092 2202 quid
1107 2144 1171 2203 per·

175 2225 262 2284 sona,
279 2210 346 2287 qnid
361 2219 483 2288 tempus.
512 2208 604 2270 Maior
621 2211 695 2269 enim
711 2228 778 2289 pars
793 2209 891 2269 harum
908 2210 1061 2285 figurarum
1078 2212 1172 2287 posita

175 2294 271 2351 estin
295 2292 498 2353 delectatione.
536 2294 590 2354 Ubi
613 2312 685 2354 vero
713 2296 881 2367 atrocitate,
904 2293 1026 2368 invidia,
1052 2294 1171 2353 misera·

173 2378 252 2434 tione
276 2378 456 2455 pugnandum
474 2386 532 2438 est:
560 2380 623 2456 quis
639 2379 713 2438 ferat
728 2378 931 2455 contrapositis
948 2386 977 2437 et
997 2379 1110 2455 pariter
1128 2396 1172 2437 ca·

145 2498 148 2507 ·
174 2460 306 2520 dentibus
322 2470 351 2520 et
363 2462 557 2524 consimilibus
569 2464 759 2536 irascentem,
774 2462 906 2537 flentem,
919 2458 1093 2538 rogantem?
1111 2479 1172 2521 oum

172 2547 202 2603 ιι
217 2543 261 2603 ιιι
278 2544 366 2604 rebus
382 2563 450 2605 cura
468 2546 623 2607 verborum
639 2547 763 2622 deroget
778 2545 928 2612 affectibus
948 2545 1048 2620 iidem,
1066 2555 1099 2605 et
1113 2545 1171 2607 ubi·

12 2641 15 2655 ·
72 2619 76 2630 ’
174 2627 287 2707 cunque
303 2646 350 2689 ars
365 2638 541 2706 ostentatur,
559 2632 667 2691 veritas
682 2631 787 2691 abesse
802 2631 944 2692 uideatur.

405 2805 412 2808 *
520 2784 563 2834 ott
577 2782 825 2836 composrmonlt.

256 2881 306 2941 IV
328 2881 374 2941 De
397 2884 669 2960 compositione
692 2899 749 2942 non
764 2881 897 2960 equidem
910 2878 1031 2961 postbi
1048 2878 1172 2940 Tullium

173 2965 303 3026 scribere
322 2966 473 3042 auderem,
501 2967 564 3045 (ιιι
584 2969 685 3027 ιιιιιο
704 2985 739 3027 ιι
757 2967 816 3027 ulla
833 2984 901 3045 pars
920 2966 1017 3044 operis
1033 2964 1121 3024 buius
1138 2965 1172 3023 sit

172 3051 263 3126 magis
279 3050 448 3129 elaborata)
472 3051 526 3110 nisi
542 3059 572 3110 et
592 3052 721 3111 eiusdem
737 3052 839 3110 aetatis
854 3050 985 3110 homines
1000 3050 1122 3126 seriptis
1139 3045 1171 3108 ad
1204 3093 1205 3098 η

172 3133 265 3209 ipsum
287 3136 371 3193 etiam
396 3136 499 3195 litteris
518 3134 735 3213 reprehendere
759 3135 789 3195 id
808 3135 972 3197 collocandi
992 3150 1088 3209 genus
1113 3131 1171 3192 ansi

173 3215 311 3293 inissent,
329 3226 359 3277 et
373 3228 440 3297 post
455 3238 519 3279 eum
534 3219 634 3297 piures
649 3220 736 3279 multa
750 3220 786 3280 ad
808 3217 928 3279 eandem
948 3235 1008 3277 rem
1025 3219 1170 3295 pertinen·

146 3301 209 3359 ttia
223 3303 378 3361 memoriae
397 3303 591 3380 tradidissent,
636 3303 736 3381 ltaque
758 3303 918 3364 accedam
910 3321 938 3361 rn
958 3301 1112 3380 plerisque
1126 3298 1169 3359 Ci-

174 3385 289 3459 eeroni,
315 3393 400 3461 atque
416 3387 444 3444 in
461 3389 495 3446 iis
512 3403 581 3462 ero,
606 3405 680 3464 quae
702 3386 858 3446 indubitata
876 3394 959 3462 sunt,
985 3385 1121 3458 brevior,
1143 3385 1170 3444 iu

173 3467 342 3546 quibusdam
371 3470 486 3547 paulum
513 3470 638 3531 fortasse
671 3471 844 3531 dissentiam.
892 3469 964 3530 Nam
993 3468 1077 3528 etiam
1109 3484 1169 3527 cum
