2434 3925
154 151 196 212 24
459 165 497 213 u.
513 165 590 212 uun.
606 163 826 224 qumnmmm

153 321 191 379 sit
211 338 260 379 res
280 319 421 395 lucidior,
443 336 500 379 uon
520 320 706 380 recedamus:
733 316 793 391 Oui
810 319 968 397 privatam
987 324 1155 400 pecuniam

110 406 191 466 tide
214 405 323 481 templo
344 405 510 481 surripuit,
531 405 689 481 sacrilepii
707 422 780 463 reus
799 409 853 463 erl.
889 400 980 482 Culpa
1000 407 1154 467 manifesta

153 497 212 554 est;
237 489 368 565 quaestio
393 498 453 563 est,
475 506 510 546 an
524 487 591 546 buic
606 488 714 547 crimini
729 504 848 562 nomen,
873 488 950 565 quod
966 499 1011 548 est
1027 492 1056 549 in
1071 491 1152 567 lege,

153 572 313 631 conveniat.
340 570 420 648 Ergo
437 571 605 648 ambigitur,
627 569 676 631 An
688 572 745 632 boc
760 573 955 649 sacrilepr‘um
969 575 1030 634 eil?
1055 573 1150 635 Accu·

151 664 244 727 sotor,
266 656 331 732 quia
355 656 391 715 de
413 656 522 733 templo
544 663 676 732 surrepta
699 657 735 713 sit
755 657 894 732 pecunia,
916 658 1003 715 utitur
1025 657 1083 717 hoc
1102 676 1149 717 no·

150 740 235 797 mine.
278 738 374 815 Reus,
397 742 463 817 quia
483 740 622 817 privatam
640 740 825 817 surripuerit,
846 748 933 816 negat
948 758 1015 800 esse
1030 743 1148 802 sacrile

88 887 90 894 ,
151 823 257 899 legium
278 823 330 882 sed
353 822 456 882 lurtum
477 823 592 882 latetur.
629 822 720 882 Actor
742 840 814 899 ergo
839 824 877 882 ita
899 824 991 898 liniet,
1015 824 1147 887 Sacrile-

148 909 232 983 pium
242 915 287 968 est
301 910 460 986 surripere
473 908 590 984 aliquid
604 907 644 967 de
654 925 756 969 sucro.
787 906 865 966 Reus
879 909 918 967 ita
932 908 1026 984 liniet,
1042 909 1147 971 Sacri·

108 993 258 1068 bsslepiuru
273 1000 318 1052 eol
330 994 490 1070 surripere
503 992 623 1068 aliquid
636 991 732 1054 cadri.
760 990 890 1068 Uterque
903 992 1059 1054 linitionem
1079 995 1147 1054 alte·

150 1077 209 1133 rius
230 1077 385 1152 impugnat.
414 1075 456 1134 Ea
475 1075 587 1134 duobus
607 1075 763 1151 generibus
783 1076 937 1150 evertitur,
960 1078 986 1135 si
1006 1086 1054 1136 aut
1077 1079 1147 1138 falsa
1186 1083 1187 1086 ’

152 1168 197 1218 est
212 1167 259 1218 aut
274 1177 373 1237 parum
387 1159 484 1236 plena.
514 1159 586 1218 Nam
601 1158 672 1219 illud
685 1160 798 1218 tertium
818 1160 872 1217 uisi
891 1160 984 1219 stultis
1000 1178 1059 1220 non
1074 1162 1146 1221 acci·

108 1248 143 1301 24
152 1244 207 1316 dit,
235 1252 266 1302 ut
287 1242 356 1302 nihil
379 1244 414 1302 ad
430 1244 629 1321 quaestionem
649 1245 800 1321 pertineat.
832 1241 918 1303 Falsa
934 1254 994 1318 est,
1017 1246 1046 1302 si·
1059 1245 1147 1319 dicas,

150 1324 258 1403 Equus
269 1336 314 1387 ert
332 1328 450 1387 ouimcl
464 1329 630 1398 rationale;
645 1345 708 1386 nam
724 1336 768 1386 est
786 1344 877 1404 equus
892 1328 994 1387 animal
1011 1329 1065 1387 sed
1081 1332 1146 1388 irra-

150 1411 267 1469 tionale.
300 1408 383 1482 Quod
406 1419 500 1470 autem
521 1408 673 1490 commune
694 1429 758 1470 cum
778 1409 836 1470 alio
858 1421 916 1486 est,
943 1412 1058 1472 desinet
1084 1430 1147 1472 esse
1186 1459 1187 1478 ,

150 1495 306 1571 proprium.
340 1493 394 1553 Hic
415 1513 482 1553 reus
498 1494 600 1554 falsam
614 1496 681 1554 dicit
696 1513 764 1554 esse
784 1495 941 1554 linitionem
958 1498 1145 1577 ¹accusatoris,
1186 1531 1187 1542 κ

150 1588 303 1638 accusator
328 1587 421 1637 autem
449 1595 506 1637 non
535 1587 633 1657 potest
658 1579 757 1638 dicere
783 1579 884 1638 falsam
913 1581 972 1646 rei;
1009 1598 1075 1639 nam
1106 1588 1145 1639 est

151 1662 333 1738 sacrilegium
344 1665 505 1741 surripere
514 1662 632 1742 aliquid
643 1663 815 1732 occurred
831 1662 899 1722 dicit
913 1681 1011 1741 panum
1023 1664 1144 1741 plenam,
1186 1659 1187 1670 ’

109 1745 341 1808 ubadiicieudum
367 1750 440 1807 enim
467 1757 522 1808 aut
548 1767 587 1809 ecc
611 1766 713 1809 sacro·
754 1746 892 1806 Maximus
915 1756 1008 1806 autem
1028 1766 1101 1806 usus
1120 1748 1144 1806 in

150 1829 337 1908 approbando
361 1832 583 1910 refellendoque
604 1823 868 1909 line-propriorum
891 1848 925 1890 ao
947 1819 1143 1903 differentium,

77 1913 1144 1993 ,mmmmfflmmmffl

149 2000 179 2058 in
196 2002 319 2074 ceteris,
339 2001 487 2059 confirmat
504 2002 651 2078 aequitas,
667 2017 867 2077 nonnunquam
882 2002 966 2059 etiam
982 2001 1144 2059 coniectura

149 2085 262 2143 mentis.
289 2083 473 2160 Etpmologia
488 2086 610 2143 maxime
626 2102 690 2143 rara
705 2089 766 2143 e'st:
795 2081 878 2156 Ouid
897 2087 974 2144 euim
994 2092 1038 2144 est
1062 2082 1145 2146 aliud

150 2169 351 2244 tumultur,
369 2171 431 2228 uini
441 2169 634 2246 perturbatio
649 2176 756 2245 touta,
771 2177 804 2229 ut
817 2170 916 2229 motor
937 2170 1050 2229 timor
1065 2169 1144 2228 orio

108 2253 225 2318 natur?
255 2249 342 2312 Unde
365 2254 456 2312 etium
479 2272 587 2313 nomen
610 2254 734 2313 ductum
761 2260 806 2312 eet
829 2253 1011 2313 tumultus
1065 2249 1159 2310 Circa·

150 2337 268 2412 propria
284 2353 318 2394 ac
332 2335 492 2395 differentia
507 2354 609 2412 magna
625 2334 783 2395 subtilitas:
799 2340 829 2394 ut
845 2353 908 2394 cum
923 2337 1086 2413 quaeritur,
1102 2331 1145 2394 Au

150 2420 312 2494 addictus,
334 2434 421 2496 qucm
443 2420 495 2480 lec
508 2422 642 2494 seruire,
665 2421 762 2501 donec
775 2420 913 2496 selueru,
927 2421 1025 2494 iudet,
1041 2435 1146 2479 seruus

149 2503 210 2561 sit?
236 2502 338 2561 'Altera
353 2521 419 2580 pars
436 2503 495 2562 linit
510 2505 565 2578 ita,
591 2502 709 2565 Seruus
721 2513 782 2581 ert,
801 2505 854 2580 qui
868 2511 913 2564 est
926 2505 994 2564 iure
1008 2505 1041 2563 iu
1054 2501 1145 2564 seroi-
1186 2500 1187 2559 Τ

150 2593 212 2646 tute
218 2609 231 2654 ;
253 2586 361 2660 altera,
383 2589 435 2664 qui
453 2590 486 2648 in
505 2591 650 2649 seruitute
667 2596 712 2648 est
725 2607 760 2649 eo
773 2590 858 2663 iure,
878 2603 936 2664 quo
949 2604 1075 2661 seruus,
1091 2593 1145 2658 aut,

150 2680 181 2729 ut
211 2671 317 2748 antiqui
346 2670 495 2747 dixerunt,
522 2675 574 2749 qui
597 2674 770 2733 seruitutem
795 2674 896 2732 seruit.
937 2670 1018 2743 Quae
1046 2670 1144 2742 linitio,

151 2755 261 2814 etiamsi
276 2754 361 2814 distat
377 2755 491 2832 aliquo,
513 2759 567 2816 nisi
584 2766 679 2817 tamen
696 2750 821 2834 propriis
842 2764 871 2815 et
886 2754 1085 2816 differentibus
1101 2751 1144 2812 ad·
1186 2746 1187 2759 ¹

110 2840 278 2912 uliuvntur,
303 2841 393 2898 inanis
420 2849 474 2898 est.
515 2840 601 2900 Dicet
627 2842 701 2900 euim
731 2840 929 2916 adversarius,
955 2839 1067 2900 servire
1085 2852 1144 2896 eum

151 2925 317 2981 servitutem
333 2932 380 2983 aut
397 2941 432 2982 eo
448 2925 526 3000 iure,
546 2942 603 3004 quo
619 2942 742 2983 servum.
776 2924 930 2983 Videamus
946 2940 1017 3001 ergo
1030 2920 1144 3001 propria

152 3012 180 3062 et
195 3006 370 3081 differentia,
393 3026 466 3086 quae
483 3007 557 3068 libro
573 3011 671 3087 quinto
688 3008 792 3067 leviter
811 3009 840 3066 iu
854 3009 973 3067 transitu
987 3009 1141 3083 attigeram.

151 3089 276 3164 Servus,
298 3109 361 3149 cum
385 3094 601 3167 manumittitur,
630 3093 660 3151 lit
681 3091 848 3166 libertinus,
875 3091 1004 3152 addictus
1027 3097 1142 3168 recepta

151 3170 284 3232 libertate
309 3176 463 3251 ingenuum
495 3193 596 3234 servus
620 3177 708 3235 invito
734 3176 847 3235 domino
876 3175 1062 3253 [libertatem]
1091 3187 1142 3231 nou

152 3266 360 3333 consequetur:
383 3260 418 3318 ad
440 3277 553 3318 servum
574 3259 651 3319 nulla
673 3259 722 3318 lex
738 3261 881 3337 pertinet,
901 3259 1030 3318 addictus
1051 3257 1141 3334 legem

152 3338 248 3398 habet.
281 3340 400 3418 Propria
423 3342 523 3417 liberi,
545 3362 619 3422 quae
635 3360 718 3402 nemo
737 3342 824 3402 habet
843 3344 897 3402 nisi
912 3342 1001 3416 liber,
1023 3354 1140 3419 praeno·

151 3441 232 3503 meu,
248 3442 368 3501 nomen,
386 3441 563 3502 cognomen,
580 3426 699 3503 tribum,
715 3426 802 3486 habet
817 3426 891 3486 baec
905 3426 1044 3487 addictus.
