<?xml version="1.0" encoding="UTF-8"?>
<!DOCTYPE html PUBLIC "-//W3C//DTD XHTML 1.0 Transitional//EN"
    "http://www.w3.org/TR/xhtml1/DTD/xhtml1-transitional.dtd">
<html xmlns="http://www.w3.org/1999/xhtml" xml:lang="en" lang="en">
 <head>
  <title>
</title>
<meta http-equiv="Content-Type" content="text/html;charset=utf-8" />
  <meta name='ocr-system' content='tesseract 3.04.00' />
  <meta name='ocr-capabilities' content='ocr_page ocr_carea ocr_par ocr_line ocrx_word'/>
</head>
<body>
  <div class='ocr_page' id='page_1' title='image "./mfabiiquintilia08bonngoog_0524.png"; bbox 0 0 2434 3925; ppageno 0'>
   <div class='ocr_carea' id='block_1_1' title="bbox 185 217 870 289">
    <p class='ocr_par' dir='ltr' id='par_1_1' title="bbox 185 217 870 289">
     <span class='ocr_line' id='line_1_1' title="bbox 185 217 870 289; baseline -0.003 -11"><span class='ocrx_word' id='word_1_1' title='bbox 185 217 244 283; x_wconf 83' lang='lat'>11⁰</span> <span class='ocrx_word' id='word_1_2' title='bbox 509 226 870 289; x_wconf 73' lang='lat' dir='ltr'>sr.nse.oumrm1anu</span> 
     </span>
    </p>
   </div>
   <div class='ocr_carea' id='block_1_2' title="bbox 122 380 1208 3314">
    <p class='ocr_par' dir='ltr' id='par_1_2' title="bbox 122 380 1208 3314">
     <span class='ocr_line' id='line_1_2' title="bbox 183 380 1190 484; baseline 0.007 -41"><span class='ocrx_word' id='word_1_3' title='bbox 183 380 362 484; x_wconf 77' lang='lat' dir='ltr'>posuerunt,</span> <span class='ocrx_word' id='word_1_4' title='bbox 380 380 502 443; x_wconf 85' lang='lat' dir='ltr'>Rutilius</span> <span class='ocrx_word' id='word_1_5' title='bbox 523 383 639 462; x_wconf 79' lang='lat' dir='ltr'>quidem</span> <span class='ocrx_word' id='word_1_6' title='bbox 653 382 773 462; x_wconf 83' lang='lat' dir='ltr'>Lupus</span> <span class='ocrx_word' id='word_1_7' title='bbox 764 402 794 442; x_wconf 91' lang='lat' dir='ltr'>m</span> <span class='ocrx_word' id='word_1_8' title='bbox 809 392 934 464; x_wconf 88' lang='lat' dir='ltr'>utroque</span> <span class='ocrx_word' id='word_1_9' title='bbox 948 402 1079 463; x_wconf 80' lang='lat' dir='ltr'>genere,</span> <span class='ocrx_word' id='word_1_10' title='bbox 1104 387 1190 468; x_wconf 87' lang='lat' dir='ltr'>idque</span> 
     </span>
     <span class='ocr_line' id='line_1_3' title="bbox 184 462 448 527; baseline -0.004 0"><span class='ocrx_word' id='word_1_11' title='bbox 184 462 339 527; x_wconf 81' lang='grc' dir='ltr'><strong><em>ἆνιίθιτον</em></strong></span> <span class='ocrx_word' id='word_1_12' title='bbox 351 477 448 526; x_wconf 82' lang='lat' dir='ltr'>vocat.</span> 
     </span>
     <span class='ocr_line' id='line_1_4' title="bbox 126 549 1186 632; baseline 0.004 -22"><span class='ocrx_word' id='word_1_13' title='bbox 126 556 179 610; x_wconf 75' lang='lat' dir='ltr'>loa</span> <span class='ocrx_word' id='word_1_14' title='bbox 269 550 390 612; x_wconf 79' lang='lat' dir='ltr'>Praeter</span> <span class='ocrx_word' id='word_1_15' title='bbox 404 551 455 610; x_wconf 94' lang='lat' dir='ltr'>illa</span> <span class='ocrx_word' id='word_1_16' title='bbox 469 568 541 609; x_wconf 86' lang='lat' dir='ltr'>vero</span> <span class='ocrx_word' id='word_1_17' title='bbox 549 568 654 628; x_wconf 91' lang='lat' dir='ltr'>,quae</span> <span class='ocrx_word' id='word_1_18' title='bbox 671 549 776 611; x_wconf 84' lang='lat' dir='ltr'>Cicero</span> <span class='ocrx_word' id='word_1_19' title='bbox 796 552 871 610; x_wconf 91' lang='lat' dir='ltr'>inter</span> <span class='ocrx_word' id='word_1_20' title='bbox 886 551 989 611; x_wconf 90' lang='lat' dir='ltr'>lumina</span> <span class='ocrx_word' id='word_1_21' title='bbox 1006 555 1110 632; x_wconf 87' lang='lat' dir='ltr'>posuit</span> <span class='ocrx_word' id='word_1_22' title='bbox 1127 575 1186 616; x_wconf 87' lang='lat' dir='ltr'>sen·</span> 
     </span>
     <span class='ocr_line' id='line_1_5' title="bbox 187 634 1184 713; baseline 0.004 -19"><span class='ocrx_word' id='word_1_23' title='bbox 187 635 352 712; x_wconf 86' lang='lat' dir='ltr'>tentiarurn,</span> <span class='ocrx_word' id='word_1_24' title='bbox 374 635 462 694; x_wconf 88' lang='lat' dir='ltr'>multa</span> <span class='ocrx_word' id='word_1_25' title='bbox 482 635 538 694; x_wconf 90' lang='lat' dir='ltr'>alia</span> <span class='ocrx_word' id='word_1_26' title='bbox 555 644 585 693; x_wconf 91' lang='lat' dir='ltr'>et</span> <span class='ocrx_word' id='word_1_27' title='bbox 600 635 676 693; x_wconf 92' lang='lat' dir='ltr'>idem</span> <span class='ocrx_word' id='word_1_28' title='bbox 691 634 814 693; x_wconf 89' lang='lat' dir='ltr'>Rutilius</span> <span class='ocrx_word' id='word_1_29' title='bbox 831 635 957 712; x_wconf 86' lang='lat' dir='ltr'>Gorgian</span> <span class='ocrx_word' id='word_1_30' title='bbox 972 647 1113 713; x_wconf 89' lang='lat' dir='ltr'>secutus,</span> <span class='ocrx_word' id='word_1_31' title='bbox 1137 658 1184 699; x_wconf 91' lang='lat' dir='ltr'>non</span> 
     </span>
     <span class='ocr_line' id='line_1_6' title="bbox 184 718 1183 798; baseline 0.001 -19"><span class='ocrx_word' id='word_1_32' title='bbox 184 718 264 779; x_wconf 88' lang='lat' dir='ltr'>illum</span> <span class='ocrx_word' id='word_1_33' title='bbox 278 718 446 779; x_wconf 81' lang='lat' dir='ltr'>Leontinum</span> <span class='ocrx_word' id='word_1_34' title='bbox 461 718 514 777; x_wconf 90' lang='lat' dir='ltr'>sed</span> <span class='ocrx_word' id='word_1_35' title='bbox 529 719 614 777; x_wconf 90' lang='lat' dir='ltr'>alium</span> <span class='ocrx_word' id='word_1_36' title='bbox 625 721 668 777; x_wconf 91' lang='lat' dir='ltr'>sui</span> <span class='ocrx_word' id='word_1_37' title='bbox 681 721 835 796; x_wconf 88' lang='lat' dir='ltr'>temporis,</span> <span class='ocrx_word' id='word_1_38' title='bbox 852 722 933 778; x_wconf 88' lang='lat' dir='ltr'>cuius</span> <span class='ocrx_word' id='word_1_39' title='bbox 945 730 1082 798; x_wconf 93' lang='lat' dir='ltr'>quattuor</span> <span class='ocrx_word' id='word_1_40' title='bbox 1100 723 1183 784; x_wconf 86' lang='lat' dir='ltr'>libros</span> 
     </span>
     <span class='ocr_line' id='line_1_7' title="bbox 183 800 1208 878; baseline 0.004 -16"><span class='ocrx_word' id='word_1_41' title='bbox 183 806 212 862; x_wconf 92' lang='lat' dir='ltr'>in</span> <span class='ocrx_word' id='word_1_42' title='bbox 228 822 313 862; x_wconf 91' lang='lat' dir='ltr'>unum</span> <span class='ocrx_word' id='word_1_43' title='bbox 338 821 419 862; x_wconf 93' lang='lat' dir='ltr'>suum</span> <span class='ocrx_word' id='word_1_44' title='bbox 438 802 596 876; x_wconf 79' lang='lat' dir='ltr'>transtulit</span> <span class='ocrx_word' id='word_1_45' title='bbox 623 811 652 860; x_wconf 90' lang='lat' dir='ltr'>et</span> <span class='ocrx_word' id='word_1_46' title='bbox 667 800 790 878; x_wconf 86' lang='lat' dir='ltr'>Celsus,</span> <span class='ocrx_word' id='word_1_47' title='bbox 810 804 948 863; x_wconf 88' lang='lat' dir='ltr'>videlicet</span> <span class='ocrx_word' id='word_1_48' title='bbox 970 803 1080 864; x_wconf 89' lang='lat' dir='ltr'>Rutilio</span> <span class='ocrx_word' id='word_1_49' title='bbox 1107 826 1208 868; x_wconf 82' lang='lat' dir='ltr'>acce</span> 
     </span>
     <span class='ocr_line' id='line_1_8' title="bbox 127 878 1208 966; baseline 0.004 -19"><span class='ocrx_word' id='word_1_50' title='bbox 127 888 271 961; x_wconf 80' lang='lat' dir='ltr'>103dens,</span> <span class='ocrx_word' id='word_1_51' title='bbox 290 895 450 965; x_wconf 90' lang='lat' dir='ltr'>posueruut</span> <span class='ocrx_word' id='word_1_52' title='bbox 464 886 626 945; x_wconf 89' lang='lat' dir='ltr'>schemata:</span> <span class='ocrx_word' id='word_1_53' title='bbox 643 884 939 963; x_wconf 75' lang='lat' dir='ltr'>consummationem,</span> <span class='ocrx_word' id='word_1_54' title='bbox 957 906 1042 966; x_wconf 89' lang='lat' dir='ltr'>quam</span> <span class='ocrx_word' id='word_1_55' title='bbox 1060 878 1208 951; x_wconf 79' lang='lat' dir='ltr'>Gnaeum</span> 
     </span>
     <span class='ocr_line' id='line_1_9' title="bbox 184 964 1182 1048; baseline 0.004 -18"><span class='ocrx_word' id='word_1_56' title='bbox 184 964 331 1048; x_wconf 74' lang='grc' dir='ltr'><strong><em>διαμάχην</em></strong></span> <span class='ocrx_word' id='word_1_57' title='bbox 346 980 448 1045; x_wconf 88' lang='lat' dir='ltr'>vocat,</span> <span class='ocrx_word' id='word_1_58' title='bbox 466 988 530 1029; x_wconf 93' lang='lat' dir='ltr'>cum</span> <span class='ocrx_word' id='word_1_59' title='bbox 545 971 628 1046; x_wconf 93' lang='lat' dir='ltr'>plura</span> <span class='ocrx_word' id='word_1_60' title='bbox 646 979 813 1047; x_wconf 90' lang='lat' dir='ltr'>argumenta</span> <span class='ocrx_word' id='word_1_61' title='bbox 828 971 864 1030; x_wconf 92' lang='lat' dir='ltr'>ad</span> <span class='ocrx_word' id='word_1_62' title='bbox 878 990 963 1030; x_wconf 90' lang='lat' dir='ltr'>unum</span> <span class='ocrx_word' id='word_1_63' title='bbox 983 973 1127 1034; x_wconf 85' lang='lat' dir='ltr'>ellectum</span> <span class='ocrx_word' id='word_1_64' title='bbox 1145 975 1182 1036; x_wconf 82' lang='lat' dir='ltr'>de</span> 
     </span>
     <span class='ocr_line' id='line_1_10' title="bbox 184 1048 1183 1134; baseline 0.004 -20"><span class='ocrx_word' id='word_1_65' title='bbox 184 1054 339 1121; x_wconf 89' lang='lat' dir='ltr'>ducuntur;</span> <span class='ocrx_word' id='word_1_66' title='bbox 368 1053 575 1133; x_wconf 84' lang='lat' dir='ltr'>Consequens,</span> <span class='ocrx_word' id='word_1_67' title='bbox 597 1052 649 1112; x_wconf 92' lang='lat' dir='ltr'>ille</span> <span class='ocrx_word' id='word_1_68' title='bbox 670 1048 923 1132; x_wconf 77' lang='grc' dir='ltr'><strong><em>ἐπακολούθησιν,</em></strong></span> <span class='ocrx_word' id='word_1_69' title='bbox 945 1056 981 1114; x_wconf 91' lang='lat' dir='ltr'>de</span> <span class='ocrx_word' id='word_1_70' title='bbox 1004 1073 1063 1134; x_wconf 92' lang='lat' dir='ltr'>quo</span> <span class='ocrx_word' id='word_1_71' title='bbox 1084 1077 1145 1118; x_wconf 90' lang='lat' dir='ltr'>nos</span> <span class='ocrx_word' id='word_1_72' title='bbox 1164 1061 1183 1117; x_wconf 90' lang='lat' dir='ltr'>in</span> 
     </span>
     <span class='ocr_line' id='line_1_11' title="bbox 184 1135 1182 1217; baseline 0.004 -19"><span class='ocrx_word' id='word_1_73' title='bbox 184 1141 359 1214; x_wconf 81' lang='lat' dir='ltr'>argumentis</span> <span class='ocrx_word' id='word_1_74' title='bbox 377 1139 512 1204; x_wconf 69' lang='lat' dir='ltr'>diximum</span> <span class='ocrx_word' id='word_1_75' title='bbox 543 1135 772 1213; x_wconf 84' lang='lat' dir='ltr'>Collectionem,</span> <span class='ocrx_word' id='word_1_76' title='bbox 796 1140 843 1216; x_wconf 91' lang='lat' dir='ltr'>qni</span> <span class='ocrx_word' id='word_1_77' title='bbox 864 1139 940 1217; x_wconf 90' lang='lat' dir='ltr'>apud</span> <span class='ocrx_word' id='word_1_78' title='bbox 954 1140 1034 1199; x_wconf 89' lang='lat' dir='ltr'>illum</span> <span class='ocrx_word' id='word_1_79' title='bbox 1057 1152 1107 1201; x_wconf 85' lang='lat' dir='ltr'>est</span> <span class='ocrx_word' id='word_1_80' title='bbox 1129 1148 1182 1204; x_wconf 81' lang='lat' dir='ltr'>ool·</span> 
     </span>
     <span class='ocr_line' id='line_1_12' title="bbox 184 1215 1208 1320; baseline 0.004 -39"><span class='ocrx_word' id='word_1_81' title='bbox 184 1216 334 1320; x_wconf 78' lang='grc' dir='ltr'><strong><em>λογισμός</em></strong></span> <span class='ocrx_word' id='word_1_82' title='bbox 351 1221 459 1297; x_wconf 79' lang='lat' dir='ltr'>Minae,</span> <span class='ocrx_word' id='word_1_83' title='bbox 472 1221 546 1280; x_wconf 84' lang='lat' dir='ltr'>idem</span> <span class='ocrx_word' id='word_1_84' title='bbox 559 1215 754 1299; x_wconf 77' lang='grc' dir='ltr'><strong><em>κατάπληξιν·</em></strong></span> <span class='ocrx_word' id='word_1_85' title='bbox 773 1221 1010 1282; x_wconf 85' lang='lat' dir='ltr'>Exhortationenr</span> <span class='ocrx_word' id='word_1_86' title='bbox 1019 1246 1208 1309; x_wconf 17' lang='lat' dir='ltr'>vacuentur</span> 
     </span>
     <span class='ocr_line' id='line_1_13' title="bbox 182 1301 1208 1387; baseline 0.004 -21"><span class='ocrx_word' id='word_1_87' title='bbox 182 1301 273 1366; x_wconf 86' lang='grc' dir='ltr'><strong><em>τικόν</em></strong></span> <span class='ocrx_word' id='word_1_88' title='bbox 314 1306 441 1379; x_wconf 81' lang='lat' dir='ltr'>Quorum</span> <span class='ocrx_word' id='word_1_89' title='bbox 461 1306 531 1365; x_wconf 91' lang='lat' dir='ltr'>nihil</span> <span class='ocrx_word' id='word_1_90' title='bbox 552 1322 609 1365; x_wconf 90' lang='lat' dir='ltr'>non</span> <span class='ocrx_word' id='word_1_91' title='bbox 630 1315 741 1365; x_wconf 89' lang='lat' dir='ltr'>rectum</span> <span class='ocrx_word' id='word_1_92' title='bbox 763 1316 824 1381; x_wconf 90' lang='lat' dir='ltr'>est,</span> <span class='ocrx_word' id='word_1_93' title='bbox 848 1307 902 1366; x_wconf 89' lang='lat' dir='ltr'>nisi</span> <span class='ocrx_word' id='word_1_94' title='bbox 924 1325 987 1367; x_wconf 89' lang='lat' dir='ltr'>curn</span> <span class='ocrx_word' id='word_1_95' title='bbox 1007 1306 1208 1387; x_wconf 88' lang='lat' dir='ltr'>aliquam</span> <span class='ocrx_word' id='word_1_96' title='bbox 1158 1329 1184 1369; x_wconf 84' lang='grc' dir='ltr'>ιι</span> 
     </span>
     <span class='ocr_line' id='line_1_14' title="bbox 125 1389 1183 1468; baseline 0.007 -23"><span class='ocrx_word' id='word_1_97' title='bbox 125 1390 245 1464; x_wconf 77' lang='grc' dir='ltr'><strong><em>Ιοιιιιι,</em></strong></span> <span class='ocrx_word' id='word_1_98' title='bbox 262 1390 299 1449; x_wconf 92' lang='lat' dir='ltr'>de</span> <span class='ocrx_word' id='word_1_99' title='bbox 315 1390 418 1467; x_wconf 88' lang='lat' dir='ltr'>quibus</span> <span class='ocrx_word' id='word_1_100' title='bbox 434 1389 524 1449; x_wconf 89' lang='lat' dir='ltr'>locuti</span> <span class='ocrx_word' id='word_1_101' title='bbox 542 1408 638 1448; x_wconf 90' lang='lat' dir='ltr'>sumus</span> <span class='ocrx_word' id='word_1_102' title='bbox 645 1389 793 1466; x_wconf 86' lang='lat' dir='ltr'>,liguram</span> <span class='ocrx_word' id='word_1_103' title='bbox 810 1391 926 1468; x_wconf 89' lang='lat' dir='ltr'>accipit</span> <span class='ocrx_word' id='word_1_104' title='bbox 971 1391 1095 1452; x_wconf 87' lang='lat' dir='ltr'>Praeter</span> <span class='ocrx_word' id='word_1_105' title='bbox 1119 1394 1183 1454; x_wconf 81' lang='lat' dir='ltr'>haec</span> 
     </span>
     <span class='ocr_line' id='line_1_15' title="bbox 183 1473 1182 1549; baseline 0.007 -18"><span class='ocrx_word' id='word_1_106' title='bbox 183 1473 288 1532; x_wconf 87' lang='lat' dir='ltr'>Celsus</span> <span class='ocrx_word' id='word_1_107' title='bbox 305 1473 481 1548; x_wconf 84' lang='lat' dir='ltr'>excludere,</span> <span class='ocrx_word' id='word_1_108' title='bbox 499 1491 688 1548; x_wconf 89' lang='lat' dir='ltr'>asseverare,</span> <span class='ocrx_word' id='word_1_109' title='bbox 708 1475 889 1549; x_wconf 80' lang='lat' dir='ltr'>detrectare,</span> <span class='ocrx_word' id='word_1_110' title='bbox 906 1477 1035 1535; x_wconf 86' lang='lat' dir='ltr'>excitare</span> <span class='ocrx_word' id='word_1_111' title='bbox 1052 1477 1182 1538; x_wconf 88' lang='lat' dir='ltr'>iudicem.</span> 
     </span>
     <span class='ocr_line' id='line_1_16' title="bbox 181 1552 1182 1634; baseline 0.005 -19"><span class='ocrx_word' id='word_1_112' title='bbox 181 1557 346 1634; x_wconf 84' lang='lat' dir='ltr'>proverbiis</span> <span class='ocrx_word' id='word_1_113' title='bbox 363 1559 420 1632; x_wconf 90' lang='lat' dir='ltr'>uti,</span> <span class='ocrx_word' id='word_1_114' title='bbox 443 1565 473 1616; x_wconf 90' lang='lat' dir='ltr'>et</span> <span class='ocrx_word' id='word_1_115' title='bbox 493 1557 628 1616; x_wconf 90' lang='lat' dir='ltr'>versibus</span> <span class='ocrx_word' id='word_1_116' title='bbox 646 1567 675 1617; x_wconf 90' lang='lat' dir='ltr'>et</span> <span class='ocrx_word' id='word_1_117' title='bbox 696 1558 762 1616; x_wconf 88' lang='lat' dir='ltr'>ioco</span> <span class='ocrx_word' id='word_1_118' title='bbox 779 1552 935 1618; x_wconf 77' lang='lat' dir='ltr'>et‘invidia</span> <span class='ocrx_word' id='word_1_119' title='bbox 956 1569 985 1618; x_wconf 95' lang='lat' dir='ltr'>et</span> <span class='ocrx_word' id='word_1_120' title='bbox 999 1561 1182 1622; x_wconf 83' lang='lat' dir='ltr'>invocatione</span> 
     </span>
     <span class='ocr_line' id='line_1_17' title="bbox 182 1640 1208 1722; baseline 0.007 -23"><span class='ocrx_word' id='word_1_121' title='bbox 182 1640 332 1701; x_wconf 88' lang='lat' dir='ltr'>intendere</span> <span class='ocrx_word' id='word_1_122' title='bbox 346 1644 470 1716; x_wconf 80' lang='lat' dir='ltr'>crimen,</span> <span class='ocrx_word' id='word_1_123' title='bbox 488 1641 565 1719; x_wconf 94' lang='lat' dir='ltr'>quod</span> <span class='ocrx_word' id='word_1_124' title='bbox 582 1651 628 1700; x_wconf 87' lang='lat' dir='ltr'>est</span> <span class='ocrx_word' id='word_1_125' title='bbox 644 1640 789 1716; x_wconf 81' lang='grc' dir='ltr'><strong><em>δείνωσις,</em></strong></span> <span class='ocrx_word' id='word_1_126' title='bbox 806 1642 933 1718; x_wconf 91' lang='lat' dir='ltr'>adulari,</span> <span class='ocrx_word' id='word_1_127' title='bbox 951 1644 1132 1722; x_wconf 84' lang='lat' dir='ltr'>ignoscere,</span> <span class='ocrx_word' id='word_1_128' title='bbox 1150 1648 1181 1706; x_wconf 90' lang='lat' dir='ltr'>ia·</span> <span class='ocrx_word' id='word_1_129' title='bbox 1207 1662 1208 1673; x_wconf 59' lang='lat'>¹</span> 
     </span>
     <span class='ocr_line' id='line_1_18' title="bbox 183 1724 1180 1806; baseline 0.007 -24"><span class='ocrx_word' id='word_1_130' title='bbox 183 1724 302 1801; x_wconf 91' lang='lat' dir='ltr'>stidire,</span> <span class='ocrx_word' id='word_1_131' title='bbox 322 1726 493 1799; x_wconf 91' lang='lat' dir='ltr'>admonere,</span> <span class='ocrx_word' id='word_1_132' title='bbox 517 1726 707 1801; x_wconf 85' lang='lat' dir='ltr'>satisfacere,</span> <span class='ocrx_word' id='word_1_133' title='bbox 732 1729 864 1803; x_wconf 86' lang='lat' dir='ltr'>precari,</span> <span class='ocrx_word' id='word_1_134' title='bbox 889 1729 1056 1804; x_wconf 89' lang='lat' dir='ltr'>corripere,</span> <span class='ocrx_word' id='word_1_135' title='bbox 1080 1729 1180 1806; x_wconf 81' lang='lat' dir='ltr'>figuras</span> 
     </span>
     <span class='ocr_line' id='line_1_19' title="bbox 125 1809 1180 1888; baseline 0.007 -22"><span class='ocrx_word' id='word_1_136' title='bbox 125 1817 272 1887; x_wconf 69' lang='lat' dir='ltr'>lasputat.</span> <span class='ocrx_word' id='word_1_137' title='bbox 312 1809 497 1870; x_wconf 86' lang='lat' dir='ltr'>Partitiouem</span> <span class='ocrx_word' id='word_1_138' title='bbox 519 1827 635 1888; x_wconf 89' lang='lat' dir='ltr'>quoque</span> <span class='ocrx_word' id='word_1_139' title='bbox 658 1819 688 1869; x_wconf 88' lang='lat' dir='ltr'>et</span> <span class='ocrx_word' id='word_1_140' title='bbox 709 1812 938 1888; x_wconf 87' lang='lat' dir='ltr'>propositionem</span> <span class='ocrx_word' id='word_1_141' title='bbox 968 1821 996 1870; x_wconf 87' lang='lat' dir='ltr'>et</span> <span class='ocrx_word' id='word_1_142' title='bbox 1016 1812 1180 1873; x_wconf 88' lang='lat' dir='ltr'>divisionem</span> 
     </span>
     <span class='ocr_line' id='line_1_20' title="bbox 183 1893 1179 1993; baseline 0.003 -41"><span class='ocrx_word' id='word_1_143' title='bbox 183 1903 212 1952; x_wconf 86' lang='lat' dir='ltr'>et</span> <span class='ocrx_word' id='word_1_144' title='bbox 232 1911 329 1955; x_wconf 86' lang='lat' dir='ltr'>rerum</span> <span class='ocrx_word' id='word_1_145' title='bbox 349 1893 467 1953; x_wconf 91' lang='lat' dir='ltr'>duarum</span> <span class='ocrx_word' id='word_1_146' title='bbox 486 1896 705 1970; x_wconf 85' lang='lat' dir='ltr'>cognationem,</span> <span class='ocrx_word' id='word_1_147' title='bbox 730 1893 808 1993; x_wconf 84' lang='lat' dir='ltr'>quod</span> <span class='ocrx_word' id='word_1_148' title='bbox 825 1903 886 1970; x_wconf 91' lang='lat' dir='ltr'>est,</span> <span class='ocrx_word' id='word_1_149' title='bbox 909 1904 939 1953; x_wconf 94' lang='lat' dir='ltr'>ut</span> <span class='ocrx_word' id='word_1_150' title='bbox 961 1896 1037 1955; x_wconf 89' lang='lat' dir='ltr'>idem</span> <span class='ocrx_word' id='word_1_151' title='bbox 1058 1898 1179 1971; x_wconf 87' lang='lat' dir='ltr'>valeant,</span> 
     </span>
     <span class='ocr_line' id='line_1_21' title="bbox 183 1978 1178 2077; baseline 0.005 -41"><span class='ocrx_word' id='word_1_152' title='bbox 183 1996 257 2077; x_wconf 79' lang='lat' dir='ltr'>quae</span> <span class='ocrx_word' id='word_1_153' title='bbox 278 1979 411 2038; x_wconf 87' lang='lat' dir='ltr'>videntur</span> <span class='ocrx_word' id='word_1_154' title='bbox 431 1997 497 2039; x_wconf 90' lang='lat' dir='ltr'>esse</span> <span class='ocrx_word' id='word_1_155' title='bbox 519 1979 650 2053; x_wconf 90' lang='lat' dir='ltr'>diversa,</span> <span class='ocrx_word' id='word_1_156' title='bbox 672 1988 702 2037; x_wconf 92' lang='lat' dir='ltr'>ut</span> <span class='ocrx_word' id='word_1_157' title='bbox 717 1995 774 2037; x_wconf 90' lang='lat' dir='ltr'>uon</span> <span class='ocrx_word' id='word_1_158' title='bbox 789 1980 814 2037; x_wconf 90' lang='lat' dir='ltr'>is</span> <span class='ocrx_word' id='word_1_159' title='bbox 834 1978 947 2038; x_wconf 90' lang='lat' dir='ltr'>demum</span> <span class='ocrx_word' id='word_1_160' title='bbox 967 1982 1004 2039; x_wconf 90' lang='lat' dir='ltr'>sit</span> <span class='ocrx_word' id='word_1_161' title='bbox 1025 1984 1178 2050; x_wconf 86' lang='lat' dir='ltr'>veneficus</span> 
     </span>
     <span class='ocr_line' id='line_1_22' title="bbox 182 2062 1179 2144; baseline 0.003 -22"><span class='ocrx_word' id='word_1_162' title='bbox 182 2064 231 2140; x_wconf 89' lang='lat' dir='ltr'>qui</span> <span class='ocrx_word' id='word_1_163' title='bbox 245 2064 333 2122; x_wconf 80' lang='lat' dir='ltr'>vitam</span> <span class='ocrx_word' id='word_1_164' title='bbox 348 2063 464 2122; x_wconf 87' lang='lat' dir='ltr'>abstulit</span> <span class='ocrx_word' id='word_1_165' title='bbox 481 2062 547 2124; x_wconf 89' lang='lat' dir='ltr'>data</span> <span class='ocrx_word' id='word_1_166' title='bbox 562 2064 699 2140; x_wconf 90' lang='lat' dir='ltr'>potione,</span> <span class='ocrx_word' id='word_1_167' title='bbox 716 2063 768 2121; x_wconf 88' lang='lat' dir='ltr'>sed</span> <span class='ocrx_word' id='word_1_168' title='bbox 785 2064 870 2121; x_wconf 93' lang='lat' dir='ltr'>etiam</span> <span class='ocrx_word' id='word_1_169' title='bbox 886 2065 933 2140; x_wconf 92' lang='lat' dir='ltr'>qui</span> <span class='ocrx_word' id='word_1_170' title='bbox 948 2073 1091 2133; x_wconf 66' lang='lat' dir='ltr'>meotenm</span> <span class='ocrx_word' id='word_1_171' title='bbox 1113 2065 1179 2144; x_wconf 91' lang='lat' dir='ltr'>quod</span> 
     </span>
     <span class='ocr_line' id='line_1_23' title="bbox 122 2139 1179 2245; baseline 0.003 -40"><span class='ocrx_word' id='word_1_172' title='bbox 122 2154 173 2206; x_wconf 86' lang='grc'>106</span> <span class='ocrx_word' id='word_1_173' title='bbox 184 2155 229 2205; x_wconf 87' lang='lat' dir='ltr'>est</span> <span class='ocrx_word' id='word_1_174' title='bbox 255 2148 283 2205; x_wconf 90' lang='lat' dir='ltr'>in</span> <span class='ocrx_word' id='word_1_175' title='bbox 304 2156 403 2245; x_wconf 90' lang='lat' dir='ltr'>parte</span> <span class='ocrx_word' id='word_1_176' title='bbox 411 2147 555 2206; x_wconf 87' lang='lat' dir='ltr'>finitionis.</span> <span class='ocrx_word' id='word_1_177' title='bbox 608 2146 730 2204; x_wconf 85' lang='lat' dir='ltr'>Rutilius</span> <span class='ocrx_word' id='word_1_178' title='bbox 754 2148 816 2205; x_wconf 89' lang='lat' dir='ltr'>sive</span> <span class='ocrx_word' id='word_1_179' title='bbox 842 2139 1027 2223; x_wconf 86' lang='lat' dir='ltr'>Gorgias,’</span> <span class='ocrx_word' id='word_1_180' title='bbox 1010 2155 1179 2228; x_wconf 75' lang='grc' dir='ltr'><strong><em>αναγκαῖον,</em></strong></span> 
     </span>
     <span class='ocr_line' id='line_1_24' title="bbox 182 2220 1179 2313; baseline 0.005 -25"><span class='ocrx_word' id='word_1_181' title='bbox 182 2225 363 2308; x_wconf 73' lang='grc' dir='ltr'><strong><em>ἀνάμνησιν,</em></strong></span> <span class='ocrx_word' id='word_1_182' title='bbox 385 2220 624 2309; x_wconf 74' lang='grc' dir='ltr'><strong><em>ἆνθυτιοφορᾶν,</em></strong></span> <span class='ocrx_word' id='word_1_183' title='bbox 646 2223 831 2308; x_wconf 75' lang='grc' dir='ltr'><strong><em>ἆνιίῤῥησιν,</em></strong></span> <span class='ocrx_word' id='word_1_184' title='bbox 856 2225 1058 2310; x_wconf 71' lang='grc' dir='ltr'><strong><em>παραύξησιν,</em></strong></span> <span class='ocrx_word' id='word_1_185' title='bbox 1079 2232 1179 2313; x_wconf 73' lang='grc' dir='ltr'><strong>προέκ-</strong></span> 
     </span>
     <span class='ocr_line' id='line_1_25' title="bbox 181 2314 1180 2412; baseline 0.004 -40"><span class='ocrx_word' id='word_1_186' title='bbox 181 2319 282 2390; x_wconf 80' lang='grc' dir='ltr'><strong><em>θεσιν,</em></strong></span> <span class='ocrx_word' id='word_1_187' title='bbox 309 2315 386 2392; x_wconf 93' lang='lat' dir='ltr'>quod</span> <span class='ocrx_word' id='word_1_188' title='bbox 408 2324 454 2374; x_wconf 91' lang='lat' dir='ltr'>est</span> <span class='ocrx_word' id='word_1_189' title='bbox 474 2314 591 2412; x_wconf 84' lang='lat' dir='ltr'>dicere,</span> <span class='ocrx_word' id='word_1_190' title='bbox 621 2314 688 2391; x_wconf 93' lang='lat' dir='ltr'>quid</span> <span class='ocrx_word' id='word_1_191' title='bbox 714 2314 776 2373; x_wconf 90' lang='lat' dir='ltr'>lieri</span> <span class='ocrx_word' id='word_1_192' title='bbox 798 2317 960 2391; x_wconf 90' lang='lat' dir='ltr'>oportuerit</span> <span class='ocrx_word' id='word_1_193' title='bbox 982 2316 1089 2376; x_wconf 88' lang='lat' dir='ltr'>deinde</span> <span class='ocrx_word' id='word_1_194' title='bbox 1120 2316 1180 2395; x_wconf 91' lang='lat' dir='ltr'>quid</span> 
     </span>
     <span class='ocr_line' id='line_1_26' title="bbox 182 2390 1180 2475; baseline 0.006 -20"><span class='ocrx_word' id='word_1_195' title='bbox 182 2397 288 2456; x_wconf 88' lang='lat' dir='ltr'>lactum</span> <span class='ocrx_word' id='word_1_196' title='bbox 300 2401 350 2465; x_wconf 91' lang='lat' dir='ltr'>sit;</span> <span class='ocrx_word' id='word_1_197' title='bbox 370 2392 571 2475; x_wconf 73' lang='grc' dir='ltr'><strong><em>ἐναντιότητα,</em></strong></span> <span class='ocrx_word' id='word_1_198' title='bbox 583 2399 658 2457; x_wconf 88' lang='lat' dir='ltr'>unde</span> <span class='ocrx_word' id='word_1_199' title='bbox 670 2399 726 2456; x_wconf 92' lang='lat' dir='ltr'>sint</span> <span class='ocrx_word' id='word_1_200' title='bbox 737 2399 946 2473; x_wconf 78' lang='lat' dir='ltr'>enthymemata</span> <span class='ocrx_word' id='word_1_201' title='bbox 959 2390 1026 2458; x_wconf 78' lang='grc' dir='ltr'>κατ’</span> <span class='ocrx_word' id='word_1_202' title='bbox 1039 2400 1180 2462; x_wconf 85' lang='grc' dir='ltr'><strong><em>αἰτίασιν</em></strong></span> 
     </span>
     <span class='ocr_line' id='line_1_27' title="bbox 125 2474 1180 2581; baseline 0.001 -39"><span class='ocrx_word' id='word_1_203' title='bbox 125 2474 346 2559; x_wconf 81' lang='grc' dir='ltr'><strong><em>ιθιμετάληψιν</em></strong></span> <span class='ocrx_word' id='word_1_204' title='bbox 371 2484 484 2581; x_wconf 84' lang='lat' dir='ltr'>etiam,</span> <span class='ocrx_word' id='word_1_205' title='bbox 501 2498 558 2560; x_wconf 92' lang='lat' dir='ltr'>quo</span> <span class='ocrx_word' id='word_1_206' title='bbox 580 2491 656 2541; x_wconf 86' lang='lat' dir='ltr'>statu</span> <span class='ocrx_word' id='word_1_207' title='bbox 678 2480 873 2558; x_wconf 85' lang='lat' dir='ltr'>Hermagoras</span> <span class='ocrx_word' id='word_1_208' title='bbox 894 2484 990 2543; x_wconf 85' lang='lat' dir='ltr'>utitur.</span> <span class='ocrx_word' id='word_1_209' title='bbox 1031 2482 1180 2556; x_wconf 84' lang='lat' dir='ltr'>Visellius,</span> 
     </span>
     <span class='ocr_line' id='line_1_28' title="bbox 181 2559 1181 2666; baseline 0.004 -43"><span class='ocrx_word' id='word_1_210' title='bbox 181 2581 342 2643; x_wconf 86' lang='lat' dir='ltr'>quanquam</span> <span class='ocrx_word' id='word_1_211' title='bbox 357 2567 546 2644; x_wconf 86' lang='lat' dir='ltr'>paucissimas</span> <span class='ocrx_word' id='word_1_212' title='bbox 561 2565 649 2625; x_wconf 88' lang='lat' dir='ltr'>iaciat</span> <span class='ocrx_word' id='word_1_213' title='bbox 664 2566 787 2642; x_wconf 86' lang='lat' dir='ltr'>figuras,</span> <span class='ocrx_word' id='word_1_214' title='bbox 807 2559 964 2644; x_wconf 69' lang='grc' dir='ltr'><strong><em>ἐνθύμημα</em></strong></span> <span class='ocrx_word' id='word_1_215' title='bbox 978 2575 1090 2643; x_wconf 89' lang='lat' dir='ltr'>tamen,</span> <span class='ocrx_word' id='word_1_216' title='bbox 1109 2568 1181 2666; x_wconf 91' lang='lat' dir='ltr'>quod</span> 
     </span>
     <span class='ocr_line' id='line_1_29' title="bbox 181 2647 1208 2731; baseline 0.001 -23"><span class='ocrx_word' id='word_1_217' title='bbox 181 2659 371 2709; x_wconf 88' lang='lat' dir='ltr'>commentum</span> <span class='ocrx_word' id='word_1_218' title='bbox 384 2659 487 2722; x_wconf 80' lang='lat' dir='ltr'>vocat,</span> <span class='ocrx_word' id='word_1_219' title='bbox 510 2659 555 2723; x_wconf 87' lang='lat' dir='ltr'>et,</span> <span class='ocrx_word' id='word_1_220' title='bbox 574 2652 714 2709; x_wconf 88' lang='lat' dir='ltr'>rationem</span> <span class='ocrx_word' id='word_1_221' title='bbox 729 2647 899 2728; x_wconf 87' lang='lat' dir='ltr'>appellans,</span> <span class='ocrx_word' id='word_1_222' title='bbox 923 2648 1092 2731; x_wconf 79' lang='grc' dir='ltr'><strong><em>ἐπιχείρημα</em></strong></span> <span class='ocrx_word' id='word_1_223' title='bbox 1111 2654 1182 2712; x_wconf 89' lang='lat' dir='ltr'>inter</span> <span class='ocrx_word' id='word_1_224' title='bbox 1207 2713 1208 2726; x_wconf 47' lang='lat'>,</span> 
     </span>
     <span class='ocr_line' id='line_1_30' title="bbox 181 2694 1208 2813; baseline 0.003 -21"><span class='ocrx_word' id='word_1_225' title='bbox 181 2751 232 2792; x_wconf 90' lang='lat' dir='ltr'>eas</span> <span class='ocrx_word' id='word_1_226' title='bbox 253 2733 351 2793; x_wconf 89' lang='lat' dir='ltr'>hahet.</span> <span class='ocrx_word' id='word_1_227' title='bbox 400 2694 487 2806; x_wconf 77' lang='lat' dir='ltr'>Quod</span> <span class='ocrx_word' id='word_1_228' title='bbox 507 2733 622 2813; x_wconf 90' lang='lat' dir='ltr'>quidem</span> <span class='ocrx_word' id='word_1_229' title='bbox 643 2734 748 2811; x_wconf 86' lang='lat' dir='ltr'>recipit</span> <span class='ocrx_word' id='word_1_230' title='bbox 774 2734 983 2812; x_wconf 89' lang='lat' dir='ltr'>quodammodo</span> <span class='ocrx_word' id='word_1_231' title='bbox 1010 2745 1039 2794; x_wconf 86' lang='lat' dir='ltr'>et</span> <span class='ocrx_word' id='word_1_232' title='bbox 1067 2734 1180 2809; x_wconf 83' lang='lat' dir='ltr'>Celsus,</span> <span class='ocrx_word' id='word_1_233' title='bbox 1207 2749 1208 2810; x_wconf 69' lang='lat' dir='ltr'>t</span> 
     </span>
     <span class='ocr_line' id='line_1_31' title="bbox 181 2817 1181 2895; baseline 0 -18"><span class='ocrx_word' id='word_1_234' title='bbox 181 2836 261 2894; x_wconf 89' lang='lat' dir='ltr'>nam,</span> <span class='ocrx_word' id='word_1_235' title='bbox 285 2835 468 2895; x_wconf 89' lang='lat' dir='ltr'>consequens</span> <span class='ocrx_word' id='word_1_236' title='bbox 482 2836 519 2876; x_wconf 90' lang='lat' dir='ltr'>an</span> <span class='ocrx_word' id='word_1_237' title='bbox 535 2817 710 2895; x_wconf 86' lang='lat' dir='ltr'>epichirema</span> <span class='ocrx_word' id='word_1_238' title='bbox 730 2818 783 2891; x_wconf 87' lang='lat' dir='ltr'>sit,</span> <span class='ocrx_word' id='word_1_239' title='bbox 799 2817 917 2878; x_wconf 87' lang='lat' dir='ltr'>dubitat.</span> <span class='ocrx_word' id='word_1_240' title='bbox 958 2817 1098 2878; x_wconf 87' lang='lat' dir='ltr'>Visellius</span> <span class='ocrx_word' id='word_1_241' title='bbox 1117 2822 1181 2881; x_wconf 90' lang='lat' dir='ltr'>adii·</span> 
     </span>
     <span class='ocr_line' id='line_1_32' title="bbox 181 2896 1180 2978; baseline 0.002 -17"><span class='ocrx_word' id='word_1_242' title='bbox 181 2904 220 2961; x_wconf 89' lang='lat' dir='ltr'>eit</span> <span class='ocrx_word' id='word_1_243' title='bbox 248 2911 278 2961; x_wconf 85' lang='lat' dir='ltr'>et</span> <span class='ocrx_word' id='word_1_244' title='bbox 296 2904 476 2961; x_wconf 87' lang='lat' dir='ltr'>sententiam.</span> <span class='ocrx_word' id='word_1_245' title='bbox 518 2900 653 2975; x_wconf 88' lang='lat' dir='ltr'>Invenio,</span> <span class='ocrx_word' id='word_1_246' title='bbox 685 2902 733 2978; x_wconf 90' lang='lat' dir='ltr'>qui</span> <span class='ocrx_word' id='word_1_247' title='bbox 760 2911 923 2978; x_wconf 78' lang='lat' dir='ltr'>aggregent</span> <span class='ocrx_word' id='word_1_248' title='bbox 946 2901 990 2961; x_wconf 90' lang='lat' dir='ltr'>his</span> <span class='ocrx_word' id='word_1_249' title='bbox 1016 2896 1180 2976; x_wconf 77' lang='grc' dir='ltr'><strong><em>διασκενας,</em></strong></span> 
     </span>
     <span class='ocr_line' id='line_1_33' title="bbox 181 2974 1180 3066; baseline 0.005 -23"><span class='ocrx_word' id='word_1_250' title='bbox 181 2974 404 3066; x_wconf 77' lang='grc' dir='ltr'><strong><em>ἆτιαγνρευσεις,</em></strong></span> <span class='ocrx_word' id='word_1_251' title='bbox 431 2980 669 3064; x_wconf 77' lang='grc' dir='ltr'><strong><em>παραδιηγήσιις</em></strong></span> <span class='ocrx_word' id='word_1_252' title='bbox 713 2985 771 3044; x_wconf 92' lang='lat' dir='ltr'>Sed</span> <span class='ocrx_word' id='word_1_253' title='bbox 791 2995 822 3044; x_wconf 92' lang='lat' dir='ltr'>ut</span> <span class='ocrx_word' id='word_1_254' title='bbox 842 2986 915 3046; x_wconf 90' lang='lat' dir='ltr'>haec</span> <span class='ocrx_word' id='word_1_255' title='bbox 936 3002 993 3044; x_wconf 91' lang='lat' dir='ltr'>non</span> <span class='ocrx_word' id='word_1_256' title='bbox 1012 2995 1078 3046; x_wconf 87' lang='lat' dir='ltr'>sunt</span> <span class='ocrx_word' id='word_1_257' title='bbox 1099 2988 1180 3048; x_wconf 86' lang='lat' dir='ltr'>sche-</span> 
     </span>
     <span class='ocr_line' id='line_1_34' title="bbox 180 3069 1178 3146; baseline 0.004 -20"><span class='ocrx_word' id='word_1_258' title='bbox 180 3078 271 3129; x_wconf 89' lang='lat' dir='ltr'>mata:</span> <span class='ocrx_word' id='word_1_259' title='bbox 288 3073 331 3129; x_wconf 88' lang='lat' dir='ltr'>sie</span> <span class='ocrx_word' id='word_1_260' title='bbox 346 3071 401 3130; x_wconf 89' lang='lat' dir='ltr'>alia</span> <span class='ocrx_word' id='word_1_261' title='bbox 412 3070 461 3131; x_wconf 89' lang='lat' dir='ltr'>vel</span> <span class='ocrx_word' id='word_1_262' title='bbox 476 3072 532 3129; x_wconf 90' lang='lat' dir='ltr'>sint</span> <span class='ocrx_word' id='word_1_263' title='bbox 547 3069 669 3127; x_wconf 80' lang='lat' dir='ltr'>forsitan</span> <span class='ocrx_word' id='word_1_264' title='bbox 682 3087 716 3129; x_wconf 89' lang='lat' dir='ltr'>ac</span> <span class='ocrx_word' id='word_1_265' title='bbox 731 3086 784 3128; x_wconf 89' lang='lat' dir='ltr'>nos</span> <span class='ocrx_word' id='word_1_266' title='bbox 800 3069 926 3146; x_wconf 82' lang='lat' dir='ltr'>lugerint</span> <span class='ocrx_word' id='word_1_267' title='bbox 940 3070 989 3129; x_wconf 81' lang='lat' dir='ltr'>vel</span> <span class='ocrx_word' id='word_1_268' title='bbox 1005 3072 1092 3129; x_wconf 88' lang='lat' dir='ltr'>etiarn</span> <span class='ocrx_word' id='word_1_269' title='bbox 1108 3089 1178 3132; x_wconf 87' lang='lat' dir='ltr'>nora</span> 
     </span>
     <span class='ocr_line' id='line_1_35' title="bbox 181 3152 1180 3232; baseline 0.006 -23"><span class='ocrx_word' id='word_1_270' title='bbox 181 3152 244 3211; x_wconf 90' lang='lat' dir='ltr'>lieri</span> <span class='ocrx_word' id='word_1_271' title='bbox 271 3153 364 3213; x_wconf 87' lang='lat' dir='ltr'>adhuc</span> <span class='ocrx_word' id='word_1_272' title='bbox 385 3157 515 3232; x_wconf 90' lang='lat' dir='ltr'>possint,</span> <span class='ocrx_word' id='word_1_273' title='bbox 538 3152 666 3212; x_wconf 89' lang='lat' dir='ltr'>eiusdem</span> <span class='ocrx_word' id='word_1_274' title='bbox 681 3162 776 3212; x_wconf 88' lang='lat' dir='ltr'>tamen</span> <span class='ocrx_word' id='word_1_275' title='bbox 797 3153 931 3230; x_wconf 71' lang='lat' dir='ltr'>naturae,</span> <span class='ocrx_word' id='word_1_276' title='bbox 952 3154 1032 3213; x_wconf 88' lang='lat' dir='ltr'>cuius</span> <span class='ocrx_word' id='word_1_277' title='bbox 1053 3165 1122 3215; x_wconf 90' lang='lat' dir='ltr'>sunt</span> <span class='ocrx_word' id='word_1_278' title='bbox 1139 3174 1180 3230; x_wconf 87' lang='lat' dir='ltr'>ea,</span> 
     </span>
     <span class='ocr_line' id='line_1_36' title="bbox 182 3234 532 3314; baseline 0.006 -20"><span class='ocrx_word' id='word_1_279' title='bbox 182 3234 218 3294; x_wconf 90' lang='lat' dir='ltr'>de</span> <span class='ocrx_word' id='word_1_280' title='bbox 236 3235 338 3314; x_wconf 88' lang='lat' dir='ltr'>quibus</span> <span class='ocrx_word' id='word_1_281' title='bbox 354 3238 459 3297; x_wconf 88' lang='lat' dir='ltr'>dictum</span> <span class='ocrx_word' id='word_1_282' title='bbox 476 3245 532 3298; x_wconf 85' lang='lat' dir='ltr'>est.</span> 
     </span>
    </p>
   </div>
   <div class='ocr_carea' id='block_1_3' title="bbox 265 3389 1179 3566">
    <p class='ocr_par' dir='ltr' id='par_1_3' title="bbox 265 3389 1179 3566">
     <span class='ocr_line' id='line_1_37' title="bbox 484 3389 997 3464; baseline 0.006 -25"><span class='ocrx_word' id='word_1_283' title='bbox 484 3390 526 3439; x_wconf 82' lang='lat' dir='ltr'>os</span> <span class='ocrx_word' id='word_1_284' title='bbox 545 3389 674 3442; x_wconf 75' lang='lat' dir='ltr'>ursonis</span> <span class='ocrx_word' id='word_1_285' title='bbox 692 3389 880 3464; x_wconf 67' lang='lat' dir='ltr'>vannorum.</span> <span class='ocrx_word' id='word_1_286' title='bbox 928 3438 932 3442; x_wconf 77' lang='grc'>,</span> <span class='ocrx_word' id='word_1_287' title='bbox 993 3441 997 3452; x_wconf 81' lang='lat'>.</span> 
     </span>
     <span class='ocr_line' id='line_1_38' title="bbox 265 3483 1179 3566; baseline 0.002 -21"><span class='ocrx_word' id='word_1_288' title='bbox 265 3483 314 3545; x_wconf 90' lang='lat'><em>111.</em></span> <span class='ocrx_word' id='word_1_289' title='bbox 346 3484 553 3546; x_wconf 88' lang='lat' dir='ltr'>Verborum</span> <span class='ocrx_word' id='word_1_290' title='bbox 571 3506 643 3547; x_wconf 88' lang='lat' dir='ltr'>vero</span> <span class='ocrx_word' id='word_1_291' title='bbox 659 3488 805 3566; x_wconf 83' lang='lat' dir='ltr'>figurae</span> <span class='ocrx_word' id='word_1_292' title='bbox 827 3497 857 3548; x_wconf 87' lang='lat' dir='ltr'>et</span> <span class='ocrx_word' id='word_1_293' title='bbox 875 3496 999 3548; x_wconf 91' lang='lat' dir='ltr'>mutatae</span> <span class='ocrx_word' id='word_1_294' title='bbox 1020 3496 1086 3547; x_wconf 88' lang='lat' dir='ltr'>sunt</span> <span class='ocrx_word' id='word_1_295' title='bbox 1106 3504 1179 3547; x_wconf 82' lang='lat' dir='ltr'>sern-</span> 
     </span>
    </p>
   </div>
   <div class='ocr_carea' id='block_1_4' title="bbox 0 0 1222 3925">
    <p class='ocr_par' dir='ltr' id='par_1_4' title="bbox 0 0 1222 3925">
     <span class='ocr_line' id='line_1_39' title="bbox 0 0 1222 3925; baseline 0 1"><span class='ocrx_word' id='word_1_296' title='bbox 0 0 1222 3925; x_wconf 95' lang='lat' dir='ltr'> </span> 
     </span>
    </p>
   </div>
  </div>
 </body>
</html>
