2434 3925
153 174 213 241 128
260 219 265 226 ·
458 188 494 236 ιι.
516 188 595 235 nan.
619 186 840 247 quorumnam

151 362 195 405 an
212 343 278 418 sit,
298 342 383 421 quid
399 342 463 418 sit,
484 340 592 419 quale
613 337 684 400 sit?
706 339 785 419 quod
808 338 872 418 ipsa
888 338 972 400 nobis
994 344 1080 402 etiam
1101 361 1153 404 na·

150 438 215 488 tura
233 426 416 506 praescribit.
454 425 526 485 Nam
547 427 668 504 primunr
688 432 805 503 oportet
821 424 946 485 subesse
967 425 1091 504 aliquid,
1114 428 1153 488 de

152 530 211 592 quo
227 511 393 588 ambigitur3
413 509 507 587 quod,
528 509 595 588 quid
617 511 655 568 sit
678 518 725 571 aut
742 509 828 587 quale
849 511 903 584 sit,
924 519 1006 570 certe
1023 529 1082 571 non
1099 529 1152 590 po-

151 606 211 656 test
225 596 387 670 aestimari,
406 596 460 654 nisi
482 594 561 673 prius
578 611 646 653 esse
664 595 843 667 constiterit,
863 594 990 672 ideoque
1007 613 1041 655 ea
1059 597 1153 674 prima

108 682 141 737 81
152 681 295 760 quaestio.
329 680 388 740 Sed
405 696 463 738 non
478 680 589 753 statim,
605 677 684 756 quod
700 695 768 736 esse
783 677 965 737 manifestum
981 687 1042 754 est,
1065 682 1153 740 etiam

151 765 219 846 quid
234 765 287 840 sit,
307 772 438 842 apparet.
469 762 666 840 Hoc'qnoque
682 764 839 821 constituto
854 763 1011 823 novissima
1026 764 1152 841 qualitas

150 857 303 928 superest,
322 866 419 926 neque
436 847 481 907 his
504 847 664 925 exploratis
680 846 757 906 aliud
778 855 823 905 est
838 846 922 905 ultra.
957 846 1009 906 llis
1024 848 1153 907 inlinitae

151 934 356 1012 quaestiones,
373 932 417 991 bis
434 932 530 991 linitae
547 933 743 997 continentum
761 928 862 989 borum
879 931 974 1008 aliqua
989 933 1017 990 in
1033 931 1152 992 demon·

151 1019 289 1093 strativa,
318 1015 526 1090 deliberativa,
554 1015 681 1074 iudiciali
709 1015 828 1073 materia
853 1016 953 1093 utique
981 1024 1151 1076 tractantur.

106 1101 231 1162 annaeo
246 1119 346 1160 rursus
362 1099 513 1159 iudiciales
525 1116 629 1157 causas
646 1108 675 1158 et
688 1099 821 1158 rationali
836 1107 920 1176 parte
932 1107 963 1157 et
977 1099 1067 1176 legali
1083 1117 1153 1160 con·

151 1187 258 1252 tinent;
277 1185 465 1262 nequeenim
485 1183 544 1242 ulla
562 1185 632 1241 iuris
649 1183 823 1260 disceptatio
838 1185 893 1241 nisi
915 1182 1061 1260 linitione,
1081 1202 1153 1263 qua·

151 1269 248 1344 litate,
269 1271 437 1328 coniectura
454 1276 553 1345 potest
569 1267 721 1344 explicari.

107 1361 143 1417 83
236 1353 296 1413 Sed
317 1351 531 1412 instituentibus
555 1351 643 1411 rudes
663 1368 721 1410 non
744 1352 799 1410 erit
818 1350 924 1410 inutilis
949 1351 1034 1411 latius
1057 1355 1153 1431 primo

148 1438 215 1498 fusa
232 1439 305 1498 ratio
324 1445 370 1512 et,
396 1437 495 1495 sinon
514 1437 608 1494 statim
626 1437 789 1495 rectissima
811 1436 887 1496 linea
910 1442 1009 1512 tensa,
1035 1437 1156 1498 facilior

149 1531 247 1582 tamen
264 1529 293 1580 et
314 1520 444 1599 apertior
466 1522 522 1580 via.
558 1519 680 1579 Discunt
702 1520 788 1595 igitur
811 1528 877 1578 ante
901 1522 1012 1595 omnia,
1036 1523 1177 1598 quadri·-

149 1608 285 1686 pertitam
299 1606 327 1663 in
347 1604 477 1664 omnibus
494 1606 588 1665 causis
609 1622 677 1663 esse
695 1604 852 1679 rationem,
873 1622 957 1682 quam
974 1607 1095 1682 primam
1112 1609 1154 1665 in·

150 1692 225 1750 tueri
240 1689 362 1764 debeat,
383 1691 431 1768 qui
446 1697 562 1748 acturus
577 1697 632 1747 est.
670 1687 759 1763 Nam,
779 1697 810 1746 ut
826 1705 842 1747 a
858 1687 1015 1747 defensore
1033 1692 1154 1767 potissi·

149 1793 226 1834 mum
244 1775 393 1853 incipiam,
414 1774 503 1850 longe
518 1773 676 1831 fortissima
696 1772 793 1831 tuendi
808 1790 841 1831 se
857 1775 930 1831 ratio
948 1781 1008 1848 est,
1031 1775 1155 1851 siquod

152 1859 287 1922 obiicitur
303 1860 431 1935 negari
451 1866 563 1936 potest;
584 1859 731 1934 proxima,
752 1858 777 1915 si
794 1873 861 1916 non
878 1857 930 1931 id,
951 1857 1044 1935 quod
1062 1859 1154 1918 obii-

151 1946 268 2019 citur,
286 1942 392 2004 lactum
409 1960 476 2002 esse
493 1942 619 2009 dicatur;
638 1942 722 2001 tertia
740 1941 954 2017 honestissima,
974 1959 1030 2020 qua
1046 1953 1155 2004 recte

150 2030 285 2089 factum
312 2028 483 2088 defenditur.
526 2026 637 2099 Quibus
660 2028 685 2084 si
707 2026 892 2101 deliciamur,
916 2026 1014 2086 ultima
1035 2029 1155 2105 quidem

151 2114 204 2174 sed
225 2115 280 2172 iam
301 2113 366 2172 sola
388 2120 524 2191 superest
541 2111 621 2171 salus
641 2110 738 2188 aliquo
760 2112 830 2170 iuris
849 2111 992 2170 adiutorio
1016 2111 1155 2173 elabendi

129 2230 132 2245 ι
152 2216 190 2257 ex
213 2197 348 2272 crimIne,
376 2197 453 2274 quod
475 2214 570 2273 neque
592 2197 694 2270 negari
717 2213 813 2273 neque
840 2195 956 2255 delendi
978 2204 1095 2273 potest,
1125 2206 1156 2256 ut

108 2291 221 2345 Sinon
246 2281 378 2340 videatur
399 2282 480 2340 iure
501 2281 599 2339 aetio
619 2280 736 2340 intendi.
782 2279 855 2338 llinc
875 2279 943 2338 illae
964 2281 1154 2356 quaestiones

151 2368 214 2425 sive
238 2366 368 2424 actiones
391 2365 454 2425 sive
476 2364 691 2425 translationes.
732 2364 803 2423 Sunt
826 2365 901 2423 enirn
927 2364 1068 2441 quaedam
1095 2383 1154 2425 non

151 2448 307 2509 laudabilia
328 2466 385 2507 non
408 2458 508 2509 natura
531 2449 583 2508 sed
601 2450 663 2507 iure
687 2466 846 2522 concessa,
870 2456 900 2506 ut
921 2450 949 2507 in
971 2446 1025 2507 llll
1045 2448 1155 2509 tabulis

151 2531 293 2593 debitoris
310 2550 417 2611 corpus
439 2535 514 2593 inter
532 2533 694 2592 creditores
716 2533 803 2592 dividi
826 2532 923 2608 licuit,
946 2550 1031 2611 quam
1054 2530 1175 2609 legeml

151 2635 215 2677 mos
233 2617 368 2695 publicus
384 2618 562 2696 repudiavit;
586 2626 615 2676 et
636 2617 743 2695 aliquid
762 2635 884 2695 aequum
906 2616 958 2675 sed
977 2617 1154 2694 prohibitum

108 2704 231 2777 soture,
252 2711 285 2760 ut
300 2702 420 2762 libertas
436 2711 682 2762 testamentorum.
718 2701 892 2760 Accusatori
906 2701 994 2761 nibilo
1011 2701 1095 2779 plura
1112 2703 1153 2760 in·

150 2786 257 2846 tuenda
273 2795 337 2846 sunt
354 2805 439 2865 quam
453 2796 484 2846 ut
504 2786 609 2865 probet
627 2786 733 2845 iactum
754 2804 837 2860 esse,
863 2785 921 2845 boc
944 2802 1011 2844 esse
1032 2785 1153 2861 factum,

150 2888 209 2930 non
224 2881 306 2931 recte
322 2871 446 2947 lactum,
466 2873 528 2930 iure
546 2890 579 2930 se
599 2870 759 2929 intendere.
793 2868 836 2929 lta
856 2871 934 2929 circa
952 2872 1069 2948 species
1087 2889 1152 2930 eas·

152 2956 217 3014 dem
237 2956 273 3015 lis
293 2958 384 3015 omnis
403 2955 567 3015 versabitur
586 2954 733 3015 translatis
755 2963 863 3013 tantum
887 2953 1041 3032 aliquando
1063 2956 1153 3032 parti·

151 3038 222 3112 bus,
244 3042 322 3099 utin
342 3041 453 3116 causis,
476 3039 580 3118 quibus
598 3040 636 3099 de
657 3041 786 3117 praemio
809 3040 921 3115 agitur,
945 3047 1031 3124 recte·
1044 3038 1153 3098 iactum

151 3124 260 3201 petitor
276 3125 389 3201 probat.

109 3216 144 3274 85
237 3207 318 3268 Haec
329 3217 465 3287 quattuor
475 3208 564 3267 veluti
580 3209 732 3286 proposita
744 3206 914 3284 formaeque
927 3207 1060 3280 actionis,
1076 3224 1153 3284 quae

152 3299 212 3352 tum
228 3292 384 3368 generales
401 3301 491 3351 status
506 3292 658 3370 vocabam,
676 3294 705 3351 in
719 3292 787 3352 duo
805 3291 850 3368 (nt
866 3290 994 3370 ostendi)
1013 3308 1152 3366 genera

152 3376 305 3437 discedunt
320 3377 508 3436 rationale
523 3385 552 3435 et
570 3376 708 3453 legale.
747 3374 900 3435 Rationale
916 3375 1076 3452 simplicius
1094 3384 1151 3449 est,

153 3462 219 3539 quia
238 3462 330 3543 ipsius
351 3469 457 3521 tantum
481 3469 600 3522 naturae
623 3459 868 3541 contemplatione
890 3467 1013 3519 constat.
1049 3458 1155 3537 ltaque
1214 3472 1215 3481 ¹
