2434 3925
472 214 509 264 sn.
526 215 605 262 uns.
623 215 843 299 Quuuuspmuu

4 408 5 417 κ
162 387 266 450 aquom
288 387 392 448 passus
419 377 512 438 esset;
540 384 632 447 quae,
661 355 727 447 quia
748 378 830 429 erant
852 370 1001 448 longiora,
1026 389 1085 432 non
1102 372 1166 435 suis

4 526 5 529 Ἴ
119 454 258 520 ltverbis
278 455 410 531 exposui.
454 452 549 513 Breve
570 461 664 513 autem
685 451 760 532 apud
777 453 936 531 Vergilium
956 459 1094 518 contrarii
1112 476 1165 519 ex·

161 539 377 685 emplunptepph
391 621 458 695 ille,
480 627 580 682 samm
595 636 656 698 quo
669 628 698 681 te
713 622 865 698 mendas,
886 618 1020 687 Achilles

268 703 352 767 Totis
366 705 399 766 in
416 704 575 804 inotescit
588 703 722 765 Priamo

4 800 5 809 ’
120 801 154 856 15
162 789 309 864 Quaedam
329 798 424 849 autem
445 806 483 847 ex
504 790 556 864 iis,
586 805 661 865 quae
682 797 767 865 gesta
789 797 871 865 sunt,
892 798 954 851 tota
970 791 1161 868 narrabimus,

160 884 192 934 ut
207 870 311 934 (niceno
332 890 386 951 pro
407 871 530 933 Milone:
561 870 745 949 Pudicitiam
763 892 831 935 cum
848 876 981 973 eriperet
1001 877 1089 937 militi
1106 878 1161 937 tri·

161 958 261 1019 honns
276 958 444 1019 militaris
431 975 463 1017 sn
477 957 617 1017 exercitu
637 954 670 1015 C.
684 954 793 1034 Marii,
813 961 1006 1038 propinquus
1025 962 1092 1022 etos
1105 963 1165 1022 irn-

158 1044 329 1121 peritioris,
346 1041 524 1119 interfectos
535 1040 575 1101 ab
586 1048 692 1116 coest,
710 1044 831 1103 cstioim
842 1044 999 1127 offerebat.
1041 1042 1162 1107 Facere

161 1127 241 1188 enim
252 1126 370 1204 probus
386 1125 567 1186 adolescens
581 1125 769 1203 periculose,
792 1143 883 1204 qnam
896 1129 1017 1206 perpeti
1031 1129 1162 1207 turpiter

160 1211 287 1279 motoits
306 1218 399 1286 utque
415 1209 497 1270 inne
514 1209 565 1269 itte
584 1226 719 1269 summos
734 1212 784 1270 cir
801 1211 916 1272 scelere
933 1213 1063 1273 solutum
1073 1214 1161 1290 peri·

121 1294 231 1355 locato
250 1295 401 1356 liberavit.
446 1290 592 1364 Quaedam
614 1292 778 1369 significare
802 1296 873 1353 satis
894 1296 963 1370 erit,
990 1304 1020 1353 ut
1034 1295 1113 1355 idem
1128 1311 1162 1355 ao

161 1394 216 1456 pro
238 1377 356 1436 eodem:
389 1374 495 1452 Neque
520 1376 598 1436 enirn
619 1384 723 1454 posset
742 1374 844 1439 Attalo
867 1379 919 1440 ttte
941 1378 1092 1440 Seruilius
1108 1387 1164 1440 not

160 1459 195 1525 P.
211 1458 330 1521 Nasica
345 1468 398 1521 ant
417 1457 450 1519 L.
460 1456 606 1537 Opimius
622 1467 677 1521 ant
690 1478 738 1522 me
753 1463 875 1524 consnk
894 1472 1019 1524 senatos
1031 1481 1094 1523 non
1107 1482 1162 1524 ne·

159 1545 263 1624 forins
276 1543 399 1621 tates,
421 1545 450 1604 si
463 1543 629 1621 sceleratos
642 1546 773 1623 interfici
790 1547 880 1624 nefas
894 1555 981 1609 esset.
1024 1546 1108 1606 Haec
1123 1549 1163 1606 ita

161 1629 307 1705 dicentur,
329 1637 416 1706 prout
430 1635 497 1686 nota
513 1635 612 1704 erunt,
629 1627 678 1688 vel
695 1629 802 1690 utilitas
818 1647 924 1690 causae
939 1640 988 1690 aut
1002 1631 1093 1691 dacor
1109 1648 1161 1709 po·

161 1710 289 1772 stulabit.

119 1795 154 1853 17
245 1794 354 1856 Edem
376 1796 449 1856 ratio
469 1804 514 1855 est
536 1812 652 1870 corum,
681 1814 755 1873 quae
772 1815 811 1857 ex
834 1798 997 1876 poeticis
1021 1794 1161 1857 fabulis

162 1880 319 1955 ducuntur,
345 1881 400 1939 nisi
424 1880 501 1958 quod
521 1881 556 1939 iis
571 1881 663 1938 miuus
679 1880 875 1940 affirmationis
891 1881 1056 1949 adhibetur;
1080 1882 1161 1940 cuius

162 1983 231 2024 usus
252 1965 345 2042 qualis
366 1983 433 2024 esse
454 1964 591 2040 deberet,
619 1965 695 2023 idem
714 1967 837 2044 optimus
855 1975 957 2026 auctor
975 1984 1009 2026 ac
1023 1967 1162 2042 magister

121 2049 154 2104 18
162 2049 347 2127 eloquentiae
371 2049 506 2108 ostendit.
549 2047 622 2107 Nam
642 2048 725 2108 huius
748 2067 864 2128 quoque
884 2053 1001 2126 generis
1017 2052 1046 2109 in
1060 2050 1161 2109 eadem

162 2136 293 2192 oratione
313 2134 476 2211 reperietur
497 2131 677 2210 exemplum:
707 2130 818 2211 Itaque
838 2135 910 2210 troc,
939 2135 1076 2210 iudices,
1102 2153 1162 2212 non

161 2218 228 2278 sine
243 2233 341 2277 conso
357 2217 448 2277 etiam
460 2215 542 2293 {totis
553 2217 670 2294 fabulis
681 2217 849 2279 doctissimi
856 2218 989 2279 donnes
999 2219 1162 2281 mamonae

160 2301 381 2378 prodiderunt,
403 2318 493 2375 cnm,
519 2301 572 2378 qui
593 2303 695 2377 putris
718 2302 888 2364 otctseends·
911 2319 1010 2362 conso
1035 2309 1161 2362 matrem

161 2384 348 2458 necavisset,
368 2385 500 2445 comens
514 2385 664 2445 nominum
678 2387 850 2461 sententiis,
871 2404 931 2446 non
945 2387 1042 2446 solnm
1057 2386 1161 2446 diosna

120 2466 218 2529 19sed
231 2467 476 2545 sapientissimae
490 2468 569 2529 dene
583 2470 734 2528 sententio
750 2470 921 2532 tiberotnm.
957 2468 1029 2528 illae
1045 2481 1160 2546 quoque

163 2549 307 2625 tabellae,
325 2567 414 2628 quae,
433 2551 543 2611 etiarnsi
559 2552 701 2628 originem
716 2570 772 2611 non
788 2551 824 2612 ab
839 2553 960 2631 Aesopo
973 2560 1159 2630 acceperunt,

165 2635 244 2713 (nam
261 2633 375 2694 videtur
395 2652 492 2695 earum
515 2636 623 2713 primus
639 2644 741 2694 auctor
755 2636 914 2716 Hesiodus)
931 2637 1045 2695 nomine
1067 2644 1160 2694 tamen

163 2718 275 2796 Aesopi
290 2719 412 2778 manime
428 2717 629 2795 celebrantur,
650 2718 757 2779 ducere
773 2722 881 2779 animos
896 2720 993 2779 solent
1003 2720 1160 2798 praecipue

162 2805 334 2863 rusticorum
350 2812 380 2862 et
395 2802 607 2881 imperitorum,
627 2804 675 2879 qui
687 2812 717 2861 et
732 2803 904 2902 simplicius,
922 2821 995 2882 quae
1008 2803 1074 2862 ficta
1086 2811 1159 2877 sunt,

163 2885 296 2962 audiunt,
326 2897 355 2946 et
381 2887 457 2964 capti
482 2885 632 2963 voluptate
658 2886 784 2947 iacile'
766 2905 817 2962 ns,
845 2888 947 2964 quibus
970 2881 1158 2961 delectantur,

164 2972 355 3031 consentiunt
388 2968 535 3048 Siquidem
550 2978 580 3028 et
594 2968 744 3030 Menenius
755 2969 886 3048 Agrippa
904 2970 1020 3048 plebem
1036 2987 1157 3047 cumpa-

163 3053 281 3113 tribus'
272 3072 300 3113 nr
315 3056 436 3131 gratiam
454 3052 574 3114 traditur
590 3054 743 3114 reduxisse
758 3063 825 3113 nota
841 3054 890 3114 illa
907 3054 943 3113 de
959 3052 1093 3113 membris
1109 3052 1158 3111 hu·

121 3139 254 3200 nomenis
274 3137 413 3197 adversus
432 3147 562 3197 ventrem
577 3136 807 3198 discordantibus
824 3137 931 3198 fabula.
975 3137 1012 3197 Et
1026 3136 1158 3195 Horatius

165 3240 202 3282 ue
222 3224 251 3281 iu
272 3230 406 3300 poemate
430 3221 544 3298 quidem
565 3220 701 3280 humilem
721 3223 838 3298 generis
859 3220 941 3280 huius
956 3240 1038 3280 usum
1053 3220 1159 3298 putavit

164 3307 194 3367 in
215 3305 273 3366 illis
293 3303 443 3380 versibus,
476 3303 566 3378 Quod
586 3307 667 3366 cinit
686 3308 794 3385 ootpes
813 3313 951 3404 aeproto
961 3313 1055 3366 conto
1071 3304 1156 3365 leoni.

163 3384 261 3490 Alcon
292 3387 395 3448 Graeci
409 3397 514 3448 votam
526 3397 556 3448 et
570 3387 759 3465 αἰσωπείους,
779 3398 810 3448 ut
824 3390 898 3465 dixi,
917 3381 1021 3468 λόγους
1037 3397 1067 3447 et
1081 3388 1158 3487 inpio·-

165 3465 252 3549 noim
272 3481 438 3541 nostrorum
452 3471 582 3552 quidam,
602 3489 661 3532 ιιοιι
675 3490 745 3533 sane
760 3482 882 3554 recepto
897 3474 926 3532 iu
940 3490 1022 3533 usum
1036 3473 1158 3550 nomina,
