2434 3925
140 192 203 258 264
465 206 501 253 n.
513 205 591 254 urs.
607 205 828 267 Qumrmssus

142 358 302 423 efficiendis
316 361 419 422 melior
432 363 536 422 artilex
552 360 695 436 creditur,
716 363 745 420 in
767 359 857 421 ebore
874 378 947 420 vero
964 361 1077 439 longe
1097 366 1169 425 citn

142 446 298 521 aemulum,
321 447 369 507 vel
392 448 417 506 si
435 446 504 505 nihil
525 446 580 504 nisr
572 444 752 505 Minervam
766 444 887 504 Athenis
910 454 960 505 aut
980 445 1124 526 Olymp'
1114 466 1168 506 ium

140 532 169 590 in
185 529 269 590 Elide
284 529 393 590 lovem
398 531 537 604 fecisset,
561 530 641 587 cuius
662 528 845 627 pulchritudo
863 530 1015 589 adiecisse
1044 466 1190 619 aldjquidi

139 616 224 674 etiam
239 625 378 693 receptae
394 610 527 690 religioni
544 614 671 681 videtum
694 613 767 674 adeo
783 614 917 673 maiestas
939 617 1053 692 operis
1075 616 1166 675 deun

138 700 281 797 aequavit
320 699 367 759 ild
387 700 538 758 veritatem
554 696 711 775 Lysippum
733 714 768 756 ao
783 697 950 758 Praxitelen
972 702 1164 758 accessisse

139 784 245 861 optime
267 782 420 842 affirmant.
451 780 524 841 Nam
540 781 706 841 Demetrius
723 790 856 858 tanquam
872 783 972 840 nimius
996 783 1026 841 in
1048 801 1096 843 ea
1117 802 1162 842 re

139 867 327 946 prehenditur
343 876 372 926 et
387 867 440 925 init
455 865 645 925 similitudinis
658 883 742 944 quam
753 865 971 944 pulchritudiuis
990 869 1160 927 amantior.

96 962 130 1013 lo
222 949 254 1011 ln
281 953 453 1011 oratione
480 966 551 1009 vero
581 950 606 1008 si
634 949 752 1028 species
775 951 879 1008 intueri
901 949 995 1025 velis,
1022 952 1161 1012 totidem

139 1049 232 1114 paene
245 1038 376 1115 reperias
391 1036 570 1112 ingeniorum
585 1042 656 1112 qrrot
673 1050 827 1111 corporum
842 1034 959 1093 formas.
984 1034 1052 1094 Sed
1068 1034 1160 1095 fuere

139 1119 280 1197 quaedam
304 1136 414 1196 genera
436 1119 551 1179 dicendi
581 1119 753 1178 condicione
782 1127 943 1196 temporum
963 1117 1157 1191 horridiora,

139 1203 249 1281 alioqui
270 1220 402 1280 magnam
429 1205 484 1262 iam
499 1202 606 1278 ingenii
622 1204 678 1260 vim
694 1220 763 1280 prae
782 1219 814 1261 se
830 1201 963 1261 ferentia.
996 1202 1081 1262 Hinc
1099 1204 1158 1262 sint

138 1286 247 1363 Laelii,
271 1285 420 1363 Africani,
442 1285 568 1346 Catones
594 1287 680 1347 etiam
701 1285 899 1364 Gracchique,
923 1303 997 1363 quos
1021 1295 1055 1345 tu
1082 1287 1158 1346 licet

138 1370 319 1447 Polygnotos
334 1371 383 1430 vel
402 1368 539 1431 Callonas
555 1369 701 1448 appelles.
731 1368 853 1430 llediam
867 1370 946 1430 illam
959 1369 1094 1431 formam
1110 1380 1154 1430 te»

97 1464 224 1515 llueant
244 1454 275 1514 L.
298 1454 438 1531 Crassus,
466 1453 500 1527 Q.
524 1453 705 1514 Hortensius.
749 1453 821 1513 'lum
843 1454 947 1513 deinde
971 1453 1154 1515 efflorescat

139 1556 196 1597 non
222 1538 339 1597 multum
364 1541 440 1598 inter
462 1557 495 1598 se
521 1538 683 1599 distantium
707 1547 840 1616 tempore
868 1546 1015 1598 oratorum
1038 1540 1152 1617 ingens

139 1630 307 1699 proventus.
342 1621 395 1682 liic
414 1624 471 1682 vim
487 1621 644 1699 Caesaris,
669 1622 796 1682 indolem
814 1621 924 1698 Caelii,
950 1621 1150 1684 subtilitatem

142 1703 262 1782 Calidii,
279 1706 455 1784 diligentiam
469 1706 626 1782 Pollionis,
644 1707 810 1784 dignitatem
824 1705 986 1781 Messalae,
1005 1710 1148 1768 sauctita-

139 1799 198 1849 tem
215 1788 314 1866 Calvi,
341 1793 512 1868 gravitatem
527 1790 623 1866 Bruti,
651 1809 771 1851 acumen
786 1790 924 1869 Sulpicii,
951 1790 1147 1852 acerbitatem

140 1872 234 1934 Cassii
251 1877 445 1954 reperiemus:
476 1877 504 1934 iu
523 1876 558 1933 iis
575 1876 678 1951 etiam,
700 1893 774 1953 quos
790 1874 848 1953 ipsi
863 1874 999 1949 vidimus,
1026 1878 1146 1953 copiam

140 1958 290 2037 Senecae,
317 1961 396 2019 vires
423 1958 570 2034 Africani,
604 1961 795 2020 maturitatem
819 1958 908 2035 hiri,
935 1958 1144 2021 iucunditatem

98 2052 132 2105 12
140 2041 252 2122 Crispi,
269 2062 372 2105 sonum
386 2043 539 2119 Trachali,
555 2043 728 2120 elegantiam
744 2043 880 2103 Secundi.
910 2042 949 2102 At
965 2041 1002 2102 ll.
1017 2043 1144 2105 Tullium

139 2145 196 2186 non
217 2128 297 2188 illum
309 2128 456 2201 ¹habemus
472 2127 691 2206 Euphranorem
708 2129 787 2187 circa
806 2127 928 2206 plurium
953 2128 1056 2187 artium
1074 2147 1142 2207 spe

140 2213 200 2271 cies
217 2221 413 2289 praestantem
429 2212 482 2272 sed
497 2213 530 2270 in
541 2211 688 2287 omnibus,
711 2230 786 2292 qnae
801 2214 829 2271 in
844 2228 961 2289 qnoque
977 2211 1139 2286 laudantur,

141 2296 399 2356 eminentissimum.
434 2295 526 2369 Quem
540 2305 636 2355 tamen
656 2306 685 2355 et
700 2314 816 2356 suorum
831 2295 961 2355 homines
977 2304 1139 2374 temporum

139 2382 289 2439 incessere
312 2380 455 2441 audebant
476 2388 506 2439 ut
526 2381 705 2440 tumidiorem
727 2390 756 2440 et
772 2381 909 2440 Asianum
930 2388 961 2438 et
978 2379 1138 2440 redundan»

140 2473 199 2523 tem
214 2473 243 2523 et
262 2465 291 2522 in
305 2464 527 2542 repetitionibus
548 2465 663 2524 nimium
680 2474 709 2524 et
723 2466 752 2524 iu
768 2464 875 2524 salibus
889 2463 1043 2541 aliquando
1058 2464 1136 2541 frigi·

141 2548 250 2607 dumet
266 2550 294 2606 in
310 2549 521 2627 compositione
538 2548 677 2625 fractum,
694 2549 871 2608 exultantem
886 2566 921 2608 ac
936 2565 1042 2626 paene,
1060 2548 1136 2626 quod

99 2632 243 2710 13procnl
264 2631 353 2707 absit,
375 2633 438 2691 viro
461 2632 639 2702 molliorem;
663 2642 767 2711 postea
780 2650 853 2693 vero
871 2650 956 2711 quam
972 2632 1135 2692 triumvirali

140 2717 354 2795 proscriptione
377 2724 564 2794 consumptus
587 2726 648 2793 est,
674 2718 783 2795 passim
800 2718 848 2795 qui
864 2717 999 2792 oderant,
1026 2718 1073 2794 qui
1094 2719 1133 2775 in·

139 2800 292 2876 videbant,
311 2803 359 2880 qui
375 2800 606 2877 aemulabantur,
624 2801 789 2862 adulatores
806 2803 890 2861 etiam
906 2804 1067 2879 praesentis
1082 2818 1132 2879 po·

141 2887 247 2943 tentiae
263 2902 321 2944 non
334 2902 540 2964 responsurum
555 2887 729 2950 invaserunt.
757 2884 811 2945 llle
826 2895 936 2959 tamen,
958 2886 1007 2962 qui
1025 2885 1131 2944 ieiunus

141 2985 158 3026 a
174 2967 341 3045 quibusdam
358 2979 445 3048 atque
462 2971 558 3029 aridus
575 2970 716 3046 hahetur,
733 2986 790 3029 non
808 2969 891 3029 aliter
908 2968 943 3028 ah
961 2969 1031 3046 ipsis
1047 2970 1130 3027 inimi·

142 3053 184 3109 cis
199 3052 274 3111 male
297 3054 396 3130 audire
412 3071 495 3131 quam
509 3055 601 3113 nimiis
618 3053 736 3113 boribus
752 3062 782 3113 et
800 3054 907 3130 ingenii
922 3052 1064 3113 ailluentia
1080 3069 1128 3130 po·

118 3135 202 3193 tuit.
239 3134 354 3196 Falsum
377 3138 632 3216 utrumque,‘sed
654 3147 748 3197 tamen
769 3138 819 3197 illa
840 3137 995 3196 mentiendi
1016 3138 1129 3215 propior

34 3233 37 3240 '
100 3219 269 3282 lioccasio.
302 3220 463 3299 Praecipue
482 3231 741 3300 veropresserunt
756 3240 836 3296 eum,
854 3222 902 3299 qui
918 3221 1008 3281 videri
1024 3220 1126 3281 Attico·

141 3321 202 3362 rum
223 3304 381 3363 imitatores
398 3307 614 3384 concupierant.
644 3304 725 3367 Haec
743 3324 842 3366 manus
866 3307 948 3383 quasi
969 3304 1126 3382 quibusdam

142 3388 233 3445 sacris
248 3387 355 3446 initiata
373 3397 403 3446 ut
418 3390 608 3465 alienigenam
626 3398 654 3447 ct
672 3407 773 3467 parurn
787 3390 947 3449 studiosum
962 3390 1124 3448 devinctum·

101 3529 103 3532 .
144 3487 199 3548 que
222 3471 279 3532 illis
306 3470 419 3549 legibus
441 3473 665 3552 insequebatur3
691 3473 768 3533 unde
789 3492 865 3534 nuuc
880 3490 995 3553 quoque
1015 3473 1079 3533 aridi
1097 3482 1123 3532 et
