2434 3925
83 137 85 142 ’
145 133 204 196 130
449 149 486 196 u.
508 146 586 195 uun.
608 143 826 208 optumum

100 304 203 365 9loiso
226 302 300 363 malo
323 302 408 380 cire)
429 303 457 360 in
473 303 632 361 coniunctis
647 317 720 360 vero
742 318 831 380 posse
850 309 878 361 et
894 300 966 362 duos
983 309 1012 360 et
1028 304 1081 362 tris
1096 304 1142 363 in-

142 388 234 446 veniri
249 386 297 445 vel
312 387 454 460 diversos,
471 394 501 444 ut
516 386 616 462 siquis
633 384 709 443 aliud
726 403 759 444 se
774 402 830 444 non
842 384 949 445 lecisse
965 385 1041 446 aliud
1055 397 1142 447 recte

142 469 250 529 fecisse
267 469 416 535 defendam
435 467 483 526 vel
498 470 615 545 generis
631 468 769 544 eiusdem,
788 478 818 527 ut
833 471 858 528 si
876 471 938 547 quis
951 469 1007 528 duo
1020 472 1142 532 crimina

100 563 134 617 95
142 562 241 630 neget.
286 552 370 626 Quod
393 552 496 611 accidit
518 554 618 627 etiam,
641 554 666 611 si
689 552 726 611 de
747 570 851 613 unare
873 561 1026 631 quaeratur
1040 554 1141 632 aliqua

141 637 273 696 sedeam
294 637 392 714 plures
412 644 525 713 petant,
546 636 595 695 vel
618 635 721 695 eodem
744 637 806 695 iure
827 645 857 695 ut
877 638 1067 715 proximitatis
1087 639 1139 698 vel

116 755 120 764 ·
142 721 271 794 diverso,
287 730 317 779 ut
333 738 395 778 cum
409 718 456 777 hic
466 727 638 778 testamento
650 719 700 778 ille
712 721 893 796 proximitate
905 723 1020 780 nitetur.
1056 720 1137 794 Quo-

141 807 216 864 tiens
231 813 325 863 aotem
343 803 419 863 aliud
434 804 482 862 alii
500 805 617 880 petitori
636 805 805 881 opponitur,
822 804 976 865 dissimiles
994 823 1062 863 esse
1078 815 1137 865 sta·

99 897 186 951 sotus
202 905 326 947 necesse
343 895 398 963 est,
414 896 445 945 ut
461 889 489 945 in
504 886 554 946 illa
573 889 787 948 controversia:
810 886 1000 949 Testamenta
1017 890 1139 966 lepidas

137 973 227 1051 facta
247 980 320 1032 rata
340 973 422 1034 siat,
453 968 668 1032 intestatorum
688 972 863 1049 parentiam
888 972 979 1033 liberi
1003 973 1140 1034 derectos

139 1058 209 1117 siat.
250 1051 421 1116 Abdicatus
439 1074 478 1115 oc
499 1056 574 1132 qaid
593 1056 632 1116 de
652 1055 738 1116 bacis
756 1059 855 1133 patris
873 1056 986 1133 capiat.
1019 1055 1140 1118 Natbas

140 1147 210 1201 ante
227 1140 389 1217 baptismam
411 1140 675 1217 notas-lepidmas
697 1138 778 1216 silias
805 1140 860 1214 sit,
883 1147 951 1218 post
968 1140 1138 1217 lepitc'mam

139 1231 232 1285 natas
248 1231 362 1284 tantam
382 1223 465 1284 ciuis.
501 1221 541 1282 Ia
558 1225 750 1301 adoptionem
766 1224 957 1286 dereliceat.
995 1222 1034 1284 lc
1055 1226 1137 1285 ado-

136 1309 269 1385 ptionem
290 1308 363 1368 dato
377 1308 482 1384 redire
500 1308 533 1367 ia
550 1308 701 1385 familiam
718 1309 820 1382 liceat,
846 1309 874 1367 si
890 1315 983 1386 pater
1002 1316 1137 1369 catara-

98 1393 179 1454 ottts
197 1394 263 1453 noc
284 1392 388 1451 libetis
409 1392 584 1452 decesserit.
632 1390 687 1464 Qui
710 1409 747 1451 ex
769 1390 880 1451 duobus
905 1391 1038 1467 legitimis
1060 1391 1136 1451 alte·

140 1493 203 1535 rum
217 1477 245 1535 in
262 1475 446 1553 adoptionem
462 1474 580 1534 dederat
594 1474 715 1533 altemm
730 1473 930 1549 abdicaverat,
950 1474 1064 1534 sustulit
1081 1493 1135 1533 no-

140 1558 233 1627 thum;
256 1560 384 1618 instituto
408 1558 518 1620 herede
540 1558 673 1618 abdicato
695 1559 831 1619 decessit.
876 1558 949 1618 Tres
973 1575 1072 1617 omnes
1096 1559 1135 1619 de

139 1642 223 1701 bouis
240 1643 422 1703 contendunt.
451 1641 584 1719 Notlrum,
602 1644 649 1720 qui
666 1660 723 1701 non
740 1644 777 1702 sit
792 1641 946 1719 legitimus,
964 1642 1065 1701 Graeci
1080 1660 1134 1702 vo·

140 1734 220 1795 cant3
243 1725 371 1786 Latinum
395 1729 439 1787 rei
454 1744 573 1801 nomen,
596 1735 626 1785 ut
649 1723 720 1786 Cato
739 1743 854 1804 quoque
869 1728 899 1785 in
916 1728 1046 1785 oratione
1064 1743 1133 1804 qua·

140 1811 203 1871 dam
224 1819 345 1871 testatus
367 1821 428 1887 est,
456 1828 513 1870 non
539 1809 676 1870 habemus
697 1809 822 1888 ideoque
842 1812 945 1869 utimur
964 1812 1134 1889 peregrino.

97 1893 197 1959 osSet
211 1894 248 1975 ad
265 1896 453 1975 propositum.
484 1894 591 1956 Heredi
607 1894 716 1974 scripto
739 1895 893 1974 opponitur
909 1893 973 1969 lex,
994 1889 1134 1955 Abdica-

139 1989 189 2041 tus
208 1999 247 2041 oe
265 1981 396 2058 quidde
417 1982 504 2043 banis
521 1981 625 2060 patras
647 1981 770 2058 capiat·
796 1979 828 2038 tit
853 1987 943 2041 status
973 1980 1072 2056 scripti
1103 1988 1135 2038 et

136 2064 307 2141 voluntatis,
334 2083 377 2125 aa
397 2066 459 2126 allo
478 2067 566 2127 mado
585 2082 699 2142 capere
714 2065 832 2142 possit?
857 2081 900 2124 aa
922 2081 962 2122 ec
981 2063 1135 2124 voluntate

133 2150 259 2228 patris?
279 2167 321 2209 aa
334 2148 424 2211 bercs
435 2150 591 2227 scriptas?
619 2147 715 2207 Natho
731 2147 839 2226 duplex
850 2146 881 2205 fit
893 2148 1035 2223 quaestio,
1054 2146 1133 2223 quod

136 2240 206 2311 post
226 2231 370 2309 legitimos
391 2240 474 2291 natos
495 2234 533 2292 sit
554 2241 583 2291 et
599 2232 675 2310 quod
697 2251 757 2293 aon
772 2232 808 2290 sit
826 2238 896 2292 acte
911 2229 1067 2306 legitimum
1081 2248 1135 2305 naf

96 2322 193 2378 ottus.
225 2314 309 2375 Prior
326 2315 518 2393 syllogismon
540 2314 644 2390 habet,
670 2334 713 2377 aa
736 2320 796 2395 pto
810 2333 875 2376 aaa*
891 2315 974 2374 natis
992 2315 1053 2373 sim
1073 2314 1132 2374 ba-

137 2399 246 2473 beadi,
270 2401 322 2476 qai
341 2417 362 2458 a
377 2400 499 2478 familia
514 2407 584 2461 sant
609 2401 757 2462 odenati?
803 2397 904 2457 Altera
931 2406 960 2455 et
980 2398 1080 2475 scripti
1102 2406 1133 2455 et

136 2482 307 2542 voluntatis.
333 2482 398 2542 Non
418 2501 485 2543 esse
503 2486 576 2544 enirn
591 2483 667 2542 hunc
687 2492 781 2543 natum
804 2490 870 2542 ante
889 2481 1046 2558 legitimum
1062 2497 1131 2540 oon·

136 2568 227 2641 venit,
244 2567 296 2626 sed
307 2566 454 2627 voluntate
466 2568 540 2645 legis
553 2586 586 2628 se
599 2566 733 2644 tuebitur,
747 2585 830 2645 quam
842 2566 918 2626 dicet
929 2564 1015 2624 talem
1026 2563 1130 2636 fuisse,

136 2661 167 2711 ut
183 2651 328 2728 legitimus
345 2660 424 2711 osset
438 2651 541 2712 nothus
556 2661 624 2711 tuno
640 2659 739 2727 natus,
761 2669 824 2710 cum
847 2649 920 2709 alius
943 2648 1086 2725 legitimus
1102 2650 1133 2707 in

95 2733 239 2797 laodomo
262 2751 320 2793 non
343 2742 432 2794 esset.
470 2736 614 2814 Scriptum
633 2752 749 2813 quoque
772 2735 846 2811 legis
862 2732 998 2792 excludet
1017 2731 1130 2807 dicens,

80 2843 89 2862 ·
135 2817 204 2879 Noa
221 2821 342 2897 utique,
364 2821 393 2881 si
405 2827 514 2898 postea
534 2821 684 2898 lepitt‘mas
703 2826 794 2880 actas
811 2837 871 2879 oon
888 2819 944 2891 sit,
967 2816 1057 2877 natba
1075 2835 1130 2876 aa·

138 2920 224 2971 cere;
251 2912 405 2982 uteturque
427 2903 484 2963 hoc
504 2904 687 2980 argumento:
714 2900 810 2981 Ftnpe
823 2901 928 2963 ‘solam
952 2907 1057 2961 natam
1078 2918 1132 2960 aa·

137 2986 235 3063 mam,
262 2989 350 3049 caitus
372 2988 561 3049 condicionis
579 2988 658 3050 erat?
695 2984 823 3047 Tantam
848 2985 946 3047 civis?
966 2986 1053 3061 atqui
1070 3003 1133 3044 non

137 3071 195 3130 erit
213 3079 283 3148 past
304 3072 466 3150 lapidosam
488 3078 589 3132 natas.
628 3069 748 3131 Filias?
775 3071 861 3147 atqui
886 3088 946 3129 noa
974 3069 1032 3128 erit
1058 3077 1133 3127 ante

136 3154 282 3232 lepitt'mos
299 3164 400 3216 natas.
446 3152 551 3228 Qaarc
574 3159 603 3215 sc'
622 3155 726 3216 verbis
749 3153 827 3231 lepis
843 3156 923 3214 stati
943 3171 1004 3213 aaa
1022 3161 1132 3228 potest,

96 3249 146 3301 101
157 3237 309 3301 voluntate
327 3240 470 3300 standum
490 3248 544 3300 est.
587 3238 652 3298 Nec
674 3256 843 3318 quemquam
864 3236 976 3310 turbet,
995 3234 1072 3313 quod
1094 3253 1132 3294 ex

137 3339 191 3381 una
207 3322 275 3400 lege
290 3322 346 3382 duo
364 3323 550 3390 statuebant:
574 3323 682 3400 duplex
697 3331 758 3398 est,
774 3323 813 3381 ita
827 3323 884 3381 vim
898 3322 1015 3380 duarum
1032 3318 1130 3379 habet.
1164 3332 1168 3338 ·

136 3406 244 3471 Redire
257 3408 287 3466 in
300 3405 433 3467 familiam
450 3407 559 3469 volenti
574 3407 677 3468 dicitur
691 3405 727 3465 ab
747 3405 841 3465 altero
857 3406 992 3485 primum,
1018 3398 1056 3464 Ut
1077 3402 1132 3465 titt
