2434 3925
183 208 241 270 114
490 223 527 270 u.
541 221 620 269 nnn.
639 221 858 281 oumummm

180 374 260 434 etde
275 375 404 452 pluribus
419 375 616 451 singulariter:

261 457 355 520 Haud
370 478 460 520 secas
479 476 518 519 ae
531 461 643 537 patriis
663 477 740 520 aser
756 457 913 521 Romanas
929 460 963 520 io
981 461 1089 523 armis.

136 553 170 606 21
178 542 284 619 Specie
303 543 417 602 diversa
432 542 485 602 sed
498 560 608 618 genere
630 544 731 603 eadem
747 551 776 601 et
790 543 864 602 lmen
878 552 959 603 sunt:

262 623 344 687 Neoe
364 627 418 687 tibi
435 627 480 688 ad
499 627 592 686 sotem
609 635 738 705 serpant
757 627 858 688 cineta
880 627 1048 690 cadentem.

260 707 308 770 Ne
327 709 400 769 milri
421 716 483 770 tam
497 711 601 770 molles
615 711 672 770 sab
694 711 764 771 dieo
784 728 916 788 carpere
931 729 1063 787 somnos,

259 790 326 854 Nea
346 794 437 854 dorso
456 796 587 854 nemoris
607 794 700 855 libeat
716 795 851 855 iacuisse
864 811 923 871 per
943 794 1077 864 tortas,-

176 878 322 934 nonenim
338 877 438 936 neseio
455 878 500 935 cui
517 877 564 936 olii
582 878 661 955 prius
679 895 734 936 uec
749 887 853 956 postca
874 876 929 936 sibi
950 878 997 935 uni
1014 879 1069 938 sed
1085 882 1174 940 omni·
1208 864 1209 959 l

176 957 230 1017 bus
246 963 397 1039 praecipit.
437 959 475 1019 Et
494 959 532 1019 de
553 959 636 1019 nobis
653 961 795 1039 loquimur
810 969 942 1038 tauquam
958 960 993 1020 de
1011 962 1096 1021 aliis:
1122 963 1176 1025 Di-

135 1041 485 1121 maismacensem
507 1042 631 1105 Ticidae.
675 1043 713 1103 Et
734 1053 834 1105 nostra
854 1061 979 1122 persona
996 1046 1104 1104 utimur
1126 1065 1176 1125 pro

177 1126 285 1200 aliena,
307 1136 335 1186 et
350 1127 423 1186 alios
438 1143 491 1206 pro
508 1126 570 1187 aliis
587 1128 727 1204 fingimus.
769 1127 925 1205 Utriusque
946 1129 988 1186 rei
1009 1130 1176 1208 exemplum

102 1277 104 1285 γ
176 1227 230 1288 pro
242 1206 376 1269 Caecina.
398 1211 546 1285 Pisonem,
564 1212 704 1271 adversae
715 1213 804 1290 partis
816 1211 1000 1286 advocatum,
1017 1212 1176 1291 alloquens

178 1290 282 1352 Cicero
298 1294 379 1353 dicit:
395 1294 576 1356 Restiteisse
591 1304 621 1356 te
636 1296 733 1363 dieti·
753 1313 829 1373 nepo
843 1314 892 1356 me
904 1314 944 1356 eso
959 1296 1059 1356 edicto
1076 1315 1176 1374 prae

176 1378 251 1436 toris
267 1379 435 1438 restitutam
452 1396 538 1446 esses
557 1397 657 1438 verum
673 1381 747 1438 enim
763 1378 834 1439 illud
848 1379 1016 1440 restituisse
1030 1379 1176 1441 Aebutius

178 1460 262 1534 dixit,
281 1457 405 1520 Caecina
420 1480 496 1540 nepo
510 1481 557 1522 me
572 1458 726 1524 ea'edicto
740 1463 896 1540 praetoris
908 1462 1078 1524 restitutam
1087 1484 1175 1532 esses

134 1548 206 1601 t3et
220 1544 312 1620 ipsum
330 1545 408 1604 dieti
413 1589 423 1619 ,
449 1562 571 1605 excussa
587 1546 717 1620 syllaba,
738 1546 828 1621 ligura
843 1548 872 1604 in
886 1545 987 1605 verbo.
1026 1545 1080 1606 llln
1104 1566 1173 1627 quo-

177 1644 233 1703 que
255 1645 292 1685 ex
317 1628 420 1687 eodem
441 1625 550 1704 genere
572 1640 693 1706 possunt
712 1628 821 1688 videri:
846 1646 931 1688 unum
954 1630 1030 1707 quod
1056 1632 1172 1690 inter-

175 1711 399 1788 positionem
418 1713 466 1772 vel
491 1713 953 1787 interclusionemdicimus,
979 1711 1172 1793 Graeoimep·
1208 1740 1209 1743 ¹

176 1791 307 1871 ἔνθεσιν,
332 1793 537 1873 παρέμπτωσιν
556 1806 678 1872 vocant,
712 1798 777 1857 dum
803 1798 1005 1857 continuationi
1030 1800 1170 1857 sermonis

174 1878 284 1937 medius
300 1878 402 1956 aliquis
419 1898 521 1940 sensus
535 1882 702 1941 intervenit:
725 1878 791 1959 Epo
809 1900 877 1941 eam
898 1885 927 1942 ie
944 1881 1077 1959 (mecam
1093 1885 1170 1944 emita

173 1964 353 2040 saepissime
366 1964 509 2044 loquitar)
523 1968 647 2043 patriae
661 1965 865 2047 reddidissem
870 1987 884 2034 ,·
907 1966 953 2023 cui
968 1964 1106 2024 adiiciunt
1123 1966 1168 2041 luy-

134 2046 330 2125 ntperbaton,
354 2050 431 2127 quod
446 2053 519 2109 inter
538 2058 640 2127 tropos
661 2067 729 2108 esse
745 2050 911 2114 noluerunt:
934 2047 1071 2124 alterum,
1096 2049 1170 2127 quod

176 2140 221 2190 est
233 2135 294 2191 eius
308 2133 417 2208 figurae
429 2135 648 2206 sententiarum,
662 2150 736 2210 quae
748 2121 920 2210 ἀποστροφὴ
931 2132 1049 2207 dicitur,
1066 2133 1168 2209 simile,

175 2215 228 2275 sed
242 2233 299 2274 non
313 2233 428 2275 sensum
438 2226 526 2276 mutat
538 2234 638 2275 verum
652 2216 772 2277 formam
787 2215 958 2293 eloquendi:

324 2333 367 2345 —
379 2299 506 2375 Decios,
528 2298 646 2360 Matios
661 2315 847 2378 mapmosqae
862 2296 1015 2373 Camillos,

258 2381 426 2460 Scipiadas
447 2385 543 2444 duros
561 2384 638 2445 bello
657 2391 686 2445 et
707 2393 750 2460 te,
773 2384 905 2446 mamma
927 2380 1054 2443 Gaesao.

133 2463 294 2529 solentius
308 2466 405 2526 adhuc
420 2467 447 2525 in
463 2467 626 2542 Polydoro:
788 2477 806 2523 s
1124 2539 1128 2546 ἡ

215 2546 279 2609 Fas
298 2568 385 2611 omne
405 2551 573 2629 abrumpit,
594 2549 776 2629 Polydorum
797 2551 960 2612 obtruncat
987 2555 1015 2610 et
1034 2566 1118 2611 aero

220 2629 256 2692 Vi
268 2635 389 2710 potitur.
434 2633 590 2706 Quidnam
608 2635 750 2696 nsortatia
768 2642 897 2712 pectora
918 2633 1001 2711 copis

215 2713 294 2777 Auri
312 2736 408 2779 saara
425 2719 547 2797 fames?
857 2794 863 2800 ,

174 2798 196 2857 li
204 2844 212 2873 ,
229 2802 277 2879 qui
289 2809 344 2860 tam
356 2819 445 2880 parva
456 2811 598 2861 momenta
609 2801 768 2861 staminibus
781 2801 996 2875 discreverunt,
1012 2792 1173 2879 μετάβασιν

175 2893 297 2959 vocant,
314 2903 397 2963 quam
414 2894 443 2944 et
460 2886 546 2945 aliter
560 2886 623 2945 lieri
638 2895 753 2963 putant:
1098 2892 1103 2901 ‘

421 2967 503 3042 (leid
519 2971 649 3047 loquor?
670 2978 725 3030 aat
744 2969 797 3029 eloi
815 2969 904 3029 sem?

132 3058 166 3111 26
175 3046 325 3110 coniunxit
336 3062 430 3112 autem
441 3050 620 3131 παρὲνθεσιν
630 3063 659 3111 et
671 3044 1010 3131 dacorpopipvvergilius
1023 3051 1074 3110 illo
1086 3050 1171 3111 loco:
1208 3095 1209 3136 ,

172 3146 176 3154 ·
216 3133 310 3195 Haud
320 3138 432 3214 procat
444 3138 517 3197 inde
531 3138 612 3197 citae
626 3134 749 3199 Mettum
762 3139 796 3197 ia
807 3137 931 3196 dioersa
945 3136 1122 3213 quadripes

215 3215 421 3295 Distaleraet,
439 3220 488 3297 (at
503 3228 535 3280 ta
558 3220 651 3281 dictis
662 3217 782 3281 Attene
794 3219 967 3296 maaerest)

206 3299 432 3380 ,Raptabatqae
446 3304 507 3364 oiri
519 3304 679 3364 mendacis
693 3305 814 3364 uiscera
832 3300 945 3363 Tottm.
960 3326 963 3332 ⁴

134 3383 255 3446 tiliaco
275 3384 420 3446 schemata
436 3396 483 3447 aut
503 3386 547 3446 his
564 3387 681 3461 similia,
706 3405 779 3464 quae
802 3394 885 3445 eruut
901 3402 955 3463 per
978 3385 1171 3457 mutationem,
1208 3433 1209 3448 r

174 3469 380 3545 adiectionem,
409 3470 631 3547 detractionem,
660 3471 804 3546 ordinem,
837 3478 867 3529 ct
893 3477 1062 3532 convertunt
1086 3468 1115 3526 in
1139 3483 1171 3526 se
