2434 3925
64 311 67 319 ,
128 202 197 281 '270
452 227 816 290 memoratarum

135 386 262 449 cissima
284 402 325 446 aa
350 384 454 445 intimo
477 383 609 462 artificio
638 384 892 463 deprompsisset,
920 382 1074 463 Respicite
1096 383 1133 448 0.

135 469 272 533 Fabricii
284 476 466 529 senectutem
472 490 486 537 ,⁰
504 487 572 529 com
583 472 650 544 boc,
666 468 830 546 Respicite,
846 470 1133 532 ornandaeorotio·

134 557 183 616 ais
204 570 302 615 causa
322 570 416 629 saepe
435 554 580 613 dixisset:
604 554 741 630 respeait
760 553 846 630 ipse‚·
871 559 905 613 at
924 550 1089 614 Fabricius
1111 574 1135 616 a

134 639 286 699 subselliis
300 638 431 697 derassa
449 638 551 714 capite
565 637 767 711 discesserat,
788 643 819 694 et
833 645 946 711 cetera,
964 654 1037 713 quae
1053 638 1133 697 adie-

135 724 188 799 cite
202 738 265 781 narn
285 730 329 779 est
343 728 428 779 notus
444 719 540 787 locus;
566 739 628 779 curn
649 721 677 778 in
691 736 724 777 re
740 718 796 777 hoo
811 719 904 778 solum
920 727 1014 795 esset,
1031 720 1132 781 Fabri-

93 818 124 872 41
136 808 209 865 cium
231 823 248 864 a
268 804 372 863 iudicio
394 805 565 862 recessisse.
608 803 646 861 Et
667 801 782 862 Caelius
799 820 862 861 cum
878 804 971 864 omnia
987 808 1131 864 venustis·

135 891 205 948 sime
234 889 314 947 linxit
339 897 398 947 tom
423 886 494 947 illud
523 887 665 962 ultimum,
692 884 762 947 itte
777 888 956 948 subsecutus
983 889 1134 966 quontodc

113 998 115 1001 ·
134 974 300 1046 transierit,
315 981 416 1033 utrum
431 980 499 1032 rate
515 991 557 1033 aa
569 972 739 1049 piscatorio
751 971 890 1050 occipio,
901 990 988 1032 nemo
1001 974 1131 1035 sciebat.

134 1055 233 1119 Siculi
251 1057 388 1133 quidem,
410 1063 443 1115 ut
462 1060 534 1116 sant
552 1055 663 1115 lascivi
676 1061 706 1114 ct
719 1055 860 1130 dicaces,
878 1055 1004 1117 aiebant
1015 1058 1048 1117 in
1062 1058 1132 1118 ‹tel-

48 1150 51 1153 ’
92 1142 223 1220 ttpbino
235 1142 353 1201 sedisse
370 1146 399 1200 ct
417 1141 463 1200 sic
479 1147 626 1217 tanquam
639 1134 758 1198 Ariana
772 1146 987 1199 transvectum.
1016 1139 1048 1199 ln
1064 1159 1132 1201 nar·

135 1225 224 1284 rando
242 1233 335 1282 autem
351 1220 455 1281 Cicero
473 1225 635 1282 consistere
652 1222 773 1281 facetias
789 1230 884 1299 putat,
906 1223 1087 1283 dicacitatem
1102 1226 1133 1284 in

135 1308 276 1369 iaciendo.
311 1306 383 1364 Mire
405 1307 457 1369 luit
477 1309 505 1365 in
530 1307 587 1366 hoo
607 1324 718 1383 genere
733 1315 870 1365 venustus
890 1305 963 1365 Afer
976 1306 1131 1382 Domitius,

136 1394 216 1452 cuius
238 1389 413 1450 orationihus
435 1390 599 1468 complures
623 1390 784 1450 huiusmodi
804 1392 982 1449 narrationes
1003 1393 1132 1451 insertae

136 1477 331 1553 reperiuntur:
357 1474 410 1533 sed
442 1474 582 1533 dictorum
615 1491 732 1552 quoque
753 1473 788 1533 ab
812 1475 915 1533 eodem
935 1473 1043 1534 urbane
1065 1484 1133 1535 sunt

93 1571 128 1625 43
136 1559 203 1619 editi
220 1558 293 1618 libri.
322 1556 397 1617 lllud
410 1575 527 1635 quoque
545 1576 637 1634 genus
653 1568 697 1617 est
713 1559 836 1635 positum
853 1574 909 1616 non
925 1560 953 1617 in
968 1558 1022 1618 hac
1038 1560 1133 1619 veluti

136 1643 307 1702 iaculatione
327 1641 466 1717 dictorum
492 1652 521 1701 et
546 1642 656 1701 inclusa
683 1641 811 1700 breviter
838 1642 998 1701 urbanitate
1024 1643 1076 1702 sed
1101 1646 1132 1702 in

136 1727 258 1805 quodam
280 1726 413 1801 longiore
433 1734 514 1800 actu,
537 1726 615 1803 quod
636 1726 674 1785 de
697 1724 728 1784 L.
757 1723 865 1784 Crasso
891 1735 990 1785 contra
1014 1726 1132 1786 Rrutum

136 1808 241 1871 Cicero
257 1809 428 1869 insecundo
444 1809 479 1868 de
496 1808 619 1869 Oratore
641 1809 714 1869 libro
738 1819 767 1869 et
783 1809 846 1868 aliis
863 1809 1030 1887 quibusdam
1054 1811 1131 1869 locis

95 1903 240 1957 linamat.
271 1893 353 1969 Nam,
375 1910 437 1952 cum
451 1893 555 1953 Brutus
574 1896 603 1953 in
622 1896 806 1953 accusatione
823 1891 874 1953 Cn.
891 1893 989 1952 Planci
1006 1912 1043 1953 ex
1058 1894 1130 1952 duo·

136 1980 189 2039 bus
210 1978 367 2039 lectoribus
389 1978 578 2053 ostendisset,
605 1980 748 2037 contraria
771 1976 801 2037 L.
824 1975 959 2038 Crassum
979 1988 1131 2058 patronum

137 2067 199 2124 eius
215 2066 243 2122 in
259 2065 400 2136 oratione,
417 2080 499 2139 quam
514 2063 550 2122 de
566 2060 688 2121 Colonia
702 2061 883 2121 Narbonensi
898 2062 1045 2137 babuerat,
1063 2081 1130 2122 sua·

137 2150 212 2206 sisse
231 2148 276 2222 iis,
293 2161 366 2223 quae
384 2145 420 2205 de
436 2145 505 2226 lege
520 2146 643 2205 Servilia
661 2146 787 2205 dixerat:
803 2147 853 2204 tris
869 2148 1008 2206 excitavit
1022 2156 1050 2205 et
1063 2149 1131 2225 ipse

137 2230 276 2303 lectores,
294 2229 395 2307 bisque
411 2232 500 2308 patris
518 2232 578 2288 eius
590 2230 725 2306 dialogos
743 2230 822 2289 dedit
833 2230 989 2306 legendum
1009 2247 1130 2307 quornm

137 2333 200 2373 cnm
220 2316 249 2372 in
269 2312 426 2372 Privernati
446 2331 534 2388 unns,
556 2313 632 2373 alter
651 2316 678 2372 in
698 2313 828 2389 Albano,
848 2316 950 2372 tertius
976 2315 1004 2372 in
1020 2314 1131 2373 Tiburti

136 2414 298 2456 sermonem
313 2395 438 2455 habitum
464 2397 725 2475 complecteretur:
750 2397 932 2475 requirebat,
957 2397 1005 2456 ubi
1030 2407 1132 2456 essent

136 2500 189 2541 eae
208 2473 442 2622 possessiones?
482 2479 587 2540 Omnes
617 2491 710 2540 autem
731 2481 796 2540 illas
820 2480 923 2539 Brutus
945 2482 1130 2554 vendideram

136 2575 165 2624 et
180 2575 208 2624 tn
253 2572 371 2641 paterna
382 2579 572 2643 emancupare
588 2565 705 2642 praedia
723 2566 834 2644 turpius
849 2564 1017 2624 habebatur.
1047 2566 1132 2624 Simi-

137 2649 172 2708 lis
194 2649 223 2706 in
243 2647 378 2725 apologis
398 2664 513 2726 quoque
535 2658 565 2708 et
585 2648 753 2726 quibusdam
771 2650 883 2709 interim
901 2651 985 2708 etiam
1001 2648 1133 2708 historiis

138 2732 301 2811 exponendi
315 2733 407 2808 gratia
422 2733 561 2810 consequi
576 2733 663 2791 solet.
1022 2807 1024 2811 ι

93 2827 127 2894 4ῥ
219 2816 277 2876 Sed
293 2817 409 2874 acutior
425 2825 469 2875 est
488 2817 537 2876 illa
552 2826 638 2894 atque
660 2816 793 2876 velocior
811 2819 840 2876 in
860 2813 1020 2876 urbanitate
1043 2814 1132 2876 bre·

135 2902 243 2960 vitas.
283 2897 371 2958 Cuius
395 2900 507 2977 quidem
526 2900 634 2978 duplex
654 2900 745 2959 iorma
767 2910 813 2960 est
827 2901 939 2962 dicendi
954 2918 988 2960 ac
1008 2917 1133 2979 respon·

94 2983 236 3059 todendi,
258 2984 310 3042 sed
331 2985 404 3043 ratio
430 2986 585 3043 communis
608 2986 636 3043 in
661 2979 786 3062 partem;
815 2986 884 3044 nihil
905 2986 979 3044 enim
1002 2984 1078 3061 qrrod
1101 2985 1133 3044 in

137 3067 309 3129 lacessendo
326 3068 381 3127 dici
392 3077 501 3146 potest,
518 3085 575 3126 non
591 3071 674 3127 etiam
690 3070 718 3126 in
729 3069 962 3146 repercutiendo.
991 3067 1029 3126 At
1041 3085 1133 3146 quae·

137 3152 200 3211 dam
217 3153 334 3230 propria
354 3161 419 3211 sunt
439 3152 688 3229 respondentium
715 3151 764 3211 illa
781 3155 864 3212 etiam
880 3155 922 3211 ira
938 3154 1073 3211 concitati
1088 3153 1132 3211 ai·

137 3235 215 3295 ferre
236 3235 347 3309 solent,
369 3234 443 3295 baec
459 3236 628 3315 plerumque
644 3238 672 3295 in
685 3236 874 3296 altercatione
889 3245 937 3295 aut
951 3238 979 3295 in
992 3236 1132 3312 rogandis

137 3318 258 3379 testibus
275 3319 465 3394 requiruntur.
503 3319 573 3381 Cum
587 3323 643 3379 sint
658 3330 751 3380 autem
767 3320 825 3380 loci
840 3321 957 3399 plures,
976 3338 1014 3379 ex
1028 3319 1132 3397 quibus

138 3404 213 3464 dicta
225 3401 345 3461 ridicula
363 3402 516 3464 ducantur:
531 3405 719 3482 repetendum
736 3413 780 3464 est
794 3405 872 3481 mihi,
887 3422 945 3465 non
962 3419 1062 3463 omnes
1078 3419 1133 3462 eos

139 3486 301 3547 oratoribus
318 3488 489 3554 convenire
510 3488 652 3566 inprimis
668 3498 763 3548 autem
778 3506 816 3548 ex
832 3488 1060 3568 amphibolia
1080 3504 1133 3547 ne·
