2434 3925
360 177 797 247 1rrsn.0nnron.n1n.v1‚3.
1013 169 1074 231 277

64 336 118 397 dis
141 341 195 394 ant
208 333 315 392 nonnis
336 341 384 392 aut
405 333 506 393 alienis
528 334 762 411 persuasionibus
778 344 825 394 aut
839 336 977 412 dicendo,
998 338 1076 415 quod

64 421 143 480 fieri
162 435 219 477 non
234 426 340 495 potest.
378 416 481 476 Aliena
502 417 581 476 tinxit
602 417 690 494 Iuba,
713 419 761 496 qui
778 423 925 496 querenti,
949 423 1025 500 quod
1040 422 1118 485 abbo

64 520 159 582 equo
176 519 228 561 suo
244 509 325 560 esset
339 518 492 578 aspersus,
515 499 618 573 octat
638 500 699 577 Tu,
720 504 824 579 inquit,
846 523 894 564 mc
909 504 1075 583 Hippocen·

63 598 206 650 taurum
225 587 338 664 putas?
351 603 403 644 sua
423 583 455 643 (3.
472 582 605 660 Cassius,
623 605 670 663 qur
664 586 841 646 militisine
856 587 953 663 giudic
974 589 1074 648 decur-

62 672 168 744 renti,
185 668 279 745 dicus,
295 670 462 744 amantio,
475 688 577 747 puppo
593 670 669 731 bena
684 673 789 746 uteris,
806 673 904 748 inquit.
935 670 972 730 Et
985 672 1074 732 Galba

1 782 2 803 1
65 756 110 815 de
128 753 274 832 piscibus,
291 754 339 829 qui
355 770 419 811 curn
430 753 522 830 pridie
540 762 674 831 exparte
692 754 772 813 adesi
788 756 939 813 etversati
956 765 1075 832 postera

64 839 123 897 die
154 838 279 915 appositi
303 846 417 911 essent,
444 833 648 913 Festinamus,
673 840 728 898 clii
746 839 945 913 subcomuot,
974 840 1072 915 inquit.

65 922 208 982 Tertium
227 920 298 980 illud
320 917 442 995 Cicero,
463 928 494 978 ut
514 920 589 996 dixi,
614 921 752 981 adversus
771 919 898 990 Curium
922 922 985 980 ficri
1001 924 1074 981 enim

36 1034 41 1041 ¹
66 1015 164 1066 certe
179 1021 236 1063 non
250 1012 376 1083 poterat,
393 1012 434 1078 ut,
452 1022 515 1062 cum
530 1004 715 1080 declamaret,
732 1014 813 1063 natus
826 1022 884 1064 non
900 1014 990 1064 esset.¹
1021 1006 1073 1065 Est
1081 1011 1113 1067 91

67 1099 104 1149 et
135 1088 186 1148 iila
206 1105 244 1147 cx
266 1089 355 1147 ironia
376 1088 470 1161 fictio,
493 1105 549 1164 qua
568 1107 637 1147 usus
662 1097 706 1147 est
722 1086 754 1147 G.
772 1086 889 1147 Caesar.
920 1088 992 1148 Nam
1009 1107 1073 1148 curn

66 1175 164 1233 testis
179 1167 305 1248 diceret,
327 1188 410 1231 areo
432 1172 535 1231 femina
551 1190 602 1232 sua
618 1172 696 1231 ierro
712 1174 827 1249 petita,
841 1182 870 1232 et
885 1183 963 1232 esset
979 1173 1072 1232 facitis

66 1257 282 1334 reprehensio,
299 1274 350 1315 cnr
363 1255 442 1315 illam
457 1258 635 1334 potissimum
650 1265 759 1334 partem
772 1260 904 1335 corporis
919 1257 1072 1316 vulnerare

1 1350 2 1355 ’
66 1340 236 1400 voluisset:
261 1337 341 1411 Qotd
358 1341 434 1402 enim
446 1340 583 1417 faceret,
599 1340 698 1417 inquit,
714 1360 782 1401 cum
797 1349 829 1402 tat
841 1343 962 1419 paleam
983 1350 1012 1401 et
1028 1342 1072 1402 lo-

66 1427 181 1486 ricam
191 1424 341 1484 haberes?
366 1422 422 1481 Vel
437 1424 543 1499 optima
560 1431 605 1481 est
616 1423 758 1482 simulatio
770 1432 869 1483 contra
882 1425 1113 1501 simulantem,92

1 1496 2 1517 ¹
69 1507 175 1587 qualis
190 1507 238 1566 iila
253 1506 369 1565 Domitii
384 1505 447 1564 nni
462 1505 528 1565 fuit:
553 1504 645 1565 Vetus
665 1505 790 1566 habebat
804 1516 1020 1583 testamentum,
1043 1517 1072 1567 et

68 1610 152 1652 unus
169 1609 206 1650 ex
221 1591 318 1649 amicis
334 1589 561 1665 recentioribus,
590 1608 711 1667 sperans
732 1591 839 1668 aliquid
861 1610 899 1651 ex
915 1593 1071 1651 mutatione
1137 1663 1139 1668 ,

68 1675 254 1749 tabularum,
270 1673 371 1733 ialsarn
387 1673 510 1733 inbutam
527 1673 677 1749 intulerat,
696 1675 850 1734 consulens
867 1693 947 1751 eum,
964 1694 999 1735 an
1014 1677 1070 1752 pri·

68 1759 203 1836 mipilari
223 1759 284 1817 seni
308 1759 363 1817 iarn
383 1766 488 1816 testato
511 1776 609 1816 rursus
631 1758 766 1817 suaderet
785 1758 917 1818 ordinare
937 1777 1071 1837 suprema

70 1843 196 1902 iudicia.
231 1840 310 1918 Noti,
327 1843 426 1919 inquit,
442 1842 568 1919 [aanor
583 1841 714 1924 offendis
727 1843 820 1902 illum.

1 1928 3 1937 ’
163 1925 365 1987 Iucundissima
379 1934 444 1986 sunt
458 1934 552 1986 autem
567 1943 605 1985 er
620 1925 664 1985 his
680 1925 808 1985 omnibus
826 1926 901 1986 lenia
916 1934 961 2001 et,
982 1934 1012 1984 nt
1028 1927 1070 1985 sic
1077 1933 1112 1989 93

71 2012 216 2086 dixerim,
238 2009 306 2070 boni
320 2010 475 2070 stomachi:
497 2019 527 2069 nt
542 2009 614 2069 hier
631 2008 706 2069 idem
720 2012 833 2087 ingrato
848 2010 985 2086 litigatori
1001 2026 1069 2069 con·

73 2104 212 2174 spectum
234 2096 296 2155 eius
317 2096 346 2154 in
365 2095 430 2154 iuro
451 2095 550 2154 vitanti
572 2112 625 2172 per
646 2094 889 2154 nomenclatorem
903 2094 1018 2152 missum
1033 2094 1070 2153 ad

72 2197 155 2255 eum,
170 2174 265 2240 Arnus
278 2199 340 2255 mc,
355 2181 459 2256 inquit,
476 2180 601 2256 quodie
618 2197 679 2239 non
697 2180 784 2239 cidi?
808 2177 845 2237 Et
866 2177 1068 2254 dispensatori,

74 2264 140 2343 qui,
156 2279 219 2321 curn
234 2262 269 2322 ad
284 2264 394 2340 reliqua
410 2279 467 2321 non
484 2262 693 2340 responderet,
714 2261 829 2321 dicebat
845 2261 979 2336 subinde,
1000 2259 1070 2322 Non

73 2346 198 2408 comedi
183 2364 317 2446 pampro
332 2355 361 2407 et
374 2363 487 2423 aquom
502 2347 586 2407 bibo:
611 2345 725 2406 Passcr
742 2345 854 2420 redde,
873 2346 955 2422 quod
965 2346 1066 2407 debes.

74 2421 192 2503 Quae‘
175 2423 234 2488 υπὸ
247 2420 280 2489 cd
294 2415 370 2507 ἦθος
383 2437 497 2488 vocant.
534 2427 587 2488 Est
606 2438 705 2505 gratus
726 2430 822 2503 iocus,
846 2431 893 2505 qui
909 2431 1000 2488 minus
1018 2447 1067 2488 ex·
1056 2436 1110 2491 -94

1 2513 2 2516 ’
74 2512 199 2593 probrat
214 2529 297 2589 quam
312 2521 419 2589 potest,
435 2522 465 2571 ut
482 2513 556 2572 idern
571 2512 677 2572 dicenti
694 2512 854 2586 candidato,
871 2511 999 2591 semper
1012 2513 1067 2574 do-

75 2615 159 2657 mum
173 2605 256 2657 tuam
273 2598 370 2663 colaia
388 2614 451 2655 cum
466 2604 567 2673 posset
582 2596 677 2674 palam
690 2612 815 2672 negare,
834 2593 950 2671 Credo,
965 2596 1065 2673 inquit,

77 2687 224 2744 ctnmm
241 2687 295 2741 cat.
328 2678 444 2738 Interim
469 2679 505 2738 de
528 2697 561 2739 se
583 2680 683 2738 dicere
702 2679 851 2739 ridiculum
875 2688 917 2754 et,
938 2679 1014 2756 quod
1039 2680 1067 2735 in
1172 2753 1178 2764 Ι

77 2762 164 2823 alium
187 2764 212 2821 si
235 2762 383 2822 absentem
405 2762 562 2837 diceretur,
589 2761 726 2821 urbanum
751 2779 807 2821 non
829 2771 907 2835 crat,
936 2763 1067 2839 quoniam

76 2848 135 2923 ipsi
145 2846 239 2924 palarn
254 2846 454 2923 exprobratur,
471 2855 568 2904 movet
578 2847 679 2905 risum:
696 2846 782 2925 quale
793 2845 916 2922 Augusti
932 2853 986 2918 est,
1004 2862 1066 2904 curn
1073 2853 1107 2907 95

77 2929 115 2989 ab
130 2927 167 2989 'eo
185 2931 268 2989 mites
282 2932 382 2989 nescio
400 2929 467 3008 quid
488 2928 619 3006 improbe
640 2939 769 3007 peteret,
791 2938 820 2988 et
839 2928 951 2987 veniret
966 2937 1065 2988 contra

2 3033 3 3036 ¹
77 3012 255 3088 Marcianus,
277 3032 362 3093 quero
377 3013 575 3091 suspicabatur
589 3021 619 3072 et
633 3014 726 3092 ipsum
740 3012 846 3090 aliquid
864 3012 965 3071 iniuste
980 3028 1064 3086 roga·

77 3105 184 3156 turum:
205 3094 273 3158 Noc
288 3100 402 3176 inopis,
418 3098 523 3174 inquit,
543 3098 676 3175 facium,
692 3097 866 3173 commilito,
885 3111 963 3174 quac
972 3096 1064 3175 petis,

79 3195 169 3258 quam
190 3183 271 3259 quod
285 3180 465 3243 Marcianus
479 3200 499 3242 c
514 3197 561 3244 ma
573 3182 723 3258 petiturus
741 3188 796 3241 cst.

161 3262 303 3324 Adiuvant
323 3265 509 3325 urbanitatem
532 3273 562 3325 et
579 3282 711 3323 versus
734 3263 883 3323 commode
898 3263 995 3341 positi,
1012 3269 1105 3324 sen96

79 3348 131 3407 toti
145 3355 177 3406 ut
190 3356 264 3423 sunt,
281 3347 373 3425 (quod
388 3349 461 3409 adeo
477 3348 562 3408 facile
574 3357 630 3422 est,
646 3356 676 3405 ut
692 3346 808 3407 Ovidius
825 3366 862 3408 ex
876 3344 1063 3405 tetrastichon

79 3428 169 3493 Macri
180 3432 311 3493 'carmine
326 3432 427 3493 librum
440 3434 469 3492 in
482 3432 574 3493 malos
591 3440 694 3510 poetas
711 3429 927 3509 composuerit)
940 3427 1018 3506 quod
1032 3427 1063 3486 iit
