2434 3925
160 187 202 250 46
476 198 838 260 mmmcmnmmmm

182 354 228 406 AN
245 352 391 405 ORATORI
407 353 535 405 sumno
552 352 757 405 oucossuum
775 353 828 404 Sll'
843 352 987 406 multtum
1004 355 1146 408 tomum

577 436 739 491 COGNlTlO.

245 529 282 592 X.
316 531 396 591 Haec
411 532 448 591 de
466 531 673 608 Grammatice,
694 550 778 609 quam
795 530 965 592 brevissime
983 533 1085 611 potui,
1108 550 1173 592 non

161 624 192 676 ut
211 615 305 674 omnia
320 616 450 698 dicerem
467 626 613 691 sectatus,
632 616 709 693 quod
726 616 862 675 inlinitum
879 625 958 693 erat,
981 616 1034 696 scd
1052 625 1087 675 ut
1106 635 1171 678 ma·

160 700 238 759 xime
258 701 440 770 necessaria;
463 718 538 759 nuuc
555 699 592 759 de
614 700 754 759 ceteris
777 699 936 775 artibus,
959 699 1061 778 quibus
1081 702 1170 760 insti·

161 784 301 858 tuendos,
322 785 487 862 priusquam
502 783 611 843 rhetori
627 785 790 860 tradantur,
809 801 916 861 pueros
932 785 1079 860 existimo,
1098 785 1168 844 stri·

162 869 229 927 etim
256 866 441 945 subiungam,
471 876 500 927 ut
528 868 671 927 alliciatur
694 866 774 926 orbis
799 867 852 928 ille
878 869 1045 943 doctrinae,
1075 886 1168 945 quam

162 950 266 1012 Graeci
288 950 432 1031 ἔγκυκλον
445 952 582 1011 παιδείαν
602 959 718 1011 vocant.

140 1044 157 1096 t
247 1034 319 1095 Nam
341 1036 443 1112 iisdem
464 1035 528 1095 iere
552 1031 632 1095 anuis
655 1035 774 1095 aliarum
802 1052 918 1114 quoque
943 1035 1166 1114 disciplinarum

164 1121 257 1180 studia
279 1119 467 1196 ingredienda
485 1128 565 1196 suut,
590 1136 682 1197 quae,
705 1121 772 1196 quia
795 1129 823 1178 et
847 1121 929 1197 ipsae
949 1129 1026 1180 artes
1045 1129 1116 1178 sunt
1135 1129 1166 1179 et

162 1222 231 1263 esse
252 1203 403 1282 perfectae
425 1205 487 1262 sine
510 1205 611 1264 orandi
633 1204 754 1263 scientia
776 1213 897 1281 possunt
917 1222 973 1263 nec
997 1222 1100 1262 rursus
1126 1204 1163 1263 ad

163 1287 345 1348 efficiendum
362 1298 508 1347 oratorem
525 1289 594 1347 satis
612 1288 710 1347 valent
728 1287 829 1347 solae:
855 1306 890 1347 an
909 1289 964 1347 sint
985 1287 1053 1346 huic
1075 1288 1164 1365 operi

140 1373 366 1446 anecessariae,
393 1373 549 1450 quaeritur.
587 1370 660 1430 Nam
682 1371 766 1449 quid,
790 1373 935 1448 inquiunt,
959 1371 994 1432 ad
1017 1371 1163 1448 agendam

164 1473 280 1516 causam
296 1454 483 1515 dicendamve
500 1457 672 1514 sententiam
691 1456 833 1534 pertinet,
856 1458 950 1532 scire,
973 1455 1161 1534 quemadmo-

163 1541 229 1600 dum
252 1540 317 1599 data
340 1539 415 1599 linea
437 1540 571 1599 constitui
588 1540 731 1616 triangula
749 1540 849 1617 aequis
868 1539 1006 1600 lateribus
1024 1536 1161 1617 possint?

163 1623 221 1683 Aut
243 1640 300 1701 quo
322 1624 424 1683 melius
445 1624 494 1683 vel
515 1623 652 1683 defendet
673 1641 754 1681 reum
774 1624 822 1683 vel
841 1634 926 1700 reget
949 1623 1087 1698 consilia,
1112 1624 1161 1700 qui

129 1708 291 1790 *tcitharae
313 1725 402 1767 sonos
423 1707 582 1767 nominibus
604 1716 634 1767 et
653 1709 752 1785 spatiis
771 1705 952 1768 distinxerit?
982 1706 1160 1766 Enumerent

163 1792 248 1852 etiam
271 1791 397 1852 fortasse
420 1793 525 1852 multos
552 1790 709 1870 quamlibet
731 1791 817 1850 utiles
833 1792 916 1868 loro,
940 1793 988 1869 qui
1008 1809 1063 1850 uec
1085 1807 1158 1868 geo·

162 1885 274 1936 metren
295 1877 437 1936 audierint
459 1896 514 1937 nec
539 1878 666 1936 musicos
690 1876 744 1934 uisi
767 1875 823 1935 hac
845 1877 986 1936 communi
1007 1874 1158 1952 voluptate

163 1963 271 2022 aurium
285 1961 455 2040 intelligant.
479 1960 589 2036 Quibus
604 1978 660 2039 ego
675 1961 795 2039 primum
810 1960 867 2020 hoc
881 1960 1063 2040 respondeo,
1079 1958 1158 2037 quod

162 2044 200 2106 tl.
221 2043 326 2106 Cicero
344 2048 455 2124 scripto
474 2047 509 2106 ad
523 2047 639 2105 Brutum
655 2045 728 2105 libro
745 2044 924 2123 frequentius
942 2053 1078 2118 testatur,
1101 2060 1158 2102 uon

163 2147 228 2189 eum
250 2148 267 2189 a
287 2129 371 2189 nobis
393 2131 500 2189 institui
523 2138 685 2205 oratorem,
709 2130 757 2206 qui
775 2131 812 2189 sit
828 2138 876 2189 aut
893 2130 996 2204 luerit,
1019 2129 1071 2187 sed
1088 2128 1155 2186 ima-

162 2215 258 2291 ginem
276 2213 416 2291 quandam
431 2214 606 2292 concepisse
620 2230 674 2272 nos
692 2214 784 2273 animo
801 2215 925 2291 perlecti
942 2213 1018 2272 illius
1034 2220 1063 2271 et
1077 2211 1156 2270 nulla

140 2305 246 2376 aparte
268 2298 419 2355 cessantis.
450 2296 522 2357 Nam
545 2305 574 2355 et
595 2298 754 2376 sapientem
771 2298 928 2357 formantes
950 2314 1030 2372 eum,
1053 2297 1101 2373 qui
1119 2296 1156 2353 sit

163 2381 273 2439 iuturus
298 2391 509 2441 consummatus
532 2381 658 2459 undique
683 2390 727 2456 et,
754 2382 919 2457 utdicuut,
942 2380 1071 2440 mortalis
1095 2380 1154 2458 qui-

162 2465 228 2525 dam
249 2463 338 2540 deus,
363 2465 522 2524 nonmodo
546 2467 712 2542 cognitione
736 2465 907 2525 coelestium
928 2465 977 2524 vel
995 2464 1154 2523 mortalium

162 2556 262 2628 putant
285 2549 495 2625 instruendum,
518 2548 570 2608 sed
590 2567 645 2628 per
664 2549 804 2627 quaedam
824 2567 913 2627 parva
935 2566 1022 2624 saue,
1045 2548 1069 2606 si
1092 2548 1154 2624 ipsa

162 2632 276 2692 demum
299 2634 452 2709 aestimes,
479 2634 585 2693 ducunt
607 2635 682 2692 sicut
703 2635 861 2711 exquisitas
882 2634 995 2692 interim
1018 2630 1153 2709 ambigui·

162 2724 253 2784 tates;
281 2732 338 2774 nou
359 2718 424 2794 quia
444 2718 603 2779 ceratinae
625 2726 673 2777 aot
694 2719 901 2779 crocodilinae
922 2717 1035 2795 possint
1056 2714 1152 2773 lacere

162 2801 339 2878 sapientem,
364 2801 416 2860 sed
438 2803 505 2879 quia
526 2801 605 2860 illum
627 2819 664 2860 ne
688 2802 717 2859 in
738 2802 859 2861 minimis
881 2801 997 2878 quidem
1021 2807 1152 2877 oporteat

136 2884 233 2944 otalii.
260 2884 397 2944 Similiter
415 2894 575 2960 oratorem,
599 2887 648 2963 qui
666 2884 753 2944 debet
772 2904 839 2944 esse
858 2886 990 2963 sapiens,
1009 2900 1066 2942 non
1082 2899 1150 2959 geo·
1214 2934 1215 2965 3

162 2976 269 3041 matres
286 2969 375 3028 laciet
393 2978 441 3028 aut
461 2970 586 3028 musicus
606 2987 740 3047 quaeque
760 2969 804 3028 his
824 2969 878 3029 alia
898 2968 1081 3044 subiungam,
1101 2966 1151 3025 sed

162 3052 217 3111 hae
235 3069 351 3130 quoque
369 3061 462 3130 artes,
480 3062 511 3112 ut
527 3054 565 3112 sit
583 3062 805 3127 consummatus,
824 3052 969 3112 iuvabunt.
1000 3051 1061 3110 Nisi
1079 3050 1150 3108 forte
1214 3072 1215 3101 1

164 3136 307 3194 antidotus
337 3137 451 3213 quidem
481 3145 567 3215 atque
594 3137 666 3212 alia,
697 3154 771 3214 quae
800 3137 892 3196 oculis
918 3145 965 3196 aut
988 3134 1149 3195 vulneribus
1214 3124 1215 3145 ¹

163 3219 328 3295 medentur,
351 3239 389 3281 ex
409 3221 505 3280 multis
528 3230 614 3298 atque
637 3223 749 3279 interim
772 3221 922 3280 contrariis
945 3237 1061 3298 quoque
1081 3218 1150 3276 inter

164 3320 197 3362 se
219 3302 369 3364 effectibus
392 3306 526 3382 componi
543 3305 690 3379 videmus,
717 3321 837 3382 quorum
860 3322 897 3363 ex
913 3305 1035 3364 diversis
1053 3303 1083 3361 lit
1098 3319 1148 3360 una

163 3387 212 3446 illa
235 3389 373 3464 mixtura,
397 3406 471 3467 quae
493 3389 563 3448 nulli
589 3406 688 3447 eorum
709 3389 809 3448 similis
828 3397 888 3463 est,
913 3387 1015 3465 quihus
1032 3393 1147 3460 constat,

137 3470 216 3537 tsed
247 3474 380 3551 proprias
405 3474 483 3532 vires
512 3490 549 3531 ex
579 3472 709 3532 omnibus
735 3473 832 3540 sumit;
864 3480 894 3530 et
920 3480 997 3531 muta
1025 3469 1148 3530 animalia
