2434 3925
107 222 109 227 ·
154 200 193 263 80
462 214 498 262 m.
514 212 592 261 sun.
607 213 824 273 oumnmmm

152 376 258 427 motum
273 384 330 427 non
345 368 523 427 enuntiandis
538 367 590 428 sed
608 346 783 446 quaerendis
799 368 897 427 verbis
914 366 1144 427 accommodant.

37 477 40 488 *
125 451 289 517 dNonuulli
306 461 384 512 certa
402 451 456 510 sibi
471 452 565 525 initia,
582 454 746 530 priusquam
768 470 883 511 sensum
901 452 1076 526 invenerint,
1094 450 1145 510 dc·

153 539 272 610 stinant,
297 536 523 615 quibusali·q11id
545 536 644 594 diserti
665 535 892 611 subiungendum
914 536 967 609 sit,
987 552 1081 613 eaque
1097 535 1146 593 diu

153 638 252 679 secum
268 620 323 698 ipsi
339 620 476 697 clareque
491 620 618 678 meditati
636 620 791 697 desperata
804 620 994 679 connectendi
1005 618 1145 678 facultate

154 703 291 763 deserunt
306 713 335 763 et
352 704 387 762 ad
403 703 458 762 aliu
475 704 718 781 deincepsatque
735 703 799 762 inde
817 703 872 763 ulia
888 705 1046 762 nauminus
1065 719 1143 760 conr·

125 789 246 852 6munia
273 805 308 848 ac
328 796 395 845 nota
419 787 580 845 devertunt.
626 788 680 859 out
709 787 859 865 plurimum
881 788 1014 847 videntur
1035 785 1146 844 babere

153 872 281 945 rationis,
297 873 397 930 nonin
413 888 514 930 causas
531 879 627 929 tamen
643 870 772 930 laborem
793 889 873 929 suum
889 871 942 929 sed
960 872 987 929 in
1003 871 1086 930 iocos
1105 871 1145 926 in-

62 1010 64 1016 ,
154 956 287 1030 tendunt,
311 964 397 1034 atque
419 956 447 1012 in
468 955 511 1014 bis
534 971 590 1013 non
613 956 729 1032 corpori
750 956 929 1032 prospiciunt
951 955 1003 1013 sed
1024 954 1145 1030 abrupta

53 1116 55 1121 Ι
126 1040 310 1117 tquaedan,
332 1049 364 1098 ut
383 1039 458 1097 forte
475 1039 510 1098 ad
526 1056 637 1098 manum
652 1057 779 1113 uenere,
804 1039 971 1098 iaculentur.
1003 1037 1086 1097 Unde
1103 1038 1145 1110 iit,

153 1132 184 1181 ut
201 1123 341 1182 dissolute
365 1131 452 1185 etex
474 1123 596 1182 diversis
625 1132 764 1200 congesta
788 1125 880 1181 oratio
904 1122 1064 1182 cohaerere
1088 1137 1146 1178 non

154 1208 246 1284 possit
269 1207 428 1284 similisque
452 1207 488 1264 sit
513 1224 667 1284 puerorum
687 1208 918 1282 commentariis,
948 1206 976 1263 in
1001 1223 1073 1283 quos
1096 1222 1144 1277 ea,

155 1281 231 1368 quae¹
246 1290 309 1349 aliis
333 1290 559 1370 declamantibus
582 1290 697 1350 laudata
721 1300 804 1365 sunt,
828 1299 976 1367 regerunt.
1024 1288 1145 1365 Magnas

154 1383 248 1432 tamen
265 1375 422 1435 sententias
438 1383 467 1432 et
484 1393 532 1432 res
548 1374 657 1448 bonas,
682 1375 720 1433 ita
737 1377 810 1433 euim
825 1374 945 1450 gloriari
961 1372 1074 1446 soient,
1092 1371 1145 1430 eli·

155 1457 239 1524 dunt;
263 1476 327 1515 nam
352 1467 380 1517 et
404 1456 518 1517 barbari
534 1467 563 1516 et
579 1461 672 1526 servi;
689 1467 718 1517 et
735 1460 759 1517 si
777 1458 833 1518 hoc
849 1467 893 1517 sat
909 1467 971 1532 est,
997 1456 1074 1516 nulia
1100 1464 1146 1514 est

154 1541 226 1599 ratio
242 1541 364 1602 dicendi.

133 1742 135 1746 ,
189 1763 192 1774 ‚
233 1693 363 1753 ouans
386 1693 590 1743 innuuntur
616 1693 921 1744 rncunrosronus
945 1692 1075 1744 vunco

520 1778 766 1840 nnnnnnrun.

236 1875 299 1935 XII.
327 1874 372 1937 'Ne
389 1876 445 1937 hoo
461 1879 575 1956 quidem
591 1879 768 1955 negaverim,
785 1879 869 1955 sequi
884 1876 1054 1954 plerumque
1071 1874 1145 1935 hane

154 1963 327 2040 opinionem,
345 1971 375 2020 ut
391 1961 492 2022 fortius
509 1964 607 2023 dicere
625 1964 776 2022 videantur
791 1963 915 2027 indocti;
940 1963 1059 2039 primurn
1074 1960 1146 2018 vitio

152 2046 226 2105 male
241 2046 440 2121 iudicantium,
457 2048 504 2124 qui
521 2050 659 2107 maiorem
676 2044 784 2105 habere
800 2047 856 2103 vim
872 2046 991 2105 credunt
1007 2062 1052 2117 ea,
1069 2061 1145 2121 quae

152 2146 209 2188 nou
220 2128 327 2188 babent
338 2138 438 2205 artem,
457 2139 487 2188 ut
501 2131 656 2207 effringere
670 2148 753 2208 quam
766 2130 890 2207 aperire,
909 2147 1043 2207 rumpere
1061 2145 1146 2205 quam

124 2213 287 2286 tsolvere,
312 2212 427 2272 trahere
450 2232 533 2291 quarn
558 2215 667 2274 ducere
696 2223 795 2291 putant
818 2213 972 2272 robustius.
1019 2211 1091 2270 Nam
1116 2218 1146 2269 et

152 2296 306 2372 gladiator,
323 2298 371 2373 qui
387 2314 528 2355 armorum
544 2299 651 2357 inscius
666 2300 693 2357 in
710 2298 800 2357 rixam
815 2299 881 2371 ruit,
899 2305 928 2356 et
944 2297 1078 2366 luctator,
1096 2295 1146 2372 qui

154 2381 241 2439 totius
257 2381 388 2457 corporis
403 2382 466 2438 nisu
484 2382 565 2455 inid,
584 2383 663 2460 quod
678 2382 769 2442 semei
785 2383 905 2455 invasit,
924 2379 1068 2453 incumbit,
1085 2378 1145 2438 ior·

153 2466 210 2523 tior
225 2463 260 2521 ab
276 2464 320 2523 bis
335 2473 470 2531 vocatur;
494 2485 557 2525 cum
573 2468 686 2525 interim
709 2475 739 2526 ct
754 2465 801 2525 bic
818 2466 988 2544 frequenter
1004 2464 1062 2522 suis
1077 2462 1144 2520 viri-

153 2548 206 2607 bus
223 2549 287 2625 ipsc
302 2551 508 2625 prosternitur,
536 2550 667 2629 stillum
688 2551 868 2609 uehementis
889 2552 1013 2627 impetus
1036 2546 1146 2623 excipit

124 2632 309 2691 daduersarii
325 2632 420 2691 mollis
436 2634 582 2693 mticuius.
616 2635 677 2694 Sed
694 2643 757 2692 sunt
773 2636 801 2693 in
815 2635 870 2693 hac
885 2642 986 2711 parte,
1003 2648 1078 2710 quae
1094 2631 1145 2687 im·

153 2716 264 2794 peritos
282 2717 367 2775 etiam
382 2717 550 2777 naturaliter
565 2718 682 2785 ialiant;
706 2737 770 2777 nam
787 2727 816 2777 et
832 2719 953 2791 divisio,
978 2733 1040 2777 cum
1056 2713 1145 2792 pluri·

153 2817 228 2858 mum
241 2799 339 2859 valeat
355 2802 385 2859 in·
398 2802 503 2875 causis,
520 2804 651 2880 speciem
664 2804 767 2861 virium
783 2803 890 2877 minuit,
910 2810 939 2861 et
950 2801 1030 2860 rudia
1046 2798 1145 2876 politis

124 2884 261 2944 tmaiora
286 2893 315 2944 et
338 2903 439 2963 sparsa
470 2888 638 2964 compositis
660 2888 860 2946 numerosiora
883 2886 1045 2945 creduntur.
1092 2879 1147 2940 Est

152 2976 306 3046 praetcrea
321 2970 462 3047 quaedam
476 2971 609 3029 virtutum
631 2972 823 3049 vitiorumque
840 2971 961 3042 vicinia,
986 2985 1040 3046 qua
1055 2965 1145 3024 maie·

154 3051 235 3113 dicus
250 3068 303 3130 pro
320 3053 431 3128 libero,
456 3055 625 3113 temerarius
641 3072 695 3132 pro
713 3054 797 3127 forti,
824 3054 931 3113 effusus
949 3068 1002 3131 pro
1021 3051 1144 3127 copioso

155 3136 303 3214 accipitur.
351 3137 496 3197 Maledicit
520 3148 614 3199 auteur
637 3139 794 3201 ineruditus
819 3138 946 3216 apertius
974 3145 1004 3196 et
1026 3135 1144 3211 sceptus

153 3217 202 3278 val
225 3237 289 3278 curu
310 3223 441 3298 periculo
466 3226 595 3301 suscepti
619 3226 772 3302 litigatoris
790 3223 960 3302 frequenter
978 3221 1063 3279 etiam
1078 3234 1142 3277 suo.

124 3302 246 3363 tdffert
262 3313 293 3364 et
307 3306 361 3363 ista
376 3324 424 3365 res
440 3308 621 3385 opinionem,
646 3310 711 3387 quia
734 3307 921 3379 libentissime
942 3288 1082 3363 homines>
1094 3319 1142 3360 au·

154 3388 233 3449 diunt
248 3405 293 3463 ea,
312 3408 386 3467 quae
403 3391 501 3451 dicere
518 3393 571 3469 ipsi
587 3391 756 3453 noluissent.
787 3392 861 3451 liiud
877 3406 993 3469 quoquc
1009 3387 1141 3459 alterum,

154 3473 230 3550 quod
246 3474 333 3533 estin
349 3474 514 3535 elocutione
529 3477 610 3556 ipsa,
627 3476 802 3555 periculum,
817 3476 909 3535 minus
924 3475 994 3532 vitet
1010 3477 1140 3530 conanu-
