2434 3925
162 185 221 248 198
478 194 840 256 normannicarum

160 356 245 413 etiarn
263 350 464 428 dignitatibus,
485 359 516 410 ut
540 349 682 411 libertatis
706 358 824 410 nostrae
849 351 923 410 ratio
944 350 1129 430 reddatur,

160 440 223 515 quis
238 452 291 494 nos
307 444 355 495 ant
368 435 531 514 petulantes
545 437 573 494 in
594 434 742 495 laedendis
763 437 806 494 eis
827 436 976 494 autetiam
995 436 1140 497 ambitio

159 528 251 599 putet.
288 519 388 597 ltaque
407 516 529 594 Cicero,
553 536 714 597 quanquam
735 526 798 578 erat
813 520 842 578 iu
860 515 973 578 Cottam
991 523 1109 596 gravi
1124 548 1128 572 :

159 605 302 678 dicturus,
323 621 419 682 neque
436 602 520 662 aliter
536 604 584 679 agi
600 602 632 662 Ρ.
649 601 735 682 Oppii
752 619 839 661 eausa
862 610 995 680 poterut,
1021 604 1133 683 longa

117 698 222 752 odmen
237 687 417 765 praefatione
433 689 583 746 excusavit
598 682 687 746 olbcii
700 688 743 745 sui
755 688 969 747 necessitatem.
996 686 1120 767 Aliqu
1140 721 1151 742 ·.

159 774 244 832 etiarn
265 770 448 831 inferioribus
473 772 690 849 praecipueque
711 770 938 830 adolescentulis
961 787 1115 849 parcere

157 856 249 916 uideri
264 856 359 914 decet.
390 855 484 915 Utitur
500 855 555 915 bac
570 854 767 914 moderatione
783 851 888 914 Cicero
903 870 956 932 pro
971 852 1097 916 Caelio
1142 884 1145 911 ι

158 950 201 1000 tra
216 939 385 1014 Atratinum,
403 947 434 999 ut
448 956 512 998 eum
526 955 582 998 non
593 940 708 998 inimice
723 940 873 1017 corripere
887 937 940 997 sed
954 954 1063 1016 paene
1082 959 1129 1021 pa

157 1041 276 1083 rnouere
295 1023 435 1082 videatur.
472 1022 544 1082 Natu
567 1032 597 1082 et
621 1022 725 1083 nobilis
747 1031 777 1083 et
795 1022 906 1083 iuvenis
928 1031 959 1082 et
978 1039 1046 1083 uon
1062 1027 1162 1086 iuius

157 1108 259 1168 dolore
275 1116 395 1166 venerat
410 1107 444 1167 ad
460 1106 661 1167 accusandum.
1172 1158 1173 1193 q

240 1190 298 1251 Sed
314 1194 342 1250 in
358 1190 402 1249 bis
418 1191 547 1268 quidem,
563 1192 591 1250 in
607 1190 710 1271 quibus
726 1190 776 1251 vel
790 1190 877 1251 indici
894 1190 942 1250 vel
962 1192 1056 1252 etiam
1074 1198 1174 1261 astari

157 1275 232 1335 tibus
257 1276 330 1334 ratio
356 1283 473 1334 nostrae
495 1275 701 1335 moderationis
726 1274 843 1353 probari
864 1275 966 1352 debet,
995 1277 1108 1337 minor
1131 1282 1175 1349 cd

158 1359 254 1425 labor;
273 1357 334 1418 illic
351 1357 416 1436 plus
432 1358 626 1435 difficultatis,
644 1359 692 1418 ubi
707 1360 804 1437 ipsos,
821 1368 921 1418 contra
936 1375 1013 1436 quos
1029 1360 1176 1437 dicimus,t

114 1446 148 1503 69
157 1460 291 1501 veremur
304 1441 461 1502 oliendere.
488 1442 571 1503 Duae
585 1443 668 1502 simul
683 1443 844 1503 huiusmodi
857 1460 1003 1521 personae
1023 1441 1177 1505 Ciceroni*

158 1542 210 1604 pro
226 1525 343 1585 Murena
358 1525 463 1585 dicenti
477 1526 660 1603 obstiterunt,
675 1525 713 1586 tl.
726 1525 844 1587 Catonis
856 1527 1009 1605 Serviique
1027 1529 1169 1607 Sulpicii.

158 1609 249 1683 Quam
262 1608 401 1668 decenter
415 1619 508 1670 tamen
523 1611 669 1689 Sulpicio,
688 1629 751 1671 curu
765 1627 865 1670 omnes
883 1613 1092 1672 concessisset
1111 1617 1167 1673 vir·

157 1700 244 1769 tutes,
260 1695 407 1753 scientiam
425 1694 541 1772 petendi
558 1694 724 1754 consulatus
742 1691 868 1755 ademit?
898 1693 972 1767 Quid
988 1699 1070 1755 enim
1088 1698 1167 1758 aliul

158 1786 252 1853 esset,
280 1794 337 1855 quo
364 1796 396 1844 sve
417 1779 524 1837 victum
544 1778 630 1838 borno
659 1778 763 1838 nobilis
785 1788 815 1838 et
836 1779 905 1837 iuris
927 1779 1053 1838 antistes
1070 1785 1164 1858 magis

148 1858 267 1921 lerreti
300 1861 338 1921 Ut
351 1878 422 1920 vero
438 1863 577 1921 rationem
594 1862 770 1922 defensionis
791 1879 861 1921 suae
880 1862 1021 1939 reddidit,
1047 1882 1120 1924 curu
1134 1884 1164 1925 se

157 1946 302 2008 studuisse
316 1946 446 2024 petitioni
458 1946 578 2026 Sulpicii
591 1956 691 2007 contra
700 1947 841 2008 'bonorem
852 1945 999 2022 Murenae,
1010 1966 1075 2008 nou
1087 1951 1164 2011 iden

114 2029 266 2092 iodebere
291 2032 396 2091 actioni
423 2039 523 2090 contra
545 2040 648 2109 caput,
674 2027 807 2091 diceret?
849 2029 940 2104 Quam
959 2030 1045 2091 molli
1066 2043 1163 2095 auten

157 2115 279 2174 articulo
294 2117 426 2174 uastauit
441 2111 601 2173 Catonem?
630 2115 711 2174 cuius
730 2123 858 2175 naturam
876 2132 984 2174 summe
1000 2116 1162 2178 admiratus

156 2214 212 2256 non
227 2199 317 2275 ipsius
331 2200 401 2257 vitio
416 2197 468 2257 sed
484 2199 601 2258 Stoicae
616 2207 716 2258 sectae
730 2197 898 2278 quibusdam
912 2200 940 2258 iu
951 2198 1040 2258 rebus
1054 2200 1161 2261 lactan

157 2280 301 2340 duriorem
316 2282 408 2341 videri
425 2280 557 2349 uolebat:
579 2291 611 2341 ut
631 2284 776 2342 intereos
797 2298 854 2341 uon
871 2282 1017 2342 lonensem
1037 2293 1158 2345 conten

68 2435 71 2446 ¹
115 2373 148 2428 71
156 2360 261 2424 tionem
272 2365 325 2424 sed
342 2366 498 2425 studiosam
512 2363 732 2444 disputationem
748 2366 885 2426 crederes
900 2366 1048 2426 incidisse.
1077 2368 1159 2429 llaec

157 2456 204 2507 est
217 2448 350 2525 prolecto
364 2450 454 2523 ratio,
477 2459 506 2509 et
527 2451 716 2509 certissimum
730 2458 953 2528 praeceptorum
966 2467 1064 2526 genus
1081 2452 1158 2512 illius

155 2533 209 2592 uiri
224 2530 408 2607 observatio,
429 2541 475 2608 ut,
498 2551 562 2592 oum
576 2533 682 2612 aliquid
697 2533 850 2595 detrahere
865 2534 945 2594 salua
959 2535 1055 2610 gratia
1071 2536 1157 2613 uelis,

155 2616 301 2677 concedas
317 2615 371 2675 alia
387 2617 496 2676 omnia:
519 2618 546 2675 iu
565 2617 622 2676 hoc
639 2617 705 2677 solo
718 2618 765 2677 vel
780 2618 871 2676 minus
885 2619 1008 2696 peritum
1026 2635 1116 2696 quam
1131 2622 1157 2679 iu

156 2702 278 2775 ceteris,
297 2699 423 2775 adiecta,
446 2702 470 2760 si
491 2701 597 2778 poterit
614 2700 693 2776 lieri,
716 2704 801 2760 etiam
816 2718 918 2777 causa,
936 2718 988 2760 cur
1004 2700 1032 2759 id
1049 2704 1090 2762 ita
1108 2706 1154 2778 sit,

154 2786 202 2845 vel
218 2785 304 2863 paulo
319 2786 540 2862 pertinaciorem
552 2783 602 2844 uel
623 2784 770 2844 credulum
785 2784 834 2844 vel
849 2786 966 2860 iratum,
986 2783 1036 2844 vel
1053 2787 1154 2866 impul-

113 2875 214 2930 ltsum
230 2868 265 2928 ab
286 2868 359 2928 aliis.
391 2867 454 2928 lloc
471 2868 528 2928 illis
550 2885 698 2928 commuue
716 2869 872 2928 remedium
894 2877 955 2943 est,
977 2869 1032 2926 uisi
1047 2870 1152 2931 intuta

81 2947 84 2951 ’
154 2954 268 3012 actione
283 2952 444 3031 aequaliter
460 2961 599 3031 appareat
623 2967 680 3011 uon
700 2951 793 3012 bonor
806 2951 892 3010 modo
908 2951 1063 3012 sedetiam
1080 2957 1152 3014 cari·

154 3044 208 3093 tas.
250 3035 406 3097 Praeterea
428 3054 515 3097 causa
535 3038 573 3095 sit
592 3034 676 3094 nobis
696 3036 770 3095 iusta
790 3037 834 3095 sic
854 3034 985 3111 dicendi,
1005 3052 1103 3114 neque
1123 3038 1151 3099 id

113 3118 301 3182 idmoderate
322 3113 427 3179 tautum
449 3121 586 3180 iaciamus
607 3119 660 3179 sed
681 3121 766 3180 etiam
786 3120 964 3179 necessario.
998 3118 1150 3181 Diuersum

174 3201 190 3235 ἰ
211 3201 268 3261 boc
287 3203 340 3261 sed
363 3203 494 3279 facilius,
521 3222 584 3263 curn
605 3202 748 3262 bominum
768 3212 817 3263 aut
836 3202 943 3280 alioqui
967 3203 1091 3280 turpium
1105 3213 1151 3266 aut

207 3287 236 3344 ‘is
258 3287 412 3345 invisorum
433 3287 572 3364 quaedam
596 3286 673 3347 iacta
693 3286 833 3346 laudanda
855 3295 928 3345 suut.
958 3285 1054 3345 Decet
1077 3291 1148 3348 euim

228 3372 320 3449 ipsam
334 3368 459 3447 probare
474 3372 502 3428 iu
517 3371 708 3450 qualicunque
722 3387 856 3448 persona.
883 3369 962 3428 Dixit
978 3367 1083 3430 Cicero
1097 3388 1146 3450 pro

218 3456 273 3515 iuio
290 3461 319 3514 et
335 3452 365 3512 P.
380 3451 506 3530 Vatinio,
522 3455 721 3516 inimicissimis
735 3464 818 3516 autea
833 3454 887 3513 sibi
901 3451 1060 3513 horninibus
1076 3463 1105 3515 et
1118 3457 1147 3515 iu
