2434 3925
179 202 237 263 156
486 215 523 262 rs.
539 214 619 262 sse.
636 213 855 273 commum

131 367 388 449 acquisitionibus
400 367 505 444 singuli
516 384 619 426 sensus
634 367 662 425 in
673 369 852 445 prooemium
868 366 1063 427 conferantur.
1091 367 1171 429 Nam

173 454 224 513 ille
239 470 296 512 non
311 453 367 512 hoo
383 452 467 526 dicit,
484 451 537 510 sed
552 451 588 510 ad
605 453 819 529 potentissimas
837 453 1022 529 quaestiones
1039 452 1171 511 iudicem
1210 447 1212 505 l

173 537 416 617 praeparandum
435 537 464 593 in
484 551 541 613 quo
564 536 625 593 uitii
647 534 717 594 nihil
740 543 819 609 crat,
840 535 894 593 nisi
911 536 939 592 in
953 536 1122 594 universum
1139 536 1170 596 id

175 622 376 699 praeciperet,
403 619 480 696 quod
506 636 562 677 nec
587 620 679 676 omnis
704 618 836 696 quaestio
861 620 968 695 patitur
991 637 1046 678 nec
1072 621 1170 678 omnis

175 722 261 764 causa
277 703 434 763 desiderat.
471 702 543 761 Nam
561 704 692 778 protinus
714 720 731 761 a
746 703 872 778 petitore
887 703 978 779 primo
994 702 1079 778 loco,
1098 704 1171 762 dum

174 790 272 865 ignota
287 787 372 846 iudici
388 787 424 846 lis
436 795 491 861 est,
505 786 649 864 quomodo
663 804 700 845 ex
715 785 930 862 quaestionibus
946 786 1083 845 ducemus
1098 804 1168 846 sen-

70 946 76 955 ·
145 867 299 945 ,tentiast
313 872 442 929 nimirum
457 887 506 927 res
519 879 602 928 erunt
615 869 884 947 indicandaeprius.
916 868 1167 948 Demusaliquas3
1211 906 1212 909 =

139 1010 143 1017 .
176 954 314 1033 (numid
334 955 439 1031 exiget·
454 954 527 1012 ratio
548 954 769 1031 nonnunquam)
798 956 920 1012 etiamne
950 955 1168 1031 potentissimas

175 1056 292 1112 omnes,
316 1039 344 1100 id
366 1046 412 1096 est
426 1046 514 1096 totam
530 1033 665 1095 causam?
687 1038 731 1095 sic
751 1037 807 1094 crit
824 1039 854 1095 in
873 1038 1024 1115 prooemio
1044 1046 1167 1114 peracta

134 1123 309 1188 usnarratio.
355 1119 429 1193 Quid
445 1116 539 1180 vero?
559 1121 602 1195 si,
625 1129 656 1178 ut
675 1120 844 1196 frequenter
863 1120 985 1196 accidit,
1006 1120 1094 1198 paulo
1121 1129 1168 1180 est

175 1207 272 1266 durior
287 1221 389 1264 causa:
414 1221 471 1263 non
487 1203 681 1263 benivolentia
702 1203 802 1262 iudicis
823 1204 947 1282 petenda
968 1222 1006 1262 ex
1020 1203 1084 1262 aliis
1098 1223 1167 1282 par-

174 1288 250 1348 tibus
266 1290 331 1362 erit,
349 1287 402 1346 sed
416 1305 473 1346 non
488 1296 553 1347 ante
572 1287 726 1346 conciliato
742 1289 803 1346 eius
819 1290 911 1346 animo
927 1287 1001 1348 nuda
1017 1291 1167 1364 quaestio·

176 1391 241 1431 num
265 1373 456 1430 committetur
481 1368 647 1448 asperitas?
687 1369 768 1443 Quae
794 1373 819 1430 si
846 1379 928 1430 recte
948 1389 1063 1449 semper
1083 1373 1166 1430 initio

135 1455 289 1522 addicendi
311 1463 517 1513 tractarentur:
546 1454 615 1513 nihil
641 1456 791 1533 prooemio
820 1471 893 1532 opus
919 1463 1008 1514 essee
1056 1454 1167 1533 Aliqua

177 1556 249 1615 ergo
264 1556 473 1616 nonnunquam,
490 1556 564 1615 quae
580 1547 662 1597 erunt
677 1539 713 1598 ad
725 1538 930 1597 conciliandum
945 1538 1028 1597 nobis
1040 1538 1166 1598 iudicem

176 1623 383 1702 potentissima,
399 1640 456 1681 non
472 1622 609 1686 inutiliter
623 1624 734 1699 interim
753 1640 790 1681 ex
802 1622 1015 1700 quaestionibus
1032 1624 1061 1680 in
1078 1638 1166 1681 exor-

176 1707 223 1766 dio
241 1705 419 1766 locabuntur.
455 1706 537 1779 Quae
557 1707 612 1765 sint
629 1722 718 1783 porro
733 1707 761 1765 in
776 1707 871 1765 causis
886 1705 1072 1781 favorabilia,
1095 1723 1166 1765 enu-

175 1808 288 1850 merare
305 1808 362 1849 non
380 1799 430 1849 est
440 1808 575 1865 necesse,
591 1791 764 1867 quoniamst
778 1790 1031 1865 manifestaerunt,
1047 1791 1165 1865 cognita

182 1875 319 1952 cuiusque
338 1875 555 1934 controuersiae
569 1872 755 1948 condicione,
774 1882 804 1932 et
818 1874 910 1932 omnia
927 1873 1027 1948 colligi
1042 1875 1069 1932 in
1086 1882 1164 1932 tanta

134 1958 267 2026 stlitium
289 1960 429 2019 varietate
451 1975 508 2017 non
528 1966 660 2035 possunt.
703 1956 741 2017 Ut
769 1967 865 2017 autem
891 1957 966 2017 haec
984 1958 1112 2017 invenire
1135 1965 1165 2015 et

177 2060 304 2119 augere,
325 2045 364 2102 ita
387 2044 464 2120 quod
485 2041 572 2102 laedit
593 2050 641 2101 aut
661 2044 774 2100 omnino
790 2041 938 2121 repellere
954 2050 1001 2100 aut
1019 2051 1099 2100 certe
1113 2042 1164 2099 mi-

177 2144 276 2200 nnere,
294 2144 332 2185 ex
347 2144 433 2186 causa
454 2134 508 2185 est.
548 2124 695 2184 illiseratio
711 2142 827 2203 quoque
842 2124 994 2203 aliquando
1010 2143 1053 2184 exv
1062 2124 1164 2184 eadem

134 2212 270 2283 severit,
294 2210 355 2268 siue
382 2210 449 2287 quid
475 2210 553 2286 passi
578 2220 674 2267 sumus
695 2227 785 2286 grave
809 2210 871 2267 sire
891 2210 1013 2286 passuri.
1060 2207 1164 2286 Neque

179 2294 253 2351 enim
267 2310 329 2350 sum
345 2294 374 2351 in
388 2292 442 2351 hac
460 2294 605 2370 opinione,
622 2310 678 2371 qua
693 2292 823 2370 quidam,
836 2301 867 2351 ut
882 2310 918 2351 eo
935 2293 1041 2351 distare
1057 2307 1163 2369 prooe-

176 2378 261 2434 mium
273 2375 309 2435 ab
325 2375 442 2452 epilogo
458 2376 583 2450 credam,
600 2376 677 2454 quod
689 2378 716 2433 in
730 2375 786 2434 hoc
798 2377 953 2453 praeterita
963 2377 993 2433 in
1004 2375 1055 2437 illo
1070 2375 1164 2434 lutura

177 2459 320 2525 dicantur;
347 2460 399 2519 sed
421 2460 498 2537 quod
518 2461 546 2517 io
567 2461 700 2535 ingressu
721 2459 835 2538 parcius
858 2469 887 2518 et
908 2459 1065 2518 modestius
1080 2475 1163 2535 pras·

174 2542 338 2620 temptanda
353 2545 389 2602 sit
404 2543 505 2602 iudicis
522 2543 736 2617 misericordia,
752 2544 780 2601 in
799 2543 917 2621 epilogo
931 2560 1003 2602 vero
1019 2542 1106 2601 liceat
1119 2551 1163 2601 to·

176 2635 222 2685 tos
242 2625 390 2685 effundere
415 2626 535 2685 affectus
556 2636 586 2686 et
606 2626 701 2685 fictam
724 2629 882 2686 orationem
896 2627 1015 2686 induere
1029 2627 1164 2704 personis

177 2719 207 2768 et
228 2708 379 2769 defunctos
406 2712 534 2770 excitare
562 2718 592 2769 et
621 2711 742 2788 pignora
759 2728 873 2769 reorum
891 2711 1067 2788 producere;
1089 2726 1165 2787 quae

134 2794 266 2856 asminm
288 2795 316 2853 in
336 2794 461 2852 exordiis
485 2803 549 2853 sunt
574 2795 686 2853 usitata.
725 2794 784 2853 Sed
798 2794 887 2868 haec,
904 2812 978 2872 quae
993 2811 1079 2871 supra
1095 2793 1163 2868 dixi,

176 2894 234 2936 non
248 2895 366 2936 movere
381 2886 497 2951 tantum,
514 2895 615 2936 verum
626 2896 663 2936 ex
674 2877 790 2937 diverso
802 2877 912 2936 amoliri
927 2894 1043 2957 quoque
1058 2892 1163 2954 prooe-

175 2963 232 3019 mio
258 2977 331 3040 opus
355 2969 409 3019 est.
448 2959 485 3020 Ut
500 2969 594 3019 autem
605 2969 733 3020 nostrum
746 2961 949 3036 miserabilem,
967 2963 991 3021 si
1007 2962 1162 3034 vincamur,

178 3044 298 3103 exitum:
320 3046 358 3104 ita
381 3043 610 3103 adversariorum
631 3044 802 3122 superbum,
826 3047 850 3104 si
871 3047 1007 3119 vicerint,
1027 3043 1099 3102 utile
1119 3052 1163 3102 est

136 3128 267 3188 docredi.
301 3128 360 3187 Sed
384 3146 422 3187 ex
444 3127 488 3187 his
511 3144 643 3205 quoque,
666 3146 739 3206 quae
754 3146 812 3187 non
829 3136 894 3187 sont
907 3144 1095 3206 personarum
1108 3144 1162 3185 nec

179 3227 337 3286 causarum,
353 3229 452 3270 verum
468 3212 598 3271 adiuncta
615 3214 746 3289 personis
768 3220 797 3271 et
813 3213 918 3287 causis,
934 3212 999 3271 duci
1015 3212 1162 3289 prooemia

177 3293 282 3353 solent.
317 3292 452 3352 Personis
473 3294 654 3372 applicantur
673 3313 729 3354 non
745 3298 867 3373 pignora
883 3295 980 3370 modo,
1002 3295 1039 3354 de
1062 3293 1162 3371 quibus

177 3394 265 3456 supra
286 3375 360 3451 diri,
384 3377 436 3437 sed
451 3379 701 3455 propinquitates,
722 3381 879 3454 amicitiae,
900 3379 1012 3438 interim
1027 3379 1162 3454 regiones

180 3461 264 3523 etiam
286 3461 491 3538 ciuitatesque,
511 3461 584 3520 etsi
609 3462 677 3539 quid
698 3460 774 3522 aliud
794 3464 856 3522 eins
881 3480 966 3541 quem
986 3461 1164 3523 defendimus
