2434 3925
342 211 431 260 muso.
447 211 595 260 onauou.
608 211 677 260 urs.
690 213 717 278 1,
728 207 755 263 a.
1015 196 1053 259 15

51 367 185 446 proderit
198 366 312 428 laudata
328 368 480 441 industria,
498 365 672 426 excitabitur
686 366 770 426 laude
786 366 952 441 aemulatio,
967 375 1095 444 turpem

51 451 141 511 ducet
156 451 263 511 cedere
284 453 362 529 pari,
380 450 530 529 pulchrum
545 469 702 529 superasse
716 454 852 511 maiores.
882 451 1054 511 Accendant

51 538 148 595 omnia
163 535 237 594 haec
252 538 376 610 animos,
396 544 425 594 et
441 535 511 593 lieet
525 536 589 612 ipsa
605 536 703 594 vitium
718 536 755 594 sit
769 536 897 611 ambitio,
915 535 1052 612 frequen-

50 629 100 681 ter
115 629 209 678 tamen
231 637 318 678 causa
339 622 473 678 virtutum
494 627 549 678 est.
589 617 656 677 Nou
676 618 804 678 inutilem
826 621 888 679 scio
909 627 1096 683 servatum23

53 721 122 762 esse
151 721 167 762 a
188 702 430 781 praeceptoribus
455 704 527 761 meis
551 719 677 779 morem,
706 705 770 780 qui,
800 721 864 763 cum
889 719 998 780 pueros
1024 704 1052 762 iu

50 788 166 847 classes
189 787 410 863 distribuerent,
437 786 566 845 ordinem
587 786 701 845 dicendi
727 788 885 847 secundum
907 789 985 846 vires
1011 789 1052 846 in·

50 873 130 949 genii
147 870 266 939 dabant;
291 880 320 929 et
341 872 379 930 ita
399 873 552 947 superiore
570 870 638 930 loco
661 873 784 951 quisque
807 870 1003 945 declamabat,
1022 880 1053 930 ut

50 955 234 1033 praecedere
259 954 395 1034 profectu
418 954 580 1024 videbatur.
625 954 714 1015 Huius
737 957 780 1014 rei
800 956 905 1015 iudicia
929 954 1109 1032 praebe-24·

49 1039 172 1107 bantur;
207 1056 242 1100 ea
269 1038 352 1097 nobis
378 1039 480 1114 ingens
507 1038 621 1116 palmae
649 1041 813 1115 eontentio,
846 1038 954 1098 ducere
979 1056 1051 1097 uero

50 1124 178 1183 classem
198 1123 287 1182 multo
308 1121 540 1200 pulcherrimum.
569 1121 633 1181 Nec
654 1123 689 1182 de
710 1123 767 1183 hcc
789 1123 880 1183 semel
904 1123 1052 1182 decretum

50 1215 129 1274 erat;
153 1208 315 1266 tricesimus
337 1206 399 1265 dies
420 1205 560 1266 reddebat
579 1208 658 1266 uicto
681 1208 843 1266 certaminis
865 1215 1049 1285 potestatem.

49 1291 93 1350 lta
108 1308 166 1349 nec
185 1293 320 1368 superior
339 1308 479 1349 successu
501 1307 597 1350 curam
612 1291 775 1350 remittebat
793 1300 822 1350 et
837 1291 922 1350 dolor
945 1291 1051 1350 victum

50 1376 86 1434 ad
102 1374 306 1452 depellendam
320 1375 503 1450 ignominiam
519 1374 691 1434 concitabat.
723 1375 755 1434 ld
770 1375 853 1434 nobis
870 1376 999 1434 acriores
1015 1374 1092 1433 ad25

50 1458 146 1518 studia
168 1457 281 1517 dicendi
303 1457 383 1517 faces
403 1457 566 1517 subdidisse
589 1476 673 1536 quam
695 1459 924 1518 exhortationem
943 1459 1049 1518 docen-

49 1544 137 1616 tium,
167 1543 405 1619 paedagogorum
430 1542 607 1617 custodiam,
633 1552 701 1602 vcta
723 1552 887 1620 parentum,
915 1551 1049 1621 quantum

49 1627 135 1684 animi
156 1629 212 1685 mei
233 1627 398 1684 coniectura
421 1625 563 1702 colligere
583 1643 716 1704 possum,
744 1627 949 1686 contenderim.
991 1626 1049 1685 Sed
1057 1630 1092 1683 26

49 1712 126 1769 sicut
147 1709 288 1769 firmiores
311 1712 340 1769 in
361 1709 465 1768 litteris
486 1710 637 1787 profectus
658 1711 708 1770 alit
729 1712 897 1771 aemulatio:
921 1713 959 1769 ita
979 1712 1049 1770 inci·

50 1792 197 1871 pientibus
220 1802 306 1871 atque
329 1793 421 1853 adbuc
442 1794 838 1873 teneriscondiscipulorum
861 1813 945 1873 quam
965 1812 1049 1872 prae·

50 1879 182 1955 capturis
207 1876 375 1953 iucundior,
401 1877 457 1936 boc
483 1878 548 1955 ipsc
576 1878 653 1955 quod
679 1878 812 1953 facilior,
845 1879 964 1937 imitatio
993 1886 1048 1936 est.

48 1961 107 2021 Vix
132 1963 206 2020 enim
228 1979 261 2021 se
282 1964 373 2040 prima
394 1961 538 2023 elementa
560 1963 596 2022 ad
617 1980 699 2040 spem
721 1963 829 2022 tollere
855 1961 1049 2038 effingendae,

49 2063 136 2125 quam
157 2063 292 2105 summam
311 2052 426 2122 putant,
452 2046 639 2123 eloquentiae
661 2046 818 2114 audebuut;
840 2049 971 2124 proxima
992 2063 1048 2104 am·

49 2131 219 2208 plectentur
239 2131 346 2207 magis,
378 2138 410 2188 ut
430 2130 505 2189 vites
529 2130 680 2190 arboribus
709 2131 864 2209 applicitae
893 2130 1048 2189 inferiores

48 2215 131 2291 prius
159 2212 404 2292 apprehendendo
432 2231 527 2273 rarnos
556 2216 584 2273 in
611 2218 757 2275 cacumina
785 2215 917 2275 evadunt.
964 2213 1092 2287 Quadi!

49 2297 125 2357 adeo
147 2315 248 2356 uerum
269 2305 329 2371 est,
355 2305 386 2356 ut
407 2300 497 2376 ipsius
522 2301 607 2358 etiam
627 2301 770 2375 magistri,
798 2301 823 2358 si
847 2309 942 2359 tamen
961 2297 1048 2357 ambi·

49 2382 134 2440 tiosis
152 2381 233 2441 utilia
246 2381 411 2460 praeferet,
431 2380 487 2440 boc
503 2399 576 2460 opus
592 2385 644 2457 sit,
662 2376 726 2442 cum
740 2383 832 2443 adbuc
849 2383 930 2442 rudia
943 2390 1048 2441 tracta·

49 2464 90 2525 bit
109 2466 244 2541 ingenia,
264 2482 321 2523 non
337 2467 431 2524 statim
453 2482 575 2524 onerare
594 2467 784 2527 infirmitatem
804 2467 974 2526 discentium
995 2464 1049 2524 sed

50 2558 216 2627 temperare
228 2550 306 2608 vires
323 2565 389 2608 suas
406 2557 436 2607 et
450 2548 486 2608 ad
500 2549 679 2610 intellectum
695 2552 836 2611 audientis
855 2548 1046 2610 descendere.

50 2630 122 2693 Nam
137 2639 170 2691 ut
192 2632 311 2692 vascula
326 2633 384 2701 oris
400 2634 513 2708 angusti
534 2633 715 2711 superfusam
730 2633 856 2694 humoris
874 2635 985 2710 copiam
1000 2639 1090 2692 ΓΗΒ

50 2722 173 2794 spuunt,
191 2718 297 2776 sensim
317 2725 411 2776 autern
431 2715 613 2776 influentibus
633 2718 682 2777 vel
705 2721 789 2778 ctiam
809 2718 954 2778 instillatis
970 2733 1047 2776 com·

50 2800 181 2877 plentur:
198 2801 241 2859 sic
253 2801 336 2859 animi
351 2817 506 2878 puerorum
521 2810 655 2878 quantum
671 2804 810 2881 excipere
823 2803 935 2881 possint
948 2800 1046 2859 viden·

50 2883 117 2942 dum
139 2891 194 2941 est.
236 2881 308 2943 Nam
328 2885 436 2943 maiora
457 2884 606 2944 intellectu
636 2886 717 2945 velut
744 2905 842 2965 parum
869 2893 987 2963 apertos
1012 2883 1048 2944 ad

48 2967 268 3044 percipiendum
283 2969 392 3027 animos
405 2983 463 3026 uon
478 2967 621 3029 subibunt.
644 2969 746 3028 Utile
738 2973 824 3046 igitur
839 2968 956 3042 babere,
973 2975 1090 3046 quostil
1121 2989 1123 2995 ·

48 3052 153 3110 imitari
165 3053 284 3128 primum
298 3066 366 3110 mox
379 3053 497 3111 vincere
512 3052 592 3111 velit
618 3052 660 3113 lta
675 3054 810 3152 paulatim
823 3062 852 3113 et
867 3054 1047 3130 superiorum

49 3150 122 3212 spes
139 3136 203 3193 erit.
241 3134 292 3194 His
313 3121 434 3210 adiicfo,
455 3138 689 3214 praeceptores
681 3155 761 3215 ipsos
780 3155 837 3196 nou
852 3136 927 3195 idem
943 3138 1046 3195 mentis

48 3236 86 3277 ac
101 3219 243 3295 spiritus
235 3237 263 3277 ru
278 3219 400 3279 diceudo
415 3236 504 3297 posse
526 3223 683 3298 concipere
704 3222 825 3298 singulis
841 3229 948 3280 tantum
963 3237 1046 3298 prae·

48 3301 182 3361 sentibus
198 3302 276 3380 quod
290 3302 340 3364 illa
358 3302 529 3363 celebritate
545 3305 741 3363 audientium
733 3308 893 3364 instinctos.
924 3302 1090 3363 llaxima30

48 3386 125 3444 enim
141 3402 208 3463 pars
227 3385 411 3463 eloquentiae
427 3396 540 3446 constat
555 3390 658 3446 animo.
684 3387 766 3453 Hunc
780 3389 872 3463 affici,
889 3387 964 3446 hunc
978 3402 1045 3444 con·

49 3472 152 3549 cipere
167 3471 306 3547 imagines
321 3489 416 3531 rerum
433 3479 462 3529 et
476 3473 672 3532 transformari
689 3473 897 3551 quodammodo
914 3470 949 3530 ad
967 3478 1045 3528 natu·
