2434 3925
365 206 796 274 rusu.onnuon.n1n.1x,a.
1023 199 1081 261 107

65 371 122 424 est
139 363 238 438 etiam,
257 361 403 441 quomodo
423 371 533 438 agatur.
571 361 731 423 Dicendum
753 379 824 439 ergo
847 363 883 423 de
903 363 938 422 iis
954 381 1081 442 quoque,

63 448 100 506 in
127 446 234 524 quibus
257 464 314 505 non
334 464 453 523 asperas
475 447 582 523 figuras
601 447 654 506 sed
675 447 769 524 palam
797 450 955 507 contrarias
974 466 1082 509 causae

64 530 215 609 plerique
242 530 391 589 iecerunt:
430 528 615 607 Tyrannidic
642 530 805 612 affectatae
831 532 996 592 damnatus
1018 541 1081 594 tor-

68 624 222 693 queatur,
242 623 275 674 ut
293 615 431 674 conscios
456 615 590 682 medicei,-
611 623 776 676 accusator
796 615 862 674 eius
883 623 978 693 optet,
999 619 1082 694 qood

66 700 166 759 volet.
193 695 316 757 Putrem
331 699 386 775 qui
398 699 556 758 damnauit
571 706 663 775 optat,
676 717 714 758 nc
728 699 757 758 ic
773 706 973 775 torqueatur,·
991 710 1081 777 poter

67 784 103 845 εἰ
119 782 317 843 contradicit.
347 780 438 839 Nemo
454 799 487 840 se
502 783 593 841 tenuit
608 799 698 858 agens
708 798 762 859 pro
779 791 872 859 patre,
890 784 958 860 quin
973 783 1123 860 figurasse

67 869 103 927 in
122 866 214 924 lilium
229 864 357 939 faceret,
373 874 505 942 tanquam
520 866 599 924 illum
616 867 762 924 conscium
782 867 810 922 iu
827 869 976 925 tormentis
990 869 1085 931 nomi.

67 959 207 1009 naturus.
252 947 316 1020 Quo
340 948 406 1025 quid
429 946 563 1008 stultius?
598 948 670 1007 Nam
692 967 756 1008 cum
783 950 840 1008 hoc
860 950 970 1009 iudices
995 950 1078 1010 intel·

67 1033 218 1093 lexerint:
244 1041 292 1091 aut
309 1049 366 1091 non
381 1032 579 1109 torquebitur,
602 1051 666 1092 cum
687 1033 753 1093 ideo
775 1035 904 1111 torqueri
921 1033 1008 1109 velit,
1031 1042 1078 1094 aut

68 1125 157 1177 torto
172 1132 230 1174 non
242 1116 386 1175 credetur.
420 1115 460 1191 At
484 1116 623 1176 credibile
646 1126 707 1192 est,
731 1116 788 1175 hoc
806 1136 870 1176 eum
887 1117 976 1177 velle.
1008 1118 1121 1181 For-83

68 1210 172 1267 tasse;
193 1199 353 1259 dissimulet
370 1216 459 1276 ergo,
477 1209 508 1260 ut
524 1200 639 1260 efficiat.
676 1200 735 1261 Sed
750 1201 851 1276 nobis,
878 1201 1077 1261 declamatori·

70 1285 131 1344 hus
154 1284 237 1358 dico,
265 1283 332 1362 quid
357 1282 486 1361 proderit
513 1284 569 1344 hoc
594 1285 792 1359 intellexisse,
819 1286 874 1343 nisi
900 1283 1077 1345 dixerimus?

71 1367 171 1444 Ergo,
187 1368 211 1425 si
226 1385 296 1426 vere
311 1376 456 1444 ageretur,
473 1369 604 1427 similiter
620 1368 856 1428 consiliumillud
872 1368 964 1428 latens
980 1370 1077 1447 prodi·

73 1448 243 1511 discemus?
277 1448 373 1525 Quid?
389 1451 413 1509 si
431 1468 525 1528 neque
539 1454 637 1529 utique
648 1471 747 1511 verum
764 1462 819 1528 est,
836 1462 865 1512 et
879 1452 989 1512 habere
1005 1453 1076 1513 olias

72 1535 125 1595 hic
147 1533 292 1593 damnatus
313 1535 526 1594 contradicendi
547 1553 649 1595 causas
672 1546 786 1613 potest,
813 1537 861 1595 vel
881 1538 958 1614 quod
980 1537 1077 1613 legem

76 1618 417 1696 conservandemuputet,
437 1619 484 1676 vel
501 1618 578 1696 quod
592 1620 664 1678 nolit
684 1622 846 1679 accusatori
862 1619 972 1680 debere
986 1621 1075 1680 hene·

76 1701 189 1778 ficium,
212 1701 260 1760 vel
283 1702 375 1780 (quod
399 1719 456 1778 ego
472 1703 594 1761 maxime
611 1704 774 1782 sequerer)
793 1713 823 1762 ut
838 1705 1021 1764 innocentem
1041 1724 1075 1765 se

75 1789 105 1847 in
121 1786 270 1847 tormentis
288 1783 459 1866 pertendat?
492 1785 589 1858 Quare
603 1804 640 1844 ue
659 1786 729 1847 illud
745 1786 860 1863 quidem
877 1805 994 1865 semper
1008 1798 1117 1851 suc-84

77 1881 177 1931 curret
197 1873 240 1930 sic
260 1872 436 1932 dicentibus:
458 1867 666 1931 Patrocinium
687 1871 743 1931 itoc
756 1871 866 1946 coluit,
889 1873 942 1947 qui
957 1880 1075 1933 contro·

75 1957 211 2018 ocruiom
230 1955 327 2034 finxit.
366 1955 503 2015 Fortasse
526 1955 599 2015 enim
621 1954 727 2022 noluit;
755 1954 807 2014 sed
829 1964 911 2031 estc,
934 1954 1073 2017 voluerit:

79 2041 268 2114 continuone,
292 2042 316 2098 si
333 2040 382 2100 ille
402 2041 489 2099 stulte
506 2041 661 2115 cogitavit,
683 2038 766 2097 nobis
788 2056 905 2116 quoque
923 2039 1010 2099 stulte
1032 2039 1073 2100 di·

80 2123 199 2185 cendum
215 2121 279 2183 esti
307 2124 345 2183 Αι
361 2142 419 2202 ego
438 2125 576 2183 incensis
592 2124 712 2200 agendis
735 2123 904 2202 frequenter
925 2140 982 2182 non
1001 2132 1070 2201 puto

79 2207 256 2282 intuendum,
279 2208 345 2286 quid
366 2209 493 2284 litigator
513 2208 593 2266 velit.
632 2206 685 2266 Est
711 2215 740 2266 et
760 2207 811 2267 ille
832 2208 861 2265 in
880 2208 937 2266 hcc
962 2225 1071 2284 genere
1082 2217 1116 2271 85

78 2292 215 2369 frequens
231 2309 324 2366 error,
340 2301 370 2351 ut
385 2300 485 2369 putent
500 2291 576 2350 aliud
598 2291 738 2369 quosdam
762 2291 861 2351 dicere
881 2291 958 2352 aliud
980 2291 1070 2367 velle,

79 2377 235 2453 praecipue
250 2394 312 2434 cum
327 2377 356 2433 in
372 2376 497 2435 themate
519 2384 581 2450 cst,
603 2375 743 2453 aliquem,
762 2384 793 2434 ut
811 2376 865 2435 sihi
887 2376 959 2435 mori
974 2374 1071 2450 liceat,

81 2459 242 2537 postulare:
262 2469 293 2519 ut
313 2461 342 2518 in
367 2460 417 2519 illa
439 2461 655 2534 controversia,
685 2457 745 2533 Qui
764 2461 932 2537 aliquando
951 2459 1073 2538 fortiter·

80 2544 211 2621 fecerat,
233 2551 261 2604 et
281 2545 343 2605 ctio
363 2543 439 2604 delio
458 2544 605 2622 petierat,
629 2544 784 2604 utmiiitio
798 2553 927 2605 cccoret
941 2562 981 2605 ec
994 2544 1071 2622 iege,

83 2627 160 2705 qood
173 2628 456 2707 quinquagenarios
470 2636 565 2703 essct,
587 2628 774 2689 aduersante
786 2628 848 2708 lilio
861 2629 909 2688 ire
924 2630 957 2687 in
972 2630 1071 2688 aciem

84 2720 203 2772 coucms
218 2713 363 2773 descruit.
399 2711 514 2787 Filius,
538 2714 590 2788 qni
605 2711 728 2789 fortiter
741 2714 846 2773 eodem
860 2712 976 2789 proelio
989 2712 1070 2787 sece-

82 2803 145 2870 rot,
164 2795 397 2856 incolumitatem
424 2796 490 2855 cios
517 2804 619 2872 optct‚·
647 2797 833 2858 contradicit
854 2802 954 2874 poter.
1002 2790 1070 2855 Non
1162 2814 1166 2823 ·

84 2880 167 2953 cuim,
182 2880 319 2956 inquiunt,
335 2880 412 2940 mori
421 2879 484 2947 cult
494 2880 550 2954 ced
559 2880 706 2940 invidiam
716 2879 778 2957 filio
789 2879 906 2957 facere.
932 2875 1113 2955 Equidem86

83 2962 175 3038 rideo,
191 2963 268 3040 quod
282 2963 325 3022 illi
340 2964 383 3022 sic
392 2965 496 3022 timent
511 2971 643 3039 tanquam
664 2963 719 3041 ipsi
735 2961 863 3021 morituri
886 2970 916 3019 et
932 2962 960 3019 in
975 2961 1069 3020 consi·

85 3047 147 3105 lium
161 3064 228 3105 suos
247 3056 339 3106 metus
354 3047 465 3122 ierunt,
492 3045 574 3106 obliti
592 3055 636 3106 tot
658 3046 855 3124 exemplorum
877 3046 953 3104 circa
967 3044 1069 3103 voluu-

86 3132 177 3190 tariam
191 3139 327 3206 mortem,
344 3147 493 3189 causarum
508 3146 640 3207 quoqne,
658 3147 728 3207 quas
744 3129 830 3188 hahet
843 3129 936 3189 iactus
953 3147 990 3188 ex
1004 3130 1068 3188 viro

86 3214 148 3274 forti
169 3214 310 3273 desertor.
356 3214 414 3274 Sed
438 3216 467 3273 in
493 3231 548 3273 una
569 3214 768 3273 controuersia
789 3213 873 3290 sequi
896 3215 1111 3278 contrariumssi

87 3315 288 3375 supervacuum
308 3306 363 3355 est.
402 3296 466 3374 Ego
493 3299 521 3356 in
543 3299 707 3356 universum
732 3314 827 3374 neque
850 3299 973 3355 oratoris
998 3305 1067 3375 puto

89 3399 149 3440 csse
163 3399 284 3459 unquam
300 3383 504 3458 praevaricari,
519 3399 616 3458 neque
634 3380 713 3438 litem
728 3380 871 3456 intelligo,
887 3381 915 3437 in
931 3398 986 3458 qua
1000 3398 1067 3457 pars

89 3474 200 3544 utraque
222 3464 298 3526 idem
316 3465 407 3540 uelit,
427 3483 522 3543 neque
543 3474 599 3525 tam
619 3463 735 3524 stultum
750 3480 936 3542 quemqnam,
958 3465 1020 3542 qui,
1043 3463 1068 3522 si
