2434 3925
318 216 407 265 mar.
424 215 573 266 cunnos.
589 218 657 265 nm.
673 218 705 284 n,
723 213 766 268 13.
964 205 1041 272 ,233

133 369 288 433 Plurimum
307 380 402 431 autem
426 371 533 448 refert,
558 379 587 431 et
608 369 676 448 quid
690 371 844 450 protulerit
858 371 1072 438 adversariusi

48 466 80 519 st
93 456 251 536 quomodo.
288 455 410 515 Primum
430 456 516 532 igitur
536 454 701 515 intuendum
722 465 782 532 est,
798 456 842 531 id,
863 457 909 516 cui
922 474 1044 536 respon·

50 542 112 601 suri
126 556 240 614 snmus,
256 540 404 618 proprium
421 540 458 598 sit
471 541 534 599 cius
548 538 644 599 indicii
659 557 695 600 an
712 539 747 599 ad
763 558 878 600 causam
894 550 976 600 extra
998 559 1043 601 ar·

50 624 198 685 cessitum.
229 621 300 682 Nam
315 624 339 681 si
357 631 402 683 est
417 624 623 702 proprium:
644 632 692 682 ant
706 622 867 700 negandum
881 633 928 684 aut
943 625 1042 685 defen·

48 707 174 769 dendum
189 715 237 767 aut
251 707 493 776 transferendum
520 717 601 767 extra
622 706 696 766 laec
715 709 743 766 in
767 708 879 768 iudiciis
894 708 958 767 fore
974 708 1043 769 nihil

48 800 104 851 est.
135 789 313 868 Deprecatio
330 791 455 869 quidem,
479 809 552 869 qnae
571 800 616 850 est
631 792 692 850 siue
707 792 767 852 ulla
782 792 884 870 specie
899 791 1073 856 defensio-6

47 876 105 950 uis,
121 891 186 933 rara
202 873 351 935 admodum
367 884 396 936 et
411 875 486 952 apud
501 892 554 935 eos
570 874 651 934 solos
667 876 787 950 iudicem
807 876 854 953 qni
871 875 949 935 nulla
965 885 1044 936 certa

46 957 249 1037 pronuntiandi
272 958 362 1018 forma
386 956 528 1019 tenentur.
561 958 727 1036 Quanquam
742 958 811 1019 illae
830 976 946 1037 quoque
969 958 1045 1038 apud

47 1040 83 1102 c.
101 1040 259 1101 Caesarem
275 1052 305 1101 et
322 1041 497 1102 Triumviros
519 1059 572 1121 pro
593 1041 769 1104 diversarum
790 1045 911 1121 partium
925 1044 1044 1103 homiui·

3 1148 5 1151 ·
45 1125 104 1185 bus
121 1126 263 1200 actiones,
279 1128 389 1186 etiamsi
401 1126 537 1204 precibus
550 1135 674 1202 utuntur,
690 1126 825 1187 adhibent
837 1135 930 1186 tamen
947 1136 1044 1205 patro·

3 1266 5 1273 ,
48 1210 141 1277 ciuia;
158 1210 212 1268 nisi
227 1207 283 1269 froc
298 1228 356 1269 uon
370 1211 527 1270 fortissime
544 1209 805 1287 defendentium,
828 1211 945 1287 dicere,
963 1209 1046 1284 Quin

45 1294 138 1355 aliud
151 1295 276 1372 emmas,
295 1292 428 1372 Tubero,
443 1296 504 1355 uiri
517 1304 566 1370 nt,
581 1296 664 1372 qnod
678 1296 727 1356 lic
741 1303 855 1373 potest,
870 1315 926 1356 nos
939 1313 1044 1375 posse-

46 1378 141 1442 masi
175 1376 285 1449 Quodsi
309 1377 423 1461 quando
443 1379 518 1456 apud
534 1378 695 1457 Principem
710 1379 850 1454 aliumve,
872 1379 935 1455 cui,
953 1387 1073 1445 utrum6

46 1464 132 1539 uelit,
150 1459 247 1536 liceat,
265 1461 416 1541 dicendum
434 1464 498 1537 erit,
515 1464 639 1541 niqncm
655 1465 776 1540 quidem
788 1471 883 1526 morte
894 1483 972 1539 mm,
987 1481 1046 1542 pro

3 1558 4 1599 3
47 1565 110 1627 qao
126 1548 298 1624 loquemur,
316 1547 454 1608 clementi
474 1555 575 1607 tumen
588 1548 775 1608 amanam
790 1566 857 1610 esec
871 1549 920 1610 cel
935 1549 1045 1609 talem:

48 1633 172 1710 primum
194 1630 318 1689 omnium
337 1648 394 1689 uon
418 1631 472 1690 erit
488 1648 537 1689 res
552 1631 636 1688 nobis
653 1648 716 1690 cum
732 1630 898 1690 adversario
914 1631 967 1691 sed
982 1648 1046 1690 cum

48 1715 163 1790 iudice,
186 1713 289 1773 deiude
310 1714 402 1773 forma
425 1713 632 1774 deliberativae
645 1715 737 1791 magis
752 1717 889 1774 materiae
906 1732 989 1792 quam
1004 1716 1045 1772 iu·

48 1797 163 1859 dicialis
184 1806 303 1856 utemur.
351 1797 538 1857 suadebimus
559 1798 648 1872 enim,
676 1806 707 1856 ut
728 1797 840 1857 laudem
865 1798 1046 1858 humanitatis

49 1884 244 1963 potiusquam
261 1881 438 1959 voluptatem
453 1882 569 1941 ultionis
593 1881 789 1958 concupiscat.
827 1881 912 1958 Apud
934 1881 1071 1951 iudices]

50 1966 166 2046 quidem
187 1966 344 2027 secundum
375 1967 472 2043 legem
492 1967 620 2030 dicturos
646 1965 815 2025 senteutiam
840 1967 876 2026 de
901 1965 1045 2025 confessis

48 2052 225 2130 praecipere
240 2050 389 2110 ridiculum
405 2058 459 2109 est.
497 2048 593 2126 Ergo,
616 2066 690 2126 quae
711 2066 806 2127 oeque
826 2051 927 2126 negari
950 2066 1046 2126 neque

48 2134 203 2195 transferri
228 2143 364 2212 possunt,
397 2136 495 2211 utique
521 2132 701 2193 defendenda
727 2142 809 2208 sunt,
836 2133 1046 2211 qualiacunque

49 2228 134 2292 suut,
158 2225 205 2278 aut
228 2236 313 2277 causa
336 2217 504 2278 cedendum.
549 2215 680 2294 Negandi
703 2216 847 2296 duplicem
869 2216 1046 2277 ostendimus

49 2303 184 2375 formam,
204 2310 252 2361 aut
268 2319 326 2360 uon
344 2320 411 2361 esse
427 2302 533 2361 factum
548 2310 595 2360 aut
611 2318 668 2360 non
683 2301 739 2360 hoc
751 2319 829 2376 esse,
845 2303 922 2378 quod
939 2301 1046 2361 factum

51 2387 100 2445 sit.
140 2385 222 2459 Quae
245 2404 338 2463 neque
361 2385 477 2446 defendi
494 2404 588 2463 neque
610 2385 761 2445 transferri
785 2394 922 2463 possunt,
946 2388 1046 2464 utique

50 2468 205 2546 neganda,
232 2487 286 2528 nec
308 2469 402 2528 solum
425 2471 450 2529 si
471 2469 559 2530 linitio
624 2478 681 2528 test
709 2487 775 2529 esso
797 2486 851 2548 pro
871 2469 971 2544 nobis,
994 2469 1047 2530 sed

52 2555 139 2612 etiam
157 2555 181 2611 si
197 2552 270 2612 nuda
285 2553 414 2612 infitiatio
431 2562 576 2632 superest.
634 2563 712 2612 estes
728 2562 812 2632 eruut
821 2575 827 2612 :
848 2554 935 2614 multa
952 2556 980 2612 in
995 2560 1076 2615 sosii

52 2636 153 2696 dicere
175 2637 259 2703 licet;
282 2637 520 2714 chirographum:
551 2638 587 2697 de
611 2636 792 2696 similitudine
811 2637 969 2697 litterarum
991 2639 1047 2699 dis·

5 2799 6 2804 ¹
52 2738 194 2780 sanemus.
230 2720 335 2797 Utique
361 2721 431 2780 nihil
452 2724 506 2781 erit
526 2723 609 2800 peius
636 2738 718 2799 quam
741 2721 897 2781 confessio.
942 2721 1047 2781 Ultima

5 2813 6 2818 ’
52 2814 100 2864 est
115 2805 237 2865 actionis
253 2806 462 2880 controversia,
480 2823 543 2864 cum
560 2805 733 2865 defendendi
752 2806 913 2882 negandive
927 2822 984 2863 nou
1002 2812 1048 2863 est

53 2888 154 2963 locus,
176 2887 269 2947 idest
288 2889 447 2948 translatio.
485 2889 572 2965 Atqui
593 2888 732 2966 quaedam
752 2898 833 2962 sunt,
857 2905 931 2965 quae
951 2895 1076 2966 neque9

51 2974 154 3049 negari
176 2989 271 3049 neque
299 2973 414 3033 defendi
440 2990 534 3050 neque
560 2973 710 3031 transferri
730 2981 861 3050 possunt.
896 2968 1048 3034 Adultm‘f

51 3076 110 3118 reo
125 3063 186 3131 cst,
203 3072 297 3133 qnae,
314 3076 382 3117 cunt
395 3073 476 3117 anno
490 3058 585 3117 uidua
606 3057 730 3135 fuisset,
746 3057 839 3116 enisu
855 3063 919 3124 esu·
940 3055 976 3115 lis
991 3074 1048 3116 nou

53 3140 118 3201 erit.
157 3139 253 3212 Quare
274 3139 344 3199 illud
366 3140 534 3200 stultissime
557 3141 744 3219 praecipitur,
768 3139 844 3217 quod
861 3139 976 3199 defendi
990 3157 1047 3200 nou

52 3226 158 3302 possit,
175 3223 290 3282 silentio
303 3224 549 3292 dissimulandum
566 3225 707 3301 siquidem
723 3223 821 3298 estid,
838 3223 874 3284 de
890 3241 946 3301 quo
961 3224 1047 3284 iudex

53 3309 287 3387 pronuntiaturus
307 3317 361 3366 est.
405 3308 444 3367 At
464 3311 489 3367 si
511 3318 617 3368 extra
639 3325 783 3367 causam
800 3309 837 3366 sit
853 3309 1003 3368 adductum
1018 3315 1047 3367 et
1056 3314 1089 3369 1'0

53 3399 163 3452 tanturn
179 3394 373 3451 coniunctum:
397 3391 490 3452 malim
511 3393 626 3469 quidem
642 3391 755 3465 dicere,
778 3391 847 3450 nihil
864 3392 892 3451 id
909 3393 943 3451 ad
959 3410 1046 3469 quae·

54 3477 179 3536 ationem
191 3492 246 3536 uec
262 3493 328 3535 esse
345 3477 374 3534 in
393 3475 437 3536 his
450 3476 616 3537 morandum
637 3484 666 3535 ct
685 3476 777 3534 minus
793 3493 876 3554 esse,
901 3494 984 3556 quam
999 3475 1047 3536 ad·
