2434 3925
137 190 178 252 96
449 198 810 260 numerandum

137 356 313 418 occurritur:
340 352 389 416 An
414 355 487 415 milti
514 354 671 416 cantando
691 355 791 415 victas
808 373 872 415 aon
893 354 1040 416 redderet
1058 357 1142 419 ille?

96 441 189 507 14tlui
206 450 251 500 est
265 439 385 499 conlinis
403 437 608 511 dissimulatio,
631 455 689 497 nou
710 437 778 497 alibi
806 428 890 515 quam
911 440 940 497 in
960 441 1019 498 risu
1035 444 1136 519 posita

134 526 260 603 ideoque
276 532 396 583 tractata
410 539 463 582 suo
475 523 553 582 loco.
583 520 657 581 Nam
672 523 749 580 scria
761 522 786 579 si
797 522 856 597 fiat,
875 539 928 599 pro
945 523 1136 596 confessione

136 618 189 669 est.
235 605 371 667 Ceterum
393 616 422 666 et
445 604 707 684 interrogandae
737 606 855 682 ipsum
881 615 910 664 et
935 608 1137 684 respondendi

135 692 206 751 sibi
221 691 317 751 solent
333 692 400 750 csse
417 708 474 749 non
492 693 623 767 ingratae
638 691 736 749 vices:
756 698 787 747 ut
809 686 912 748 Cicero
932 707 986 767 pro
1001 689 1133 768 Ligario,

133 772 227 854 Apud
241 791 329 853 quem
349 777 442 854 igitar
458 774 514 835 boc
529 776 622 835 dico?
652 772 768 850 Nempe
782 774 868 850 apud
884 793 968 849 cant,
985 777 1046 852 qni,
1062 795 1136 836 cam

133 861 190 921 ltoc
206 862 309 935 sciret,
332 866 432 921 tamen
447 878 504 932 nte,
520 867 683 935 antequam
698 858 790 929 cidit,
808 859 855 917 rei
865 858 1008 936 publicae
1023 861 1134 920 reddi·

93 945 185 1007 ladit.
224 942 319 1002 Aliter
340 960 393 1020 pro
416 938 516 1001 Caelio
539 942 605 1001 licta
625 943 869 1017 interrogatione:
898 941 988 1003 Dicet
1007 944 1133 1021 aliquis,

133 1026 221 1088 Haec
230 1029 325 1106 igitar
335 1036 381 1087 est
392 1035 445 1087 tna
455 1027 640 1105 disciplina?
654 1026 701 1085 sic
712 1034 745 1085 tn
756 1027 888 1085 instituis
900 1026 1134 1089 adolescentes?

135 1120 164 1170 et
179 1120 256 1170 totus
272 1110 365 1170 locus.
399 1108 528 1169 Deinde:
549 1107 630 1188 Epa,
646 1110 773 1186 siquis,
789 1110 925 1186 indices,
948 1110 1004 1171 boc
1021 1112 1135 1173 robore

134 1196 228 1258 animi
243 1204 335 1271 atque
349 1195 409 1254 tac
423 1195 524 1255 indole
539 1195 662 1255 virtutis
677 1213 717 1254 ac
732 1194 935 1255 continentiae
948 1194 1016 1272 fait,
1034 1203 1063 1254 et
1080 1213 1132 1254 ce·

134 1287 206 1339 tera.
237 1275 289 1338 cm
305 1278 448 1338 diversum
465 1287 519 1352 est,
536 1296 599 1337 cum
617 1277 703 1337 alium
718 1279 881 1353 rogaveris,
897 1294 955 1361 non
971 1287 1133 1356 expectare

133 1379 305 1440 responsum
321 1371 350 1420 et
365 1359 458 1423 statim
476 1361 636 1421 subiicere:
669 1360 784 1422 Domus
805 1362 859 1422 tibi
875 1363 1004 1423 deerat?
1025 1372 1059 1424 at
1071 1363 1132 1424 ba-

135 1447 248 1515 bebas,·
264 1447 398 1525 pecnnia
412 1447 602 1524 superabat?
623 1453 658 1506 at
671 1447 795 1523 spedas.
830 1443 914 1519 Quod
932 1445 1049 1505 schema
1068 1449 1151 1524 qui·.

93 1531 197 1592 ltidam
220 1547 274 1608 per
300 1531 581 1607 suggestionem
607 1538 723 1588 uocant.
768 1528 813 1588 Fit
841 1539 870 1587 et
896 1532 1131 1606 comparatione:

136 1614 209 1675 Uter
228 1616 322 1692 igitar
350 1615 477 1694 facilins
502 1632 579 1675 saac
604 1613 772 1674 sententiae
792 1615 941 1674 radanem
960 1615 1132 1675 redderet?

133 1697 170 1759 Et
193 1698 257 1759 aliis
272 1697 364 1758 modis
381 1707 440 1757 turn
455 1697 571 1757 brevius
587 1706 645 1756 tum
661 1696 756 1773 latius,
773 1705 832 1755 tum
846 1697 883 1758 de
898 1715 953 1757 una
972 1706 1078 1757 retum
1094 1699 1131 1758 de

133 1783 273 1861 pluribus.

215 1864 287 1926 Mire
306 1881 377 1925 vero
397 1866 426 1924 in
446 1866 541 1925 causis
561 1864 640 1924 valet
663 1862 934 1943 praesumptio,
958 1882 1032 1942 quae
1056 1860 1130 1944 πρό·

132 1954 221 2027 ληψις
242 1949 362 2025 dicitur,
386 1968 449 2009 cum
464 1950 508 2024 id,
538 1949 615 2029 quod
634 1948 720 2009 obiici
742 1958 855 2027 potest,
878 1966 1063 2029 occupamus.
1098 1948 1130 2010 ld

132 2053 227 2116 neque
248 2037 277 2094 in
305 2035 368 2094 aliis
393 2034 521 2112 partibus
551 2052 646 2092 rarum
673 2043 718 2092 est
744 2043 772 2093 et
793 2035 951 2112 praecipue
975 2035 1128 2112 prooemio

91 2123 123 2178 17
131 2121 274 2178 convenit.
304 2119 361 2178 Sed
385 2136 545 2196 quanquam
565 2120 682 2194 generis
702 2119 784 2176 unius
805 2118 935 2177 diversas
951 2127 1046 2178 tamen
1060 2136 1129 2196 spe·

133 2204 193 2263 cies
217 2202 312 2262 babet.
348 2201 402 2262 Est
424 2205 498 2261 enim
519 2201 658 2278 quaedam
679 2203 946 2279 praemunitio,
967 2202 1059 2281 qualis
1081 2199 1130 2262 ci·
1176 2231 1179 2236 ⁴

133 2288 248 2346 ceronis
264 2295 363 2346 contra
389 2285 424 2358 Q.
442 2284 618 2361 Caecilium,
647 2286 723 2365 quod
746 2287 781 2346 ad
796 2287 988 2345 accusandum
1005 2286 1129 2345 descen·

132 2371 196 2445 dat,
219 2372 267 2447 qui
289 2388 406 2447 semper
429 2369 604 2437 defenderit;
629 2369 770 2450 quaedam
790 2370 1002 2445 confessio,
1022 2378 1052 2427 ut
1074 2387 1129 2446 pro

131 2453 249 2513 Rabirio
267 2452 418 2527 Postumo,
443 2469 527 2532 quem
550 2473 600 2513 sua
624 2471 740 2531 quoquc
758 2455 899 2513 sententia
913 2452 1130 2532 reprebenden-

132 2536 197 2597 dum
209 2538 324 2611 latetur,
347 2537 422 2615 quod
435 2539 585 2615 pecuniam
596 2540 659 2613 regi
676 2538 845 2606 crediderit;
861 2539 1000 2616 quaedam
1018 2556 1129 2615 prae·

132 2622 264 2681 dictio:
296 2630 326 2680 ut
351 2621 462 2682 Dicant
495 2624 574 2682 enim
604 2642 664 2684 non
688 2624 823 2701 aspendi
847 2624 983 2683 criminis
1004 2623 1130 2699 pratia,-

132 2705 274 2784 quaedam
290 2705 514 2784 emendatio:
530 2716 561 2765 ut
575 2706 668 2786 Rogo,
684 2708 850 2784 ignoscatis
863 2707 936 2767 milti
945 2751 954 2783 ‚
968 2708 996 2766 si
1009 2707 1130 2785 langius

130 2809 197 2851 snm
217 2798 358 2859 eoactum·
377 2790 609 2866 frequentissima
632 2793 889 2868 praeparatio,
914 2808 977 2850 cum
998 2789 1130 2867 pluribus

130 2873 245 2949 verbis,
266 2875 314 2934 vel
337 2891 425 2951 quare
449 2874 552 2933 lacturi
574 2875 642 2952 quid
662 2875 750 2932 simus
773 2875 821 2934 vel
846 2892 935 2954 quare
960 2873 1128 2949 fecerimus,

89 2958 187 3020 18dici
203 2959 288 3019 solet.
329 2957 492 3019 Verborum
513 2975 630 3037 quoquc
652 2960 695 3017 uis
713 2976 749 3018 ac
764 2961 926 3037 proprietas
946 2957 1130 3017 confirmatur

130 3042 179 3100 vel
194 3045 443 3121 praesumptione:
469 3040 652 3120 Quanquam
665 3043 721 3104 illa
734 3062 794 3104 non
808 3061 910 3121 poena
921 3044 978 3103 sed
988 3042 1129 3120 probibi-

43 3185 46 3188 .
112 3132 114 3137 ’
130 3127 171 3187 tia
187 3128 313 3187 sceleris
326 3127 404 3205 ficit·
418 3135 467 3186 aut
481 3126 731 3203 reprehensione:
756 3124 861 3203 Cives,
878 3128 975 3203 cives,
990 3127 1128 3204 inquam,

118 3212 159 3270 'si
174 3209 231 3271 boc
246 3229 297 3272 eos
309 3212 427 3271 minine
442 3212 596 3288 appellari
606 3210 659 3287 fas
676 3220 729 3271 est.

91 3301 124 3356 19
215 3292 310 3351 Allert
326 3293 450 3371 aliquam
465 3294 549 3354 tidem
569 3294 701 3352 veritatis
724 3303 752 3353 et
773 3293 977 3370 dubitatio,
1000 3311 1064 3353 cum
1088 3292 1128 3353 si·

131 3376 268 3437 mulamus
287 3394 428 3455 quaerere
450 3395 519 3451 nos,
541 3376 616 3437 unde
634 3379 842 3458 incipiendum,
864 3378 914 3438 nbi
929 3377 1128 3454 desinendum,

132 3457 202 3542 qnid
215 3462 392 3541 potissimum
408 3460 567 3538 dicendum,
584 3479 620 3522 au
636 3463 750 3523 omnino
771 3464 922 3523 dicendum
938 3459 995 3522 sit?
1026 3459 1129 3521 (iuius-
