2434 3925
341 241 431 290 susc.
451 234 740 317 obscoenam,
757 239 783 293 3.
1003 231 1064 291 213

57 398 134 458 dnm
149 397 209 457 dari
224 405 346 474 possunt
362 404 404 454 tot
421 395 553 455 civilibus
571 395 675 454 ciliciis
692 404 851 473 occupato,
876 415 931 456 nec
945 416 1066 477 praepa·

55 499 134 541 rare
149 481 185 540 ab
202 481 263 540 imis
279 482 357 539 sonis
372 496 476 539 vocem
491 480 527 539 ad
544 496 684 554 summos,
709 498 764 538 nec
780 497 896 557 semper
917 498 931 539 a
949 492 1066 542 conten·

55 567 146 625 tione
172 564 299 623 condere
321 564 406 638 licet,
435 582 498 621 cum
520 553 659 641 pluribus'
672 562 783 622 iudiciis
806 579 895 641 saepe
917 564 1067 626 dicendum

56 649 113 710 sit.
154 647 199 707 Ne
221 648 350 707 ciborum
371 647 486 725 quidem
507 655 551 705 est
573 647 674 705 eadem
696 645 871 705 observatio.
907 645 971 706 Non
994 651 1107 708 enimbd

57 741 123 793 tam
143 731 224 791 molli
246 739 404 809 teneraque
423 747 498 789 voce
520 748 604 808 quam
624 730 691 789 forti
714 748 748 789 ac
768 729 889 789 durabili
911 747 984 808 opus
1005 743 1064 802 est:

61 834 133 876 cum
149 815 191 875 illi
205 832 304 874 omnes
321 818 406 873 etiam
421 814 574 873 altissimos
591 831 679 873 sonos
696 813 802 873 leniant
818 823 901 874 cantu
919 815 993 890 oris,
1015 833 1065 875 no·

58 900 111 959 bis
131 899 271 977 pleraque
292 916 397 976 aspere
416 899 474 956 sint
493 898 695 975 concitateque
716 896 835 957 dicenda
858 907 887 957 et
903 897 1066 974 vigilandae

59 992 168 1044 noctes
184 991 214 1041 et
227 982 320 1059 fuligo
336 981 561 1041 lucubrationum
575 980 699 1041 bibenda
717 989 747 1039 et
761 982 899 1041 insudate
914 991 1004 1040 veste
1015 982 1065 1042 du·

58 1066 193 1127 randum.
227 1065 323 1139 Quare
342 1083 445 1124 vocem
460 1064 572 1124 deliciis
589 1081 647 1123 non
660 1064 836 1139 molliamus,
855 1083 909 1125 neo
926 1065 1107 1125 imbuaturta

61 1168 101 1209 ea
125 1150 351 1224 consuetudine,
381 1167 465 1227 quarn
486 1148 635 1208 desertura
656 1150 707 1213 sit;
736 1148 789 1208 sed
810 1151 979 1208 exercitatio
1002 1151 1064 1209 eius
1171 1164 1175 1177 ‘

61 1233 133 1294 talis
148 1235 184 1292 sit
200 1233 292 1310 qualis
313 1251 399 1306 usus,
421 1250 476 1291 nec
491 1232 607 1291 silentio
629 1231 758 1291 subsidat
778 1232 831 1291 sed
852 1232 978 1291 firmetur
997 1251 1064 1294 con·

61 1317 237 1391 suetudine,
266 1334 321 1393 qua
343 1316 498 1376 difficultas
520 1318 611 1375 omnis
632 1316 753 1375 levatur.
791 1315 932 1375 Ediscere
960 1324 1106 1392 autem,25

62 1417 124 1479 quo
140 1403 317 1475 exercearis,
335 1401 389 1458 erit
404 1401 555 1478 optimum;
571 1417 635 1459 nam
652 1417 690 1458 ex
701 1408 833 1477 tempore
848 1398 978 1458 dicentes
996 1418 1063 1460 avo·

62 1495 114 1544 cat
131 1502 147 1545 a
162 1501 231 1544 cura
246 1485 328 1544 vocis
338 1484 404 1558 illc,
422 1484 470 1560 qui
487 1501 524 1542 en
539 1482 627 1542 rebus
643 1484 714 1561 ipsis
730 1482 906 1560 concipitur,
926 1483 1063 1551 allectum

64 1576 97 1628 et
116 1567 249 1627 ediscere
274 1584 356 1645 quam
378 1567 500 1626 maxime
522 1567 618 1642 varia,
644 1584 718 1643 quae
743 1576 773 1626 et
794 1566 949 1629 clamorem
972 1577 1001 1627 et
1024 1567 1064 1627 di·

62 1652 258 1730 sputationem
273 1660 303 1710 et
317 1667 479 1710 sermonem
495 1659 523 1709 et
535 1649 628 1709 flexus
640 1649 775 1724 habeant,
791 1658 821 1708 ut
832 1650 914 1709 simul
929 1653 957 1709 in
973 1653 1065 1711 omnia

61 1753 209 1815 paremur.
239 1734 302 1794 Hoc
317 1736 386 1794 satis
402 1743 456 1793 cst.
487 1733 606 1810 Alioqui
624 1733 710 1793 nitida
724 1733 774 1793 illa
790 1742 819 1791 et
837 1743 934 1793 curata
949 1751 1007 1793 vox
1024 1738 1106 1796 tn-ao

62 1819 181 1879 solitum
195 1817 324 1877 laborem
343 1817 504 1893 recusabit,
525 1827 556 1876 ut
571 1826 686 1877 assueta
701 1818 856 1893 gymnasiis
872 1826 901 1876 et
917 1817 983 1877 oleo
1001 1836 1064 1878 cor·

62 1919 155 1982 pora,
177 1902 333 1980 quamlibet
350 1903 405 1960 sint
422 1903 449 1960 in
467 1903 526 1960 suis
544 1901 744 1961 certaminibus
761 1902 896 1979 speciosa
914 1909 1000 1980 atque
1017 1919 1063 1960 ro·

27 2029 29 2032 ,
62 1986 160 2061 busta,
176 1988 201 2045 si
215 1987 338 2045 militare
354 1987 409 2046 iter
424 1986 591 2064 fascemque
607 1994 637 2044 et
651 1985 764 2063 vigilias
779 1987 915 2063 imperes,
932 1985 1064 2045 deficiant

65 2079 96 2130 et
117 2079 254 2147 quaerant
274 2079 412 2130 unctores
433 2086 502 2129 suos
523 2070 684 2146 nudumque
706 2068 850 2128 sudorem.
883 2067 936 2128 Illa
952 2070 1105 2147 quidem27

63 2156 94 2214 in
110 2154 167 2212 hoc
182 2170 273 2232 opere
288 2156 418 2232 praecipi
436 2154 499 2231 quis
514 2153 599 2227 ierat,
615 2153 747 2212 vitandos
763 2153 844 2212 soles
859 2162 945 2230 atque
958 2159 1064 2213 ventos

67 2246 98 2298 et
112 2236 208 2298 nubila
230 2240 316 2298 etiam
337 2255 371 2297 ac
394 2234 563 2297 siccitates?
592 2235 650 2309 lta,
673 2237 698 2295 si
714 2235 867 2295 dicendum*
884 2238 911 2294 in
929 2236 993 2296 sole
1017 2245 1072 2296 aut·

66 2329 207 2396 ventoso,
232 2321 364 2396 humido,
389 2321 483 2381 calido
503 2320 549 2380 die
564 2320 667 2394 luerit,
690 2336 758 2379 reos
779 2317 967 2378 deseremus?
993 2319 1066 2381 Nam

68 2404 186 2464 crudum
208 2406 323 2483 quidem
338 2414 387 2465 aut
402 2413 527 2464 saturum
547 2413 595 2463 aut
611 2403 721 2463 ebrium
737 2411 785 2462 aut
800 2405 896 2462 eiecto
911 2404 997 2463 modo
1013 2421 1064 2463 vo·

65 2490 148 2563 mitu,
165 2506 240 2566 quae
257 2489 389 2548 cavenda
400 2488 513 2566 qnidam
527 2496 653 2561 monent,
670 2486 833 2556 declamare
848 2488 1000 2563 neminem,
1017 2489 1064 2566 qui

67 2573 104 2630 sit
117 2575 218 2631 mantis
237 2589 375 2650 compos,
399 2579 479 2649 puto.
516 2570 590 2630 Illud
605 2588 662 2628 nou
679 2572 741 2630 sine
761 2588 847 2629 causa
866 2580 911 2630 cst
925 2571 960 2631 ab
977 2572 1107 2638 omni-23

67 2653 120 2714 bns
141 2664 346 2733 praeceptum,
367 2664 398 2714 ut
419 2663 553 2732 parcatur
571 2656 693 2713 maxime
708 2657 776 2714 voci
795 2656 823 2714 in
842 2654 892 2714 illo
908 2672 925 2714 a
943 2656 1065 2733 pueritia

67 2739 96 2797 in
110 2738 335 2799 adolescentiam
350 2740 488 2814 transitu,
505 2740 569 2816 quia
584 2738 751 2798 naturaliter
766 2739 933 2816 impeditur,
950 2755 1017 2810 non,
1035 2744 1066 2795 ut

6 2851 12 2860 =
67 2820 206 2897 arbitror,
222 2832 344 2901 propter
359 2823 502 2895 calorem,
521 2821 597 2900 quod
613 2821 726 2899 quidam
741 2830 925 2899 putaverunt;
941 2839 1005 2880 nam
1021 2828 1066 2879 est

66 2906 157 2963 maior
171 2906 256 2975 alias;
273 2907 325 2966 sed
340 2915 462 2984 propter
476 2905 623 2965 humorem
638 2908 748 2983 potius:
770 2904 905 2964 namhoc
920 2913 999 2963 aetas
1015 2903 1064 2963 illa

66 2991 215 3065 turgescit.
249 2988 350 3067 ltaque
371 3007 457 3048 nares
474 2990 557 3048 etiam
575 3007 611 3048 ac
626 2998 727 3067 pectus
746 3005 781 3047 eo
798 2997 928 3065 tempore
945 2994 1106 3062 tument,29

67 3081 153 3148 atque
176 3074 268 3131 omnia
288 3073 370 3132 velut
392 3075 551 3148 germinant
572 3089 666 3149 eoque
688 3080 753 3130 stunt
773 3080 873 3131 tenera
894 3079 923 3129 et
945 3072 1064 3130 iniuriae

67 3155 202 3215 obnoxia.
239 3155 313 3231 Sed,
339 3165 370 3214 ut
390 3156 425 3217 ad
447 3158 626 3235 propositum
649 3155 780 3228 redeam,
802 3157 856 3213 iam
881 3154 1063 3214 confirmatae

67 3239 298 3315 constitutaeque
309 3241 390 3298 vocis
402 3258 494 3317 genus
506 3239 722 3298 exercitationis
734 3239 869 3314 optimum
880 3238 966 3312 duco,
986 3239 1064 3316 qnod
1100 3264 1103 3273 ·

67 3332 111 3383 est
127 3324 209 3400 operi
233 3321 417 3397 simillimum,
439 3323 536 3382 dicere
557 3322 662 3382 cotidie
683 3321 758 3379 sicut
778 3322 897 3397 agimus.
932 3320 1062 3399 Namque

66 3408 122 3468 boc
137 3405 223 3465 modo
236 3421 293 3464 non
304 3422 363 3463 vox
377 3414 482 3466 tantum
498 3406 679 3465 confirmatur
692 3413 720 3463 et
731 3404 816 3479 latus,
833 3405 886 3464 sed
901 3406 986 3463 etiam
998 3421 1062 3463 cor·
1134 3433 1137 3442 ⁴

66 3492 145 3571 poris
163 3489 275 3550 decens
291 3498 319 3549 et
337 3490 566 3550 accommodatus
582 3488 706 3548 orationi
720 3497 813 3548 motus
830 3489 1018 3566 componitur.
