2434 3925
363 181 455 250 mer,
466 182 616 231 aaaron.
628 182 697 231 nm.
709 185 761 252 vr,
772 182 799 235 1.
1016 173 1078 236 255

79 337 162 398 xime
179 336 207 396 in
221 334 277 398 bac
295 346 378 415 parte
394 336 481 397 debet
496 354 633 396 crescere
652 339 760 406 cratio;
779 340 860 416 quia,
873 339 1008 418 quidquid
1022 359 1081 402 non

80 423 182 482 adiicit
198 421 359 521 prioribus,
382 423 467 480 etiam
491 420 645 482 detrahere
666 423 797 499 videtur,
820 428 850 482 et
868 424 955 484 facile
981 426 1079 485 delicit

81 506 226 580 affectus,
248 508 296 584 qui
317 505 476 564 descendit
588 509 591 516 '

169 589 234 648 Non
253 591 346 670 solum
361 599 454 649 autem
476 589 598 649 dicendo
614 589 666 649 sed
688 591 772 649 etiam
794 591 969 652 faciendo
991 610 1078 670 quae·
1068 603 1122 657 ·3o

81 673 150 735 dam
165 673 297 733 lacrimas
313 691 476 748 movemus,
495 673 570 732 unde
588 682 618 732 et
638 675 830 752 producere
821 692 917 752 ipsos,
938 678 985 752 qui
1003 679 1078 755 peri-

82 757 236 833 clitentur,
263 758 410 835 squalidos
439 764 525 834 atque
555 758 700 817 deformes
729 767 757 816 et
784 757 893 819 liberos
919 776 1018 817 eorum
1045 779 1080 820 ac

82 851 221 920 parentes
242 842 415 915 institutum,
440 850 469 899 et
489 840 524 899 ab
547 841 764 901 accusatoribus
785 851 932 901 cruentum
953 843 1079 918 gladium

83 925 200 984 ostendi
215 935 243 983 et
259 925 335 984 lecta
350 923 545 984 evulneribus
562 942 631 985 ossa
642 935 671 984 et
683 935 782 984 vestes
794 928 932 1002 sanguine
945 926 1078 1004 perfusas

82 1009 230 1084 videmus,
259 1018 288 1067 et
313 1010 433 1068 vulnera
465 1009 590 1083 resolvi,
624 1008 777 1070 verberata
807 1028 931 1087 corpora
967 1011 1076 1071 nudari.

84 1092 211 1165 Quarum
225 1110 320 1150 rerum
335 1093 438 1169 ingens
461 1093 631 1170 plerumque
649 1095 693 1152 vis
709 1103 754 1152 est
773 1095 895 1153 velutin
913 1112 974 1153 rem
995 1105 1119 1171 prae-31

84 1185 196 1235 sentem
222 1178 329 1235 animos
348 1176 490 1236 bominum
510 1177 689 1253 ducentium,
715 1187 745 1237 ut
762 1178 899 1257 populum
921 1177 1079 1238 Romanum

84 1262 147 1336 egit
171 1261 199 1318 in
224 1261 352 1319 inrorem
378 1269 529 1339 praetexta
556 1259 588 1319 C.
618 1259 752 1321 Caesaris
776 1262 904 1341 praelata
927 1264 955 1321 in
977 1262 1079 1322 funere

85 1353 212 1404 cruenta.
258 1344 410 1404 Sciebatur
422 1344 603 1404 interiectum
625 1364 704 1420 eum,
727 1364 833 1424 corpus
848 1347 972 1424 denique
985 1349 1078 1424 ipsum

84 1429 247 1505 impositum
266 1429 344 1487 lecto
363 1437 440 1503 erat,
465 1437 494 1488 at
513 1431 602 1488 vestis
619 1438 713 1488 tamen
733 1431 782 1490 illa
802 1433 940 1507 sanguine
961 1431 1079 1490 madens

84 1515 124 1572 ita
144 1513 373 1590 repraesentavit
392 1513 543 1588 imaginem
568 1513 706 1587 sceleris,
731 1523 762 1572 ut
787 1531 844 1572 non
870 1517 985 1574 occisus
1011 1533 1078 1574 esse

86 1594 196 1655 Caesar
210 1597 332 1656 sedtum
344 1598 465 1655 maxime
477 1596 571 1655 occidi
586 1597 742 1656 videretur.
786 1598 845 1657 Sed
859 1616 915 1657 non
930 1599 996 1658 ideo
1011 1608 1121 1676 pro-32

84 1679 228 1754 baverim,
249 1680 326 1757 quod
340 1680 446 1740 iactum
463 1689 492 1738 et
507 1680 576 1756 lego
596 1683 704 1758 etipse
725 1681 877 1758 aliquando
898 1681 972 1757 vidi,
998 1682 1078 1759 depi-

86 1772 160 1825 ctam
177 1763 273 1825 tabula
289 1782 375 1842 supra
389 1764 491 1823 lovem
507 1765 659 1840 imaginem
678 1765 736 1839 rei,
761 1767 841 1823 cuius
863 1767 1016 1824 atrocitate
1037 1767 1078 1823 iu·

85 1849 142 1909 dex
160 1858 222 1907 erat
237 1848 468 1908 commovendus.
513 1846 594 1919 Quae
613 1849 687 1907 enim
703 1857 748 1906 est
760 1849 867 1907 actoris
881 1848 1013 1932 infantia,
1030 1849 1078 1926 qui

83 1942 188 1993 mutam
208 1933 285 1992 illam
307 1933 434 2009 effigiem
455 1933 546 2008 magis
567 1950 652 2011 quam
676 1933 835 1992 orationem
861 1947 914 2009 pro
940 1949 973 1990 se
997 1941 1079 2010 putet

85 2014 265 2077 locuturam?
307 2017 346 2077 Ac
387 2015 490 2075 sordes
522 2023 562 2075 et·
592 2016 758 2094 squalorem
790 2025 820 2075 et
853 2016 1121 2093 propinquorum33

86 2118 201 2179 quoque
216 2102 335 2161 similem
351 2100 478 2161 habitum
493 2101 554 2159 scio
570 2101 733 2178 proluisse,
750 2108 779 2159 et
798 2118 930 2176 magnum
953 2101 988 2161 ad
1002 2100 1078 2159 salu·

84 2194 142 2244 tem
161 2195 332 2245 momentum
353 2202 459 2263 preces
480 2185 621 2244 attulisse.
667 2183 763 2257 Quare
787 2193 816 2243 et
838 2184 1002 2243 obsecratio
1028 2184 1078 2243 illa

84 2269 208 2329 iudicum
225 2287 279 2347 per
295 2271 440 2330 carissima
458 2270 595 2347 pignora,
619 2269 717 2346 utique
739 2270 807 2327 siet
826 2284 879 2327 reo
900 2277 965 2327 sunt
982 2267 1076 2343 liberi,

85 2355 208 2427 coniux,
224 2362 376 2431 parentes,
392 2354 469 2411 utilis
485 2354 553 2419 erit:
577 2362 606 2411 et
621 2353 739 2412 deorum
757 2353 841 2412 etiam
867 2354 1011 2411 invocatio
1026 2370 1076 2411 ve·

85 2437 126 2497 lut
143 2455 180 2496 ex
197 2436 272 2497 bona
284 2438 460 2496 conscientia
472 2436 606 2514 proiecta
628 2437 720 2495 videri
742 2436 834 2504 solet;
857 2445 975 2495 stratum
999 2436 1120 2500 deni-34

84 2539 142 2599 que
157 2523 254 2580 iacere
273 2529 303 2579 et
316 2538 411 2596 genua
430 2520 600 2599 complecti,
618 2522 711 2579 nisisi
731 2529 826 2579 tamen
840 2537 964 2598 persona
977 2536 1030 2578 nos
1048 2528 1077 2580 et

84 2613 215 2665 anteacta
241 2607 356 2664 vita.et
380 2605 423 2662 rei
449 2604 581 2663 condicio
607 2602 783 2682 prohibebit.
828 2603 974 2677 Quaedam
1002 2605 1077 2663 enim

83 2698 146 2748 tam
157 2688 270 2748 fortiter
285 2688 389 2747 tuenda
404 2705 488 2765 quam
501 2688 577 2747 lacta
592 2697 666 2747 suut.
683 2723 685 2728 ,
709 2687 817 2748 Verum
829 2689 871 2747 sic
886 2687 1018 2747 habenda
1033 2696 1078 2745 est

84 2774 362 2847 auctoritatis-ratio,
378 2789 414 2829 ne
426 2773 463 2831 sit
477 2772 568 2831 invisa
585 2773 752 2846 securitas.⁴
769 2770 834 2831 Fuit
848 2771 989 2849 quondam
1004 2773 1118 2836 inter35

83 2856 272 2917 haecomnia
297 2857 542 2934 potentissimum,
565 2854 673 2933 quob.
696 2854 842 2915 Murenam
861 2853 965 2914 Cicero
992 2872 1077 2914 accu-

83 2939 212 3000 santibus
233 2940 400 3000 clarissimis
421 2941 490 2998 viris
509 2940 652 3017 eripuisse
673 2940 832 3019 praecipue
858 2940 987 3015 videtur,
1011 2956 1077 3016 per·

52 3044 58 3054 ·
83 3025 248 3102 suasitque,
273 3023 342 3083 nihil
365 3041 431 3083 esse
457 3023 493 3082 ad
520 3033 702 3101 praesentem
728 3043 824 3083 rerum
849 3032 952 3083 statum
980 3023 1077 3082 utilius

84 3125 169 3185 quam
183 3109 275 3187 pridie
298 3106 439 3168 Calendas
460 3107 605 3167 lanuarias
627 3109 738 3185 ingredi
761 3107 948 3167 consulatum.
993 3105 1078 3179 Quod

83 3210 177 3290 genus
198 3193 304 3251 nostris
326 3192 504 3270 temporibus
525 3200 616 3251 totum
639 3210 731 3271 paene
758 3190 899 3252 sublatum
924 3199 986 3267 est,
1005 3203 1077 3249 cum

57 3274 62 3284 '
84 3277 178 3335 omnia
194 3293 281 3335 curae
296 3276 464 3356 tutelaeque
479 3278 561 3337 unius
581 3277 677 3336 innixa
699 3275 858 3354 periclitari
877 3275 956 3335 nullo
980 3274 1077 3335 iudicii

85 3358 164 3420 exitu
181 3361 301 3437 possint
407 3406 409 3410 .

167 3441 212 3503 De
227 3438 444 3505 accusatoribus
462 3453 492 3505 et
507 3446 565 3505 reis
580 3462 642 3503 sum
656 3443 788 3524 locutus,
811 3443 876 3522 quia
895 3444 923 3503 in
940 3438 1119 3522 periculisao
