2434 3925
337 220 588 294 mandaturos.
601 246 670 293 urs.
683 247 729 312 rv,
741 246 767 296 ι.
910 204 920 223 ⁸
989 220 1047 294 161

56 410 101 476 est
117 400 246 462 diflicilia
267 401 351 460 buius
366 402 409 460 rei
425 399 602 474 moderatio,
625 417 699 478 quae
720 391 815 459 tamen
835 394 991 478 temperari
1009 401 1050 459 ita

56 494 173 566 potest,
198 493 229 543 ut
248 486 395 544 videamur
417 491 552 543 accurate
567 500 624 541 non
640 482 744 542 callide
760 484 868 543 dicere.
905 483 951 542 Ex
965 501 1049 561 prae·

59 571 152 648 ceptis
168 567 315 627 ueteribus
330 576 440 642 manet,
462 584 498 625 ne
514 566 591 645 quod
606 567 737 625 insolens
753 567 888 642 verbum,
911 585 948 624 ne
963 567 1049 626 auda·¹

59 655 118 713 cius
134 651 318 727 translatum,
342 669 379 710 ne
401 660 448 710 aut
463 649 499 708 ab
516 648 649 709 obsoleta
665 659 809 709 vetustate
823 660 871 709 aut
886 652 1001 728 poetica
1017 650 1049 708 li·
1129 663 1131 673 '

58 738 154 797 centia
170 743 312 812 sumptum
327 736 355 792 in
372 735 513 813 principio
536 733 777 811 deprehendatur.
824 732 955 792 Nondum
978 735 1093 800 enim59

60 820 176 897 recepti
196 836 309 893 sumus,
333 826 362 877 et
383 816 508 876 custodit
530 833 583 875 nos
604 834 709 876 recens
727 818 899 877 audientium
915 818 1049 883 intentio;

57 904 150 980 magis
167 901 326 961 conciliatis
343 902 441 960 animis
457 909 486 959 et
502 902 557 959 iam
573 899 732 959 calentibus
748 901 822 960 baec
839 900 957 960 libertas
972 900 1050 960 fere

57 997 111 1061 tur,
130 985 313 1063 maximeque
330 1003 393 1043 oum
407 986 435 1042 in
451 984 533 1043 locos
552 983 688 1042 fuerimus
703 985 844 1060 ingressi,
867 1001 987 1062 quorum
1002 1000 1051 1042 na·

59 1069 159 1130 intralia
183 1068 300 1128 ubertas
325 1068 468 1127 licentiam
488 1065 570 1126 verbi
586 1068 679 1126 notari
695 1067 867 1126 circumfuso
883 1069 977 1126 nitore
993 1084 1050 1125 non

59 1154 175 1233 patitur.
214 1151 277 1211 Nec
298 1153 471 1228 argumentis
493 1159 587 1209 autem
604 1168 660 1209 nec
681 1150 755 1209 locis
775 1169 829 1210 neo
844 1146 998 1210 narrationi
1013 1152 1050 1207 si·
1058 1165 1093 1218 50

58 1236 132 1295 milis
155 1253 223 1295 esse
244 1237 271 1294 in
293 1237 443 1314 prooemio
469 1234 556 1294 debet
571 1235 664 1293 oratio
673 1251 798 1311 ,neque
818 1243 912 1294 tamen
928 1234 1051 1293 deducta

10 1330 11 1335 ’
59 1337 176 1398 semper
193 1328 280 1397 atque
304 1318 469 1379 circumlata
491 1318 667 1416 sedsaepe
673 1279 800 1396 ²simplici
814 1326 901 1396 atque
916 1316 1050 1377 illabora-

10 1400 11 1405 ’
55 1403 238 1478 laesimilis,
260 1421 316 1462 neo
335 1402 433 1462 verbis
448 1402 585 1500 vultuque
600 1401 685 1461 nimia
702 1403 881 1481 promittens.
913 1401 1051 1461 Dissimu-

58 1487 115 1547 lata
131 1488 208 1546 enim
223 1496 262 1562 et,
278 1496 308 1546 ut
324 1486 427 1547 Graeci
440 1486 546 1560 dicunt,
563 1477 740 1583 damniqorog
755 1488 831 1545 actio
846 1485 948 1545 melius
961 1501 1051 1563 saepe

60 1572 204 1649 surrepit·
230 1571 289 1630 Sed
306 1571 379 1631 haec
394 1578 480 1648 prout
495 1570 612 1629 formari
627 1570 747 1628 animum
763 1571 887 1630 indicum
904 1570 1050 1647 expediet

59 1653 182 1714 'l'urbari
204 1657 342 1716 memoria
362 1653 411 1714 uel
439 1653 619 1713 continuandi
649 1653 740 1712 verba
768 1653 907 1713 facultate
937 1652 1093 1713 destituidi

58 1756 200 1816 nusquam
214 1739 341 1816 turpius,
363 1756 427 1798 cum
449 1738 582 1797 vitiosum
599 1737 777 1813 prooemium
796 1738 890 1815 possit
904 1737 995 1796 videri
1013 1737 1052 1794 oi-

60 1824 204 1882 catrieosa
221 1821 327 1897 iacies,
351 1831 379 1881 et
400 1823 541 1900 pessimus
565 1828 646 1879 certe
661 1819 857 1918 gubernator,
877 1822 1051 1898 quinarem,

10 1967 12 1974 ,
59 1907 123 1967 dum
139 1913 226 1985 portu
249 1905 411 1982 egreditur,
434 1906 562 1983 impegit.
599 1901 702 1961 lllodus
725 1904 857 1981 principii
878 1919 931 1981 pro
954 1920 1050 1961 causa
1061 1908 1095 1964 dl

10 2013 11 2016 ¹
59 1989 130 2050 liam
146 1988 263 2049 brevius
279 1990 442 2068 simplices,
466 1990 579 2065 longius
602 1987 768 2068 perplexae
786 1995 1000 2064 suspectaeque
1024 1994 1053 2043 et
1134 2045 1136 2048 ,

59 2074 182 2133 infames
198 2074 372 2133 desiderant.
412 2072 534 2133 Rideudi
556 2088 646 2147 uero,
670 2072 717 2150 qui
740 2071 820 2130 velut
835 2070 931 2147 legem
946 2086 1052 2147 prooe

58 2159 121 2217 miis
138 2156 269 2217 omnibus
287 2157 441 2231 dederunt,
465 2165 495 2215 ut
509 2157 581 2217 lutra
597 2163 732 2234 quattuor
751 2173 854 2214 sensus
869 2156 1053 2214 terminaren-

58 2249 114 2300 tur.
151 2240 214 2300 Nec
235 2243 324 2299 miuus
350 2241 482 2300 evitanda
504 2248 549 2299 est
571 2240 724 2298 immodica
745 2241 806 2298 eius
827 2238 994 2316 longitudo,
1016 2255 1053 2295 ne

59 2325 85 2383 in
104 2333 194 2402 caput
211 2342 379 2384 excrevisse
389 2324 537 2399 videatur
562 2332 592 2383 et
616 2339 673 2402 quo
688 2339 864 2403 praeparare
888 2322 976 2382 debet
991 2321 1053 2380 lati-

59 2416 118 2484 get
153 2408 321 2468 Sermonem
337 2427 352 2468 a
368 2425 494 2486 persona
510 2407 611 2468 iudicis
628 2425 760 2466 aversum
768 2425 869 2486 ,quae
885 2394 1097 2484 ἆποστροφὴδδ

60 2491 182 2566 dicitur,
209 2492 351 2569 quidam
342 2510 370 2550 ιιι
390 2500 480 2551 totum
500 2492 683 2588 aprooemio
703 2499 898 2565 summouent,
919 2487 1056 2548 nonnulla

61 2574 208 2653 quidem'
199 2593 227 2633 tn
249 2574 321 2634 hanc
338 2577 556 2654 persuasionem
579 2576 691 2634 ratione
708 2576 795 2634 ducti.
842 2573 914 2634 Nam
935 2587 1054 2651 prorsus

61 2675 128 2717 esse
148 2657 205 2717 hoc
229 2660 319 2734 magis
339 2658 495 2719 secundum
509 2666 639 2718 naturam
662 2658 853 2717 conitendum
869 2665 929 2732 est,
954 2665 984 2715 ut
1002 2673 1054 2713 eos

59 2740 243 2818 alloquamur
268 2743 463 2819 potissimum,
489 2759 562 2820 quos
599 2742 756 2801 conciliare
782 2742 865 2801 nobis
897 2739 1054 2799 studemus.

58 2821 177 2884 iuterim
191 2834 285 2885 tamen
300 2834 329 2884 et
345 2834 392 2885 est
405 2826 557 2904 prooemio
570 2827 755 2885 necessarius
775 2842 877 2884 sensus
895 2823 1009 2901 aliquis,
1027 2828 1102 2887 etta

59 2906 108 2967 bic
129 2909 227 2967 acrior
251 2910 281 2968 lit
303 2918 392 2988 atque
404 2910 604 2969 vehementior
619 2910 655 2969 ad
670 2926 824 2987 personam
840 2908 967 2967 directus
983 2904 1053 2964 alte-

57 2993 129 3050 rius.
168 2991 253 3065 Quod
270 2994 294 3051 si
312 2993 438 3068 accidat,
463 3009 521 3072 quo
543 2994 607 3070 iure
623 3001 672 3052 aut
687 3010 742 3071 qua
757 3001 834 3052 tanta
850 2989 1055 3068 superstitione

57 3073 246 3153 prohibemur
261 3078 330 3138 dare
353 3095 406 3155 per
421 3077 496 3136 banc
512 3078 632 3153 liguram
647 3078 808 3135 sententiae
822 3072 924 3133 vires?
952 3073 1056 3151 Neque
1064 3080 1098 3134 65

58 3161 136 3218 euim
152 3160 227 3219 istud
242 3161 401 3239 scriptores
417 3160 545 3235 Artium,
568 3162 634 3239 quia
650 3177 706 3218 non
724 3159 829 3233 liceat,
847 3158 900 3217 sed
916 3155 983 3237 quia
999 3173 1055 3214 non

57 3251 163 3322 putent
178 3244 265 3318 utile,
290 3254 397 3303 vetant
434 3243 477 3303 lta
493 3245 518 3302 si
533 3244 630 3303 vincet
645 3243 768 3318 utilitas,
791 3250 911 3321 propter
934 3241 1054 3300 eandem

57 3343 177 3387 causam
192 3327 291 3387 iacere
307 3328 491 3402 debebimus,
514 3337 636 3406 propter
657 3344 740 3403 quam
762 3333 901 3386 vetamur.
938 3324 976 3384 ut
997 3323 1054 3381 De
1063 3330 1097 3384 66

10 3411 12 3490 l
52 3409 226 3469 mosthenes
242 3419 336 3470 alutem
352 3412 387 3479 ad
404 3373 569 3470 Aescltinen
590 3412 748 3470 orationem
770 3411 798 3468 in
814 3409 965 3488 prooemio
987 3415 1054 3464 oon·

54 3493 164 3567 vertit,
189 3489 269 3552 etll.
287 3493 413 3572 Tullius,
435 3509 502 3554 cum
521 3509 577 3572 pro
597 3493 673 3552 aliis
679 3493 864 3572 quibusdam,
889 3490 924 3551 ad
939 3503 1013 3574 quos
1027 3489 1054 3547 ei

100 3598 131 3637 ιι
143 3598 166 3635 ι
181 3597 292 3651 nuruum.
853 3575 888 3633 ll
