2434 3925
169 249 208 313 38
476 265 839 325 nuncupantem

168 417 291 478 Pollioni
304 418 418 498 placet,
437 438 493 481 neo
503 424 657 502 pladiola,
672 421 750 499 atqui
764 419 891 479 Messala
906 419 992 497 dixit,
1011 439 1067 481 nec
1079 439 1163 501 pcr-

167 503 349 579 ricidatum,
371 504 447 581 qnod
464 508 492 564 in
509 504 608 566 Caelio
627 509 676 566 vix
696 504 850 565 tolerabile
870 504 998 579 videtur,
1019 524 1075 566 nec
1095 507 1163 569 cot

168 587 213 647 los
233 585 299 645 mibi
318 585 425 646 Calvus
445 592 637 667 persuaserit;
661 606 735 667 quae
754 606 809 647 nee
826 589 882 665 ipsi
897 590 952 646 iam
969 589 1109 649 dicerent

127 668 162 723 ta
252 671 392 748 Superest
412 673 499 748 igitur
520 673 765 741 eonsuetudo;
787 690 850 731 nam
871 672 958 731 luerit
978 690 1071 754 paene
1090 674 1162 733 ridi·

169 754 264 814 culum
278 753 364 815 malle
378 773 557 833 sermonem,
578 774 636 836 quo
652 758 741 817 locuti
760 757 815 815 sint
830 755 976 831 homines,
999 774 1082 835 quarn
1100 775 1162 835 quo

168 838 330 915 loquantur.
364 837 402 898 Et
422 858 492 900 sane
513 842 580 918 qnid
602 851 648 900 est
669 840 747 901 aliud
759 848 845 901 cetus
857 858 957 901 rernm
971 858 1054 918 quam
1073 850 1162 900 vetus

168 922 304 999 loquendi
326 923 526 985 consuetudo?
563 926 622 985 Sed
643 924 709 985 huic
728 925 784 1003 ipsi
805 925 1001 984 necessarium
1022 933 1068 984 est
1087 925 1162 984 iudi·

169 1008 257 1082 cium,
281 1009 566 1087 constituendumque
587 1011 616 1069 in
637 1010 734 1087 primis
755 1011 783 1071 id
804 1010 897 1086 ipsum
917 1008 984 1085 quid
1005 1010 1058 1083 sit,
1080 1008 1163 1086 quod

126 1087 402 1150 lleousuetudinem
426 1110 574 1152 vocemus.
612 1092 694 1166 Quae
716 1093 740 1152 si
761 1110 799 1151 ex
819 1108 873 1167 eo,
896 1092 974 1169 quod
995 1091 1094 1169 plures
1116 1092 1160 1152 la-

168 1176 260 1250 ciunt,
280 1192 384 1234 nomeu
402 1179 539 1255 accipiat,
563 1176 839 1255 periculosissimum
862 1175 939 1235 dabit
959 1185 1159 1258 praeceptum,

167 1275 224 1317 nou
246 1260 367 1317 orationi
386 1261 472 1320 modo
490 1261 542 1320 sed
566 1260 660 1339 (quod
675 1261 764 1319 maius
783 1261 843 1339 est)
861 1261 948 1319 vitae.
981 1258 1063 1320 Unde
1080 1262 1162 1319 ‘enim

167 1351 273 1401 tantum
295 1340 379 1418 boni,
402 1352 433 1402 ut
453 1343 582 1422 pluribus
604 1361 680 1422 quae
701 1352 782 1404 recta
800 1353 865 1403 aunt
885 1341 1041 1421 placeant?
1067 1343 1162 1421 Igitur

168 1435 198 1484 ut
216 1424 286 1484 velli
307 1434 337 1485 et
357 1443 466 1486 comam
486 1430 513 1488 in
533 1429 640 1504 gradus
662 1428 798 1505 frangere
821 1437 850 1487 et
870 1429 898 1486 in
918 1426 1029 1487 balneis
1050 1444 1160 1507 perpo-

167 1518 246 1584 tare,
269 1509 425 1587 quamlibet
440 1512 513 1572 haec
533 1514 689 1573 invaserint
708 1514 867 1586 civitatem,
889 1514 1016 1571 nouerit
1036 1528 1161 1571 consue·

168 1593 253 1667 tudo,
276 1595 342 1671 quia
362 1595 431 1655 nihil
446 1594 547 1655 borum
568 1606 649 1656 caret
668 1595 909 1674 reprehensioue;
933 1603 962 1655 at
983 1596 1110 1656 lavamur
1130 1604 1163 1655 et

168 1677 318 1736 tondemur
339 1685 368 1736 et
389 1681 564 1739 convivimus
586 1698 624 1740 ex
646 1680 867 1740 cousuetudine:
887 1682 978 1740 sicin
1000 1678 1160 1757 loquendo,

168 1778 226 1819 non
252 1762 278 1819 si
300 1763 366 1840 qnid
387 1764 493 1823 vitiose
515 1763 611 1824 multis
633 1764 787 1839 insederit,
813 1780 867 1842 pro
889 1763 990 1840 regula
1017 1764 1161 1822 sermonis

125 1847 160 1901 45
168 1845 364 1923 accipiendum
383 1850 446 1908 erit.
477 1848 566 1924 Nam,
586 1858 618 1908 ut
636 1856 795 1924 transeam,
817 1847 1051 1925 quemadmodum
1068 1847 1161 1923 vulgo

168 1931 291 2007 imperiti
312 1930 478 2011 loquantum
498 1942 558 1994 tota
581 1950 671 2010 saepe
693 1930 804 1992 theatra
827 1940 856 1994 et
875 1948 986 1991 omnem
1007 1932 1077 1992 circi
1100 1939 1160 1991 tur·

166 2013 231 2074 bam
250 2015 429 2077 exclamasse
450 2018 573 2078 barbare
595 2019 712 2076 scimus.
744 2015 823 2094 Ergo
843 2015 1077 2076 consuetudinem
1097 2033 1159 2074 ser·

166 2101 258 2158 monis
280 2102 393 2160 vocabo
411 2118 582 2163 consensum
598 2101 789 2177 eruditorum,
812 2103 887 2160 sicut
900 2099 1016 2160 vivendi
1035 2116 1159 2159 eonsen-

105 2199 108 2208 ·
167 2198 229 2240 sum
249 2182 397 2244 bonorum.

249 2347 312 2408 Vll.
356 2349 454 2428 Nunc,
484 2354 617 2431 quoniam
636 2354 776 2429 diximus,
798 2370 873 2430 quae
894 2353 931 2412 sit
951 2350 1088 2429 loquendi
1112 2370 1158 2411 re·

166 2432 249 2535 pule,
266 2434 426 2511 dicendum,
443 2454 517 2514 quae
533 2437 726 2497 scribentibus
742 2436 946 2509 custodienda,
961 2436 1039 2514 quod
1055 2434 1160 2495 Graeci

166 2518 374 2596 ορθογραφίαν
390 2530 511 2596 vocant,
537 2538 590 2581 nos
613 2531 720 2582 recte
747 2519 937 2580 scribendi
962 2522 1160 2579 seientiam

166 2603 358 2677 nominemus.v
387 2602 474 2664 Cuius
491 2622 537 2664 ars
552 2622 609 2664 non
626 2608 654 2665 iu
669 2605 726 2665 hoe
742 2607 836 2682 posita
855 2613 916 2678 est,
934 2611 965 2662 nt
983 2605 1159 2678 noverimus,

167 2683 270 2762 quibus
285 2704 417 2764 quaeque
437 2688 549 2765 syllaba
564 2689 667 2749 litteris
684 2697 798 2748 constet
817 2688 896 2766 (nam
911 2688 939 2747 id
957 2688 1071 2765 quidem
1085 2687 1161 2746 inira

166 2772 341 2845 grammatici
358 2772 483 2831 officium
501 2774 561 2852 est)
575 2773 627 2833 sed
642 2782 745 2847 totam,
763 2782 794 2832 ut
810 2790 874 2832 mea
891 2771 948 2831 lert
964 2773 1073 2850 opinio,
1092 2769 1160 2830 sub-

143 2851 300 2914 ttilitatem
320 2856 348 2915 in
373 2851 466 2916 dubiis
489 2856 585 2915 babet.
629 2856 668 2917 Ut
688 2857 784 2933 longis
807 2854 928 2931 syllabis
952 2854 1082 2915 omnibus
1109 2872 1161 2933 ap-

168 2953 279 3015 ponere
298 2941 409 3017 apicem
427 2942 632 3020 iueptissimum
651 2949 712 3016 est,
734 2942 799 3018 quia
819 2940 958 3018 plurimae
976 2948 1075 2999 natura
1096 2940 1163 3017 ipsa

168 3020 250 3080 verbi
272 3024 348 3100 quod
367 3024 502 3083 scribitur
522 3033 636 3102 patent:
666 3027 709 3084 sic
727 3026 839 3083 interim
861 3025 1074 3098 necessarium,
1096 3041 1162 3082 cum

169 3105 270 3165 eadem
292 3106 386 3167 littera
410 3108 495 3168 alium
516 3117 602 3187 atque
626 3107 711 3168 alium
732 3109 927 3182 intellectum,
948 3116 1036 3186 prout
1061 3124 1161 3167 corre·

167 3197 216 3266 pta
232 3189 280 3249 vel
297 3192 437 3268 producta
455 3201 518 3267 est,
537 3192 617 3267 lacit,
637 3200 678 3267 ut,
696 3194 796 3253 molus
811 3191 945 3250 arborem
964 3190 1109 3268 significet
1126 3208 1162 3251 au

142 3271 308 3333 thominem
324 3292 381 3333 non
396 3274 517 3351 bouum,
537 3277 622 3353 apice
639 3275 835 3351 distinguitur;
854 3277 949 3353 palus
964 3274 1042 3334 aliud
1060 3277 1162 3353 priore

166 3356 278 3432 syllaba
297 3357 384 3436 longa
401 3360 476 3419 aliud
492 3361 624 3436 sequenti
642 3359 797 3436 significem
820 3367 928 3418 etcum
945 3359 1046 3418 eadem
1064 3360 1162 3419 littera

166 3443 339 3502 nominativo
362 3461 431 3504 casn
453 3443 567 3517 brevis,
595 3442 720 3502 ablativo
748 3443 917 3519 longeest,
940 3452 1033 3501 utrum
1055 3460 1161 3522 sequa·

144 3525 243 3605 imur,
265 3526 436 3608 plerumque
456 3526 511 3587 bac
531 3534 600 3585 nota
618 3526 751 3586 mouendi
774 3544 880 3585 sumus.
920 3525 1058 3587 Similiter
1078 3535 1161 3606 puta·
