2434 3925
171 130 230 191 144
486 141 616 189 ΗΑΒ.
633 139 853 201 oumummru

169 299 238 359 dice
251 314 417 358 sermonem
430 297 513 375 enipi
528 304 619 374 utque
632 295 713 357 lonc
733 299 903 375 opinionem
918 300 1025 375 populi
1039 297 1178 360 llomnnr

166 382 275 461 ferinae.
299 377 357 439 Cur
371 381 461 441 donee
476 383 572 459 potius
590 380 674 458 quam
693 381 769 442 loos?
798 380 901 458 Neque
917 382 989 440 enim
1004 391 1071 443 erat
1091 401 1176 462 aspe-

168 483 240 524 rum.
285 464 436 523 Rationem
454 464 580 524 fortasse
601 481 659 523 nou
679 463 813 538 reddam,
835 467 955 524 seutiam
970 484 1040 525 ense
1057 468 1172 527 melius.
1210 480 1211 513 t

170 546 229 608 Cur
242 563 300 606 nou
313 549 446 623 emissit,
462 566 630 610 sermonem
643 549 726 626 culpi
739 550 858 626 sumac?
901 547 1087 628 Compositio
1103 553 1172 611 euim

169 631 340 710 patiebatur.
384 630 544 709 ignorabo
563 631 616 692 sed
631 640 662 692 ut
676 632 761 692 audio
773 631 845 708 hoc,
863 634 971 693 animus
986 636 1101 712 accipit
1115 635 1171 713 ple

110 725 235 780 leonum
257 718 319 775 sine
340 714 395 775 hac
410 717 604 793 geminatione
620 732 678 775 nou
695 733 773 776 esse.
816 715 863 776 Ad
884 734 999 777 sensum
1022 719 1116 795 igitur
1132 737 1169 778 re
1210 710 1211 735 ¹

169 798 290 859 ferenda
305 807 379 858 suut.
424 799 531 878 Nequi
546 800 724 876 musione,
741 799 809 878 quid
821 817 970 876 severum,
989 803 1059 879 quid
1077 804 1169 862 incur·

168 883 300 958 domuit,
316 882 494 960 intelligant:
506 882 621 944 ‘facient
636 883 749 961 quidem
764 894 864 944 natura
879 885 953 945 duce
968 885 1077 945 melius
1095 904 1168 965 quan

15 1038 19 1045 Ι
167 976 245 1035 arte;
269 967 321 1026 sed
336 976 454 1027 naturae
469 969 525 1045 ipsi
542 986 589 1027 ars
605 969 699 1026 inerit.

110 1061 160 1114 121
252 1049 326 1121 Illud
341 1067 461 1129 prorsus
478 1052 620 1125 oratoris,
637 1048 713 1111 s'cire
729 1050 778 1110 ubi
793 1068 910 1130 quoque
925 1069 1038 1129 genere
1053 1069 1168 1131 compo

165 1136 278 1195 sitionis
293 1135 331 1193 sit
344 1135 489 1195 utendum.
530 1132 574 1194 Ea
589 1134 699 1215 duplex
713 1134 897 1195 observatio:
920 1135 1029 1212 altera,
1045 1134 1168 1214 quaesi

167 1218 260 1297 pedes
274 1217 416 1286 refertum
437 1218 546 1296 altera,
563 1236 637 1296 quae
653 1219 689 1279 ad
707 1220 1000 1298 comprehensiones,
1017 1237 1099 1297 quae
1116 1221 1168 1280 elli·

167 1305 279 1363 ciuntur
293 1320 332 1361 ex
348 1301 480 1380 pedihus.

111 1396 161 1449 122
251 1386 297 1446 Ac
318 1386 355 1446 de
376 1385 421 1445 luis
441 1387 531 1465 prius.
567 1384 698 1446 Diximus
715 1388 803 1463 igitur
818 1404 886 1446 esse
902 1388 1008 1461 incisa,
1032 1388 1169 1465 membra,

168 1472 314 1531 circuitus.
352 1469 516 1530 lucisum
538 1471 690 1548 (quantum
704 1489 768 1530 mea
784 1470 841 1530 lert
855 1472 971 1550 opinio)
994 1473 1048 1531 erit
1070 1490 1170 1532 sensus

167 1572 225 1614 uou
241 1554 360 1633 expleto
371 1571 491 1614 numero
503 1554 677 1629 conclusus,
696 1555 846 1634 plerisque
857 1573 924 1633 pars
936 1554 1067 1614 membri.
1106 1557 1170 1622 'lale

169 1648 214 1698 est
228 1641 321 1714 enim,
344 1655 401 1716 quo
416 1637 522 1698 Cicero
543 1640 645 1698 utitur:
666 1636 782 1700 Demos
801 1641 855 1701 tibi
875 1640 1005 1702 decrat?
1025 1646 1059 1701 ot
1083 1641 1170 1703 node

167 1724 233 1788 dus.
277 1721 413 1785 Pecunia
431 1724 621 1802 superum?
646 1730 680 1785 ot
699 1723 820 1802 epodos.
863 1722 947 1783 Fiunt
967 1731 1063 1783 autem
1091 1728 1169 1785 etiarn

167 1807 287 1884 singulis
303 1805 401 1866 verbis
416 1808 522 1867 incisa:
545 1804 705 1883 Dreinos,
722 1815 814 1868 testes
828 1808 907 1869 dune
925 1808 1087 1878 columen
1107 1810 1168 1869 inci·

110 1901 231 1956 luteum
252 1899 296 1951 est
321 1892 464 1953 dicimos.
513 1889 704 1951 llembruru
728 1900 823 1952 autem
848 1900 893 1952 cst
919 1909 1022 1951 seusus
1046 1894 1168 1953 numeris

169 1976 324 2036 conclusus
346 1977 399 2036 sed
424 1995 440 2036 a
463 1985 524 2036 toto
546 1992 672 2055 corpore
688 1974 825 2055 abruptus
848 1984 877 2035 et
893 1995 946 2055 per
969 1994 1001 2035 se
1017 1977 1091 2038 nihil
1114 1977 1168 2038 eli·

169 2063 259 2122 ciens.
304 2058 330 2121 0
351 2062 480 2122 culdeos
494 2061 645 2136 nonime,
665 2059 828 2137 perlectum
841 2070 905 2135 est,
929 2060 982 2120 sed
997 2071 1168 2121 remotuma

168 2145 275 2205 ceteris
289 2144 347 2204 uim
361 2162 419 2204 non
434 2143 541 2221 habet,
563 2153 595 2204 ut
614 2162 669 2223 per
687 2162 833 2204 semanno
848 2154 878 2204 et
893 2162 948 2223 pes
969 2152 1000 2203 et
1014 2154 1123 2223 capum
1145 2152 1169 2204 et

170 2225 274 2289 Orem
287 2231 500 2307 eccopitntoan.
540 2228 662 2301 Quando
675 2245 747 2305 ergo
762 2229 862 2307 incipit
878 2246 984 2307 corpus
1000 2225 1096 2287 esse?
1112 2246 1168 2289 cunr

167 2312 246 2370 venit
267 2320 396 2373 extrema
418 2312 585 2373 conclusio:
616 2311 726 2389 Quem,
746 2330 875 2391 pumen,
898 2320 1035 2374 wnnnm
1052 2313 1169 2391 fefellit,

166 2397 202 2456 id
216 2412 271 2457 ooc
284 2398 328 2457 ita
343 2415 410 2457 esec
429 2397 590 2476 facturos?
634 2396 725 2470 Quam
741 2395 845 2457 Cicero
864 2397 1064 2458 brevissimam
1082 2404 1168 2475 putat.

167 2477 269 2556 ltaque
284 2479 347 2539 lere
363 2482 454 2541 incisa
471 2489 501 2540 et
516 2478 643 2540 membru
657 2481 744 2540 mixta
760 2489 869 2541 suntet
884 2479 1106 2540 conclusionem
1120 2480 1168 2540 uti

110 2577 163 2631 124
171 2581 228 2643 que
243 2562 419 2623 desiderant
461 2564 620 2625 Periodo
636 2563 758 2643 plurima
774 2566 887 2625 nomina
902 2564 950 2624 dat
965 2561 1092 2639 Cicero,
1108 2582 1169 2644 om

168 2650 278 2724 nitunt,
302 2650 485 2725 ciminium,
495 2648 806 2725 impectoratum,
822 2649 1094 2723 continuationem,
1111 2650 1169 2709 rir-

168 2733 444 2810 cnoncrtpuionene
488 2731 602 2792 Genera
623 2733 685 2793 eins
706 2733 763 2793 duo
788 2742 868 2792 sunt:
895 2732 1016 2792 alterum
1034 2732 1169 2811 simplex,

169 2834 234 2876 oum
259 2835 362 2876 sensus
386 2835 458 2875 unus
484 2815 618 2893 longiore
640 2813 745 2877 ambitu
774 2817 1008 2883 circumducitur;
1038 2814 1169 2889 alterum,

170 2901 248 2978 quod
264 2910 377 2960 constat
391 2899 525 2960 membris
541 2910 571 2961 et
586 2902 699 2976 incisis,
722 2917 796 2979 quae
815 2901 914 2979 plures
930 2918 1033 2960 sensus
1048 2899 1169 2960 habent:

111 2981 288 3047 llcddernt
301 2987 414 3047 inuentor
425 2987 564 3047 carceris
578 2993 606 3045 et
621 2986 764 3064 camilon
776 2986 948 3063 praetoris,
965 2983 1089 3062 reliqna.
1119 2983 1170 3044 lla·

169 3065 221 3126 het
236 3070 374 3146 periodus
389 3068 516 3148 memhr'a
531 3069 672 3128 minimum
691 3068 759 3128 duo.
791 3066 903 3128 lledius
918 3085 1052 3128 uumerus
1072 3068 1169 3128 viden

170 3157 216 3209 tur
236 3161 386 3229 quattuor,
411 3152 463 3212 sed
487 3154 591 3231 recipit
612 3152 780 3229 frequenter
797 3161 828 3212 et
849 3148 942 3231 plura]
981 3150 1087 3211 llodus
1110 3153 1137 3211 ei
1156 3167 1170 3208 a

170 3231 314 3295 Cicerone
337 3245 384 3296 aut
409 3246 542 3315 quattuor
566 3233 687 3296 senariis
709 3234 842 3296 uersibus
867 3245 915 3296 aut
942 3236 1032 3314 ipsius
1053 3237 1171 3313 spiritus

169 3318 256 3377 modo
274 3321 439 3378 terminatus
456 3329 607 3397 praestare
627 3318 731 3394 debet,
754 3329 784 3379 ut
806 3337 922 3379 sensum
939 3318 1112 3387 concludat;
1136 3318 1173 3377 sit

171 3410 289 3480 aperta,
310 3410 340 3462 ut
360 3402 482 3479 intelligi
499 3406 609 3483 possit,
629 3419 688 3490 nou
703 3403 869 3480 immodica,
892 3411 923 3463 ut
944 3403 1085 3464 memoria
1105 3418 1171 3464 con·
