2434 3925
319 195 736 267 1nsn.0nnnon.n1n.xn1,
753 194 818 250 na.
893 210 895 221 ·
1016 186 1078 246 257

62 353 166 414 aliter
185 350 359 430 ¹acquirendi
385 349 525 411 recidant.
565 351 625 411 Sed
652 360 710 411 tum
733 368 850 431 quoqne
875 355 1017 416 tenendus
1037 365 1123 421 estll

61 438 200 509 modun,
221 453 255 495 ac
269 433 421 513 plurimum
435 435 543 510 refert,
567 445 597 494 et
612 454 627 495 a
644 452 701 511 quo
718 439 841 515 accipiat
858 447 887 497 et
902 449 1034 517 qnantum
1052 450 1082 500 et

64 537 243 602 quousque.
275 518 445 579 Paciscendi
468 519 585 598 quidem
605 518 656 578 ille
676 521 813 598 piraticus
834 536 898 580 mos
920 533 949 581 et
970 541 1080 602 ponen-

62 610 147 667 tium
172 603 311 684 periculis
337 605 430 682 pretia
461 603 565 682 procul
593 603 783 664 abominanda
809 607 969 681 negotiatio
996 610 1081 668 etiam

64 690 267 751 mediocriter
281 688 421 766 improbis
436 687 547 764 aberit,
570 705 634 747 cum
649 689 821 766 praesertim
835 689 930 749 bonos
949 690 1080 752 homines

64 776 230 851 bonasque
252 790 355 832 causas
378 774 468 831 tuenti
483 790 541 831 non
559 772 596 831 sit
612 772 783 831 metuendus
803 774 949 850 ingratns;
978 776 1101 852 quodsi

66 862 207 931 iuturus,
230 856 305 915 malo
321 865 424 916 tamen
435 856 486 915 ille
501 864 618 934 peccet.
650 855 727 915 Nihil
742 874 816 933 ergo
832 859 985 934 acquirere
1001 858 1122 923 voletlt

68 952 179 1004 orator
195 940 270 1000 ultra
292 958 376 1018 quam
398 942 468 1000 satis
484 941 553 1008 erit;
580 957 616 1000 ae
637 958 673 999 ne
688 957 800 1018 pauper
817 942 932 1019 quidem
947 951 1081 1021 tanquam

67 1024 245 1086 mercedem
262 1026 388 1103 accipiet
403 1024 455 1083 sed
468 1034 563 1084 mutua
579 1024 775 1084 benivolentia
790 1034 905 1100 utetur,
928 1043 992 1085 cum
1007 1028 1081 1086 sciat

70 1129 110 1170 se
127 1117 207 1169 tanto
223 1108 289 1186 plus
306 1110 499 1187 praestitisse.
529 1106 594 1167 Non
611 1109 703 1183 enim,
722 1110 787 1185 quia
801 1111 902 1168 venire
915 1108 976 1169 bo'c
990 1109 1080 1169 bene·

70 1195 174 1261 licium
195 1210 253 1251 non
276 1201 410 1271 oportet,
432 1194 529 1270 perire
553 1201 680 1271 oportet.
716 1191 848 1268 Denique
869 1201 898 1252 ut
912 1203 1013 1269 gratus
1033 1195 1079 1269 sit,

71 1278 113 1338 ad
130 1294 196 1337 euru
210 1278 302 1352 magis
318 1278 461 1355 pertinet,
480 1278 528 1355 qui
547 1276 643 1336 debet.

409 1429 496 1490 QUAE
512 1429 545 1479 IN
562 1386 743 1480 DISCENDlS.
804 1419 810 1432 ’

162 1525 239 1586 Vlll.
272 1525 404 1586 Proxima
430 1525 632 1585 discendae
660 1544 795 1586 causae
817 1528 908 1602 ratio,
937 1528 1014 1605 quod
1038 1536 1082 1587 est
1116 1552 1123 1567 ·

74 1612 221 1675 orationis
242 1610 464 1688 fundamentum.
495 1609 600 1688 Neque
624 1611 698 1669 enirn
715 1612 865 1688 quisquam
887 1620 945 1670 tarn
966 1613 1081 1688 ingenio

74 1697 158 1757 tenui
173 1696 353 1773 reperietur,
378 1696 443 1773 qui,
466 1713 530 1754 cnm
547 1695 657 1769 omnia,
676 1712 751 1772 quae
766 1704 831 1753 sunt
846 1696 880 1752 in
893 1713 997 1770 causa,
1019 1695 1081 1755 dili·

74 1789 185 1859 genter
200 1779 388 1855 cognoverit,
408 1778 443 1838 ad
462 1778 623 1838 docendum
639 1787 720 1837 certe
735 1779 860 1839 iudicem
874 1796 932 1838 non
947 1780 1079 1838 sufficiat.

75 1865 141 1926 Sed
161 1865 224 1923 eius
238 1864 282 1921 rei
297 1863 478 1940 paucissimis
501 1880 568 1921 cura
585 1870 640 1921 est.
673 1861 746 1922 Nam
762 1871 793 1921 ut
807 1871 920 1922 taceam
935 1861 972 1922 de
987 1862 1108 1938 neglib

76 1946 226 2027 gentibus,
244 1965 365 2025 qnorum
380 1946 449 2007 nibil
466 1945 568 2021 refert,
584 1945 634 2006 ubi
651 1945 742 2007 litium
758 1945 846 2007 cardo
862 1954 1001 2021 vertatur,
1018 1946 1083 2006 dum

77 2036 148 2106 sint,
167 2049 241 2110 quae
252 2031 301 2090 vel
314 2039 396 2091 extra
412 2049 527 2091 causam
543 2049 581 2090 ex
591 2031 729 2109 personis
744 2039 793 2090 aut
807 2033 947 2090 communi
961 2039 1083 2089 tractatu

76 2107 212 2178 locorum
233 2116 419 2175 occasionem
437 2114 578 2175 clamandi
596 2113 769 2191 largiantur:
790 2114 905 2192 aliquos
922 2123 951 2173 et
965 2113 1081 2173 ambitio

23 2248 24 2251 η
77 2200 238 2281 pervertit,
263 2200 310 2277 qui
326 2201 429 2277 partim
443 2208 577 2277 tanquam
593 2201 729 2277 occupati
745 2216 921 2277 semperque
940 2198 1017 2257 aliud
1032 2196 1081 2256 ba·

78 2286 204 2357 bentes,
220 2283 298 2361 quod
313 2292 379 2343 ante
394 2283 537 2359 agendum
552 2284 604 2357 sit,
628 2283 721 2361 pridie
738 2282 774 2342 ad
789 2300 822 2341 se
838 2282 937 2341 venire
959 2282 1082 2357 litigato·
1101 2311 1105 2318 x

58 2387 143 2430 xreru
159 2376 207 2427 aut
223 2367 325 2427 eodem
337 2369 473 2426 matutino
489 2366 598 2440 iubent,
615 2384 816 2444 nonnunquam
832 2368 917 2425 etiam
930 2367 1005 2424 inter
1019 2366 1083 2442 ipsa

80 2451 222 2513 subsellia
239 2451 375 2511 didicisse
392 2469 424 2510 se
441 2450 614 2526 glorianturc
639 2452 742 2529 partim
757 2450 891 2510 iactantia
905 2450 1029 2527 ingenii,
1051 2457 1109 2509 ut3

80 2537 204 2597 rescito
225 2536 381 2612 accepisse
395 2533 564 2609 videantur,
588 2543 692 2594 tenere
711 2552 743 2593 se
764 2543 793 2593 et
816 2533 982 2611 intelligere
1003 2534 1083 2611 prius

80 2637 176 2700 paene
192 2637 277 2697 qnam
292 2619 407 2678 audiant
417 2619 537 2693 mentiti,
554 2637 619 2678 cum
633 2618 720 2678 multa
737 2627 768 2677 et
784 2618 892 2692 diserte
908 2618 1083 2692 summisque

84 2704 275 2779 clamoribus,
307 2720 381 2781 quae
402 2720 499 2782 neque
520 2701 557 2763 ad
579 2703 704 2763 iudicem
725 2721 822 2781 neque
845 2702 881 2762 ad
909 2701 1084 2777 litigatorem

23 2835 24 2839 ,
84 2789 263 2868 pertineant,
286 2786 533 2862 decantaverunt,
558 2786 635 2846 bene
651 2788 788 2847 sudantes
806 2785 941 2863 beneque
958 2784 1084 2842 comitati

85 2890 139 2952 per
154 2871 247 2932 iorum
270 2871 455 2931 reducuntur.
485 2870 530 2930 Ne
546 2871 612 2931 illas
628 2872 744 2949 quidem
764 2869 879 2930 tulerim
896 2867 1016 2928 delicias
1032 2874 1112 2926 eo·4

23 3016 24 3019 ,
86 2974 164 3028 rum,
193 2956 240 3032 qui
257 2954 360 3015 doceri
377 2956 487 3015 amicos
503 2971 572 3015 suos
592 2955 706 3023 iubent;
732 2969 893 3032 quanquam
910 2952 1003 3010 minus
1017 2951 1084 3011 mali

23 3115 24 3124 ἵ
88 3048 144 3113 est,
170 3039 195 3097 si
209 3038 251 3098 illi
267 3038 369 3100 saltem
388 3048 470 3099 recte
486 3040 598 3104 discant
618 3048 760 3116 recteque
777 3038 912 3097 doceant.
945 3035 1005 3095 Sed
1021 3036 1084 3113 quis

23 3178 24 3191 ,
89 3122 178 3182 discet
188 3118 248 3182 'tam
264 3122 340 3182 bene
356 3142 442 3203 quam
458 3120 620 3202 patronus?
648 3121 800 3195 Quomodo
817 3129 912 3180 autem
929 3129 1084 3198 sequester
1171 3159 1173 3166 ,

88 3206 136 3268 ille
147 3214 176 3266 et
186 3206 280 3290 media
292 3207 381 3273 litium
390 3226 491 3268 manns
504 3217 533 3267 et
544 3206 660 3285 quidam
675 3208 820 3284 interpres
830 3204 976 3283 impendet
988 3220 1083 3279 aequo

90 3292 179 3350 animo
200 3290 332 3350 laborem
354 3293 382 3351 in
404 3292 515 3353 alienas
538 3292 685 3364 notiones,
711 3307 775 3348 cum
790 3288 908 3347 dicturis
924 3289 992 3347 tanti
1013 3303 1082 3345 suae

90 3391 144 3434 non
163 3371 238 3434 sinti
267 3374 413 3437 Pessimae
437 3395 510 3437 vero
534 3373 767 3448 consuetudinis,
791 3370 901 3431 libellis
923 3388 990 3431 esse
1013 3378 1110 3429 con-5

91 3467 211 3534 tentum,
236 3468 310 3538 qnos
325 3463 471 3541 componit
488 3470 534 3522 aut
550 3459 695 3535 litigator,
718 3456 912 3535 quieoniugit
932 3455 967 3516 ad
986 3461 1081 3532 patro-

129 3549 367 3615 u.s.9u1uru..ll.
887 3539 925 3599 17
