2434 3925
174 177 236 238 254
489 183 850 246 nn.unn.ounrrmuu1

176 362 240 405 cum
254 339 472 404 Demosthenen
492 358 612 418 puerum
627 339 779 400 admodum
800 341 930 399 actiones
944 338 1122 417 pnpsslares
1135 338 1175 398 lua·

175 427 274 488 buisse
290 426 471 488 manifestum
490 426 544 498 sit,
566 422 690 498 Calvus,
716 421 842 501 Caesar,
866 423 960 484 Pollio
973 423 1105 482 multum
1121 433 1175 482 ante

177 512 370 605 quaestoriam
392 526 491 569 omnes
513 516 637 568 aetatem
659 508 829 584 grauissima
850 508 956 568 iudicia
977 508 1176 584 susceperint,

178 582 376 674 praetextatos
399 596 498 670 egisse
512 592 650 670 quosdam
668 593 704 649 sit
724 590 874 667 nuditum,
894 589 1010 650 Caesar
1024 589 1176 666 Augustus

150 678 329 741 aduodecim
346 686 428 737 natus
450 692 539 735 annos
562 678 655 735 aviam
670 690 724 752 pro
746 678 848 734 rostris
870 674 1041 735 laudaverit.
1080 674 1175 734 Modus

176 763 243 823 mibi
256 764 369 824 videtur
385 760 497 839 qnidam
513 760 664 833 tenendus,
681 766 711 817 ιιι
725 776 820 837 neque
833 775 1035 836 praepropere
1056 757 1175 817 destrin-

176 856 260 925 gatur
275 848 422 906 immatura
437 843 518 903 lrous
535 852 582 919 et,
606 842 743 921 quidquid
761 851 805 901 est
821 843 891 903 illud
909 842 1001 901 a‘dhuc
1024 842 1174 914 acerbum.

177 930 356 1010 proferatur:
373 946 437 988 nam
450 928 516 988 inde
528 937 557 987 et
572 935 753 1005 contemptus
765 928 866 1005 operis
879 928 1057 1001 innascitur,
1079 936 1114 985 et
1127 926 1175 985 tun

178 1015 308 1075 damenta
322 1015 463 1073 iaciuntur
478 1011 689 1089 impudentiae,
708 1019 754 1084 et,
773 1010 851 1088 quod
868 1020 914 1070 est
928 1009 1105 1087 ubicunque
1122 1027 1175 1088 per

149 1099 414 1171 3niciosisslnrum,
437 1096 588 1195 praevenit
602 1096 680 1153 vides
698 1094 811 1153 fiducia
840 1093 903 1153 Nec
918 1111 1017 1153 rursus
1038 1094 1175 1153 dill'ereu

178 1183 244 1243 dum
259 1190 304 1241 est
316 1181 478 1240 tirocinium
493 1178 521 1238 liu
535 1187 730 1245 senectutem:
747 1196 812 1238 nam
824 1178 931 1238 cotidie
945 1186 1038 1236 metus
1060 1177 1175 1248 crescit,

178 1267 326 1343 malusque
342 1264 372 1324 lit
387 1281 520 1342 semper,
541 1263 619 1341 quod
634 1263 730 1322 ausuri
744 1280 856 1337 sumus,
881 1270 926 1337 et,
949 1261 1013 1321 dum
1028 1261 1175 1321 delibera·

177 1367 250 1426 mus,
269 1349 383 1427 quando
397 1346 590 1426 incipiendum
604 1348 651 1422 sit,
669 1347 800 1425 incipere
815 1348 870 1405 iam
886 1363 981 1405 serum
997 1353 1055 1405 est.
1084 1345 1176 1419 Quare

178 1435 300 1494 fructum
328 1432 484 1492 studiorum
505 1432 627 1492 viridem
652 1439 680 1489 et
707 1430 800 1489 adbuc
821 1430 936 1490 dulcem
962 1430 1059 1508 promi
1085 1430 1175 1499 decet,

180 1518 245 1578 dnm
268 1524 297 1576 et
318 1517 403 1575 venia
431 1524 461 1575 et
482 1533 552 1593 spes
574 1522 670 1597 estet
694 1523 812 1591 paratus
833 1514 917 1573 lavor
938 1522 967 1572 et
986 1512 1107 1573 andere
1129 1528 1176 1570 nou

181 1601 321 1667 dedecet;
345 1609 389 1674 et,
411 1601 435 1659 si
452 1599 520 1677 quid
535 1599 612 1659 desit
627 1599 727 1676 operi,
752 1597 868 1677 supplet
885 1606 983 1671 aetas,
1009 1605 1059 1669 et,
1088 1598 1113 1656 si
1129 1611 1174 1674 qna

152 1689 246 1744 dsunt
268 1684 343 1744 dicta
364 1684 546 1758 iuveniliter,
569 1699 624 1761 pro
646 1681 744 1741 indole
766 1683 959 1759 accipiuntur:
981 1689 1012 1739 ιιι
1025 1689 1114 1740 totus
1133 1678 1174 1739 ille

182 1767 332 1829 Ciceronis
346 1784 400 1845 pro
416 1766 623 1828 Sextolloscio
640 1767 736 1826 locus:
755 1763 837 1838 (totu
851 1768 929 1827 emm
944 1774 1007 1825 tam
1022 1781 1173 1826 nommant

181 1866 273 1930 quum
293 1853 531 1932 epinoemata,
560 1859 646 1912 terro
666 1852 809 1948 mortuis,
839 1869 928 1911 mora
946 1846 1171 1927 fluctuantibus,

180 1939 251 2000 lituu
272 1937 397 2000 edecus?
425 1935 507 2020 Quae
530 1953 593 1996 cnm
610 1953 663 1994 sex
685 1943 714 1994 et
729 1934 829 2012 viginti
845 1943 927 1995 natus
948 1950 1038 1993 annos
1063 1930 1170 1994 summis

181 2021 353 2082 audientium
374 2014 549 2080 clamoribus
571 2019 694 2097 dixerit
717 2018 880 2079 defervisse
895 2028 1028 2095 tempore
1043 2027 1081 2078 et
1104 2015 1170 2077 annis

181 2106 339 2184 liquata,
330 2123 385 2166 ram
408 2106 507 2165 senior
526 2104 603 2164 idem
624 2104 739 2163 latetur
770 2101 807 2162 Et
828 2102 949 2163 bercnle
970 2099 1171 2191 quantumlibet

182 2198 298 2249 secreta
319 2189 411 2251 studia
437 2187 624 2261 contulerint:
654 2196 699 2246 est
719 2195 815 2245 tumen
835 2188 971 2266 proprius
987 2184 1109 2263 quidam
1128 2179 1170 2243 lori

182 2272 348 2351 proiectus,
364 2273 422 2333 alia
439 2256 543 2348 lnx,a
526 2271 582 2331 alia
598 2270 969 2336 veridiscriminislaoies;
992 2263 1171 2349 ptusque,si

184 2374 322 2435 separes,
343 2375 413 2417 usus
428 2358 490 2416 sine
508 2356 639 2417 doctrina
658 2372 743 2432 quam
761 2355 832 2414 citra
847 2372 928 2414 nsum
944 2354 1078 2414 doctrina
1094 2352 1169 2413 valet

156 2439 314 2518 oldeoqne
329 2441 456 2501 nonnulli
471 2458 559 2500 senes
574 2441 602 2498 in
618 2439 719 2499 scbola
735 2438 804 2498 lacti
819 2447 935 2516 stupent
948 2438 1100 2513 nouitate,
1121 2448 1171 2495 eun

185 2525 213 2583 in
235 2523 340 2584 iudicia
363 2533 521 2600 venerunt,
550 2533 580 2583 et
601 2524 694 2582 omnia
717 2524 777 2581 suis
798 2520 1054 2582 exercitationibus
1080 2517 1170 2579 similit

185 2608 360 2668 desiderant.
391 2607 431 2666 Αι
450 2608 510 2667 illic
532 2615 561 2666 et
581 2607 670 2667 iudex
689 2615 768 2666 tacet
789 2614 819 2669 et
838 2606 1023 2666 aduersarius
1036 2599 1170 2678 obstrepi

186 2701 215 2752 et
230 2691 299 2752 nibil
314 2701 424 2751 temere
441 2691 547 2751 dietum
560 2691 655 2769 perit,
672 2698 717 2765 et,
733 2691 758 2749 si
775 2689 843 2768 quid
857 2689 909 2749 tibi
925 2706 1036 2762 sumas,
1053 2687 1169 2765 proluar

186 2776 252 2837 dum
267 2785 322 2850 est,
340 2785 369 2835 et
384 2775 542 2836 laboratam
558 2783 786 2871 congestamque
803 2773 913 2842 dierum
929 2790 964 2833 ac
978 2773 1110 2832 noctium
1126 2778 1168 2828 stu

126 2855 128 2862 ‘
187 2861 234 2921 dio
255 2863 397 2921 actionem
419 2877 494 2938 aqua
515 2859 630 2932 delicit,
658 2867 686 2917 et
707 2858 816 2917 omisso
838 2875 941 2934 magna
961 2873 1082 2933 semper
1099 2848 1169 2916 naudi

186 2953 297 3005 tumore
312 2945 345 3004 iu
359 2943 527 3024 quibusdam
543 2943 637 3003 causis
655 2941 830 3020 loquendum
848 2949 907 3009 est;
930 2940 1007 3019 quod
1022 2939 1064 2999 illi
1082 2931 1168 2999 diserti

159 3030 299 3091 dminime
317 3030 418 3089 sciunt.
448 3025 548 3105 ltaque
564 3024 718 3085 nonnullos
736 3027 883 3103 reperias,
908 3043 956 3102 qur
948 3023 1026 3082 sibl
1042 3022 1167 3102 eloquan-

186 3114 278 3172 tiores
288 3113 449 3187 videantur,
466 3129 549 3189 qnam
565 3118 594 3169 ut
607 3127 710 3170 causas
721 3117 816 3186 agant.
843 3107 978 3168 Ceterum
990 3106 1081 3181 illum,
1100 3117 1166 3197 quen

187 3196 321 3255 iuuenem
340 3196 508 3273 tenerisque
524 3193 618 3254 adbuc
632 3192 741 3252 viribus
759 3194 896 3252 nitentem
911 3193 939 3250 in
955 3192 1047 3251 lorum
1062 3186 1165 3250 deduxi·

188 3298 265 3355 mns,
283 3289 312 3338 et
328 3279 457 3356 incipere
474 3297 556 3357 quam
573 3277 697 3337 maxime
716 3275 795 3337 laelii
811 3294 846 3336 ac
862 3274 1013 3335 favorabili
1030 3292 1120 3334 causa
1131 3286 1163 3328 se

189 3364 253 3438 lim,
278 3363 403 3423 ferarum
424 3371 453 3421 ut
475 3359 561 3422 catuli
581 3361 717 3420 molliore
736 3361 847 3439 praeda
869 3360 1049 3436 saginantur,
1077 3366 1108 3417 et
1126 3365 1163 3415 not

189 3449 287 3526 ntique
313 3445 349 3506 ab
376 3445 433 3506 boc
459 3445 539 3505 initio
565 3446 734 3505 continuare
761 3461 880 3523 operam
900 3452 930 3503 ct
951 3443 1068 3521 ingenio
1090 3441 1163 3502 adbuc
