2434 3925
170 154 207 215 18
486 164 846 224 unaeoumrmmM
1192 121 1193 182 ³

125 329 159 384 39
250 321 294 379 De
311 336 396 379 causa
411 318 490 397 prius
506 337 541 379 an
561 319 597 379 de
620 337 745 397 persona
767 321 917 381 dicendum
932 325 986 398 sit,
1008 325 1164 401 quaeritur,
1193 303 1194 390 l

166 407 303 486 varieque
323 413 367 462 est
385 402 421 461 ab
436 402 598 462 oratoribus
615 403 734 480 lactum,
749 423 765 464 a
782 402 925 465 Cicerone
945 409 1030 466 etiam
1051 408 1163 487 praela·

166 497 212 547 tae
234 489 401 566 frequenter
422 505 537 546 causae.
580 486 640 548 Sed
661 488 744 562 mihi,
766 490 790 546 si
817 500 919 549 neutro
948 490 1006 550 litis
1031 493 1163 552 condicio

165 575 394 650 praeponderet,
411 572 567 630 secundum
581 580 708 630 naturam
720 573 832 632 videtur
848 574 978 651 incipere
996 592 1013 634 a
1027 593 1161 652 persona.
1194 577 1195 668 l

165 656 229 714 Non
243 657 299 716 boc
316 657 406 732 magis
419 655 557 731 generale
576 664 622 713 est
635 658 801 734 rectiorque
817 656 936 733 divisio,
955 676 991 717 an
1005 658 1097 718 ullum
1114 661 1161 719 ori·

119 750 157 803 ‘to
167 758 231 798 men
248 739 403 814 credibile,
420 756 455 797 an
466 739 532 798 boo.
560 738 662 797 Potest
673 748 766 799 tamen
781 740 809 799 id
824 742 934 818 ipsum,
951 743 1026 800 sicut
1040 743 1161 820 plerum·

165 842 239 902 que,
264 833 379 883 vertere
410 823 526 881 utilitas.
565 820 628 882 Nec
658 831 764 882 tantum
785 842 890 884 causae
913 825 1071 885 voluntatis
1103 836 1160 885 suut
1195 849 1196 894 1

164 908 365 986 quaerendae,
388 906 440 965 sed
460 907 572 965 interim
588 916 618 965 et
634 908 756 982 erroris,
780 916 810 965 ut
826 907 968 983 ebrietas,
992 911 1158 985 ignorantia.

165 992 235 1051 Nam
250 992 339 1065 baec,
363 999 394 1049 ut
416 991 444 1047 in
462 990 598 1068 qualitate
621 991 728 1049 crimen
746 990 875 1066 elevant,
898 994 937 1052 ita
953 993 981 1050 in
997 995 1160 1053 coniectura

121 1085 152 1137 41
165 1085 304 1154 premunt.
342 1074 379 1133 Et
401 1091 526 1151 persona
546 1075 661 1151 quidem
684 1076 785 1133 nescio
807 1093 842 1135 an
857 1094 996 1154 unquam,
1020 1079 1122 1155 utique
1137 1079 1160 1136 in

164 1177 235 1219 vero
252 1168 317 1218 actu
335 1160 395 1231 rei,
414 1159 508 1235 possit
523 1158 669 1232 incidere,
687 1158 722 1217 de
743 1176 798 1237 qua
819 1168 919 1219 neutra
936 1177 1004 1237 pars
1020 1161 1113 1229 dicat:
1129 1162 1159 1220 dc

164 1245 258 1303 causis
277 1242 445 1319 frequenter
462 1243 561 1319 quaeri
582 1241 651 1301 nibil
672 1243 789 1317 attinet,
811 1252 842 1302 ut
857 1245 885 1301 in
901 1243 1067 1320 adulteriis,
1092 1254 1123 1304 ut
1136 1247 1159 1302 in
1196 1263 1197 1294 ;

163 1327 263 1400 furtis,
281 1326 347 1403 quia
361 1324 426 1384 illas
444 1329 544 1403 perse
562 1327 625 1403 ipsa
643 1326 758 1384 crimina
777 1344 875 1386 secum
895 1325 1009 1386 habent.

120 1421 155 1473 42
245 1409 315 1469 Post
333 1408 407 1468 baec
436 1410 569 1468 intuenda
593 1409 725 1468 videntur
750 1419 779 1469 et
806 1411 982 1478 consilia;
1008 1428 1084 1488 quae
1106 1411 1158 1471 late

162 1502 277 1572 patent,
295 1492 340 1551 An
356 1492 495 1553 credibile
511 1494 564 1565 sit,
582 1511 662 1551 reum
677 1510 830 1570 sperasse,
847 1494 875 1554 id
891 1513 907 1554 a
922 1512 955 1553 se
969 1494 1068 1554 scelus
1085 1495 1158 1555 ellici

162 1573 273 1656 posse?
293 1595 328 1635 an
343 1577 485 1653 ignorari,
502 1595 565 1635 curn
577 1573 719 1635 lecisset?
734 1595 785 1653 an,
804 1578 915 1636 etiamsi
930 1580 1093 1655 ignoratum
1108 1595 1158 1637 non
1189 1575 1198 1610 ’

162 1670 258 1735 esset,
284 1660 396 1720 absolvi
415 1661 464 1720 vel
485 1678 580 1738 poena
606 1660 664 1720 levi
686 1663 804 1738 transigi
831 1661 879 1719 vel
901 1662 1028 1721 tardiore
1054 1662 1104 1722 uel
1126 1680 1157 1720 ex

162 1764 217 1823 qua
241 1746 332 1803 minus
358 1745 529 1804 incommodi
558 1752 765 1804 consecuturus
793 1763 877 1823 quam
902 1761 939 1804 ex
964 1745 1042 1804 lacto
1065 1746 1157 1822 gaudii

118 1838 153 1891 43
162 1825 326 1888 videretur?
342 1846 377 1887 an
389 1831 474 1888 etiam
486 1829 555 1887 tanti
566 1829 709 1905 putaverit
723 1845 847 1906 poenam
863 1825 980 1888 subire?
996 1829 1067 1888 Post
1076 1830 1156 1902 baec,

161 1913 206 1973 An
222 1914 279 1974 alio
295 1921 427 1991 tempore
444 1922 472 1972 et
490 1912 573 1973 aliter
589 1912 688 1972 lacere
703 1913 750 1973 vel
766 1913 879 1973 facilius
894 1912 943 1991 vel
958 1914 1091 1972 securius
1110 1930 1156 1993 po·

75 2065 81 2085 ¹
161 1995 268 2057 tuenti
292 2007 322 2056 ut
338 1998 406 2056 dicit
422 1996 527 2057 Cicero
543 2013 596 2074 pro
612 1995 719 2056 Milone
735 2015 904 2056 enumerans
920 1996 1057 2075 plurimas
1074 2014 1156 2057 occa·

161 2084 275 2157 siones,
293 2081 395 2160 quibus
411 2081 446 2140 ab
467 2098 503 2139 eo
521 2078 640 2140 Clodius
655 2081 768 2159 impune
789 2081 883 2140 occidi
902 2082 1037 2159 potuerit.
1075 2081 1157 2143 Prae·

102 2160 104 2165 ’
161 2174 257 2239 terea,
281 2183 331 2224 cur
347 2166 525 2242 potissimum
540 2164 590 2223 illo
609 2163 693 2239 loeo,
719 2165 769 2225 illo
785 2174 933 2242 tempore,
950 2164 1000 2224 illo
1018 2164 1106 2224 modo
1125 2166 1159 2222 sit

162 2266 337 2325 aggressus,
362 2249 433 2326 (qui
448 2257 477 2307 et
503 2249 567 2324 ipse
583 2247 802 2323 diligentissime
818 2256 957 2307 tractatur
977 2265 1031 2326 pro
1055 2248 1158 2308 eodem

118 2331 260 2409 illocus)
280 2350 329 2406 an,
347 2334 457 2391 etiarnsi
472 2331 550 2390 nulla
565 2331 677 2390 ratione
692 2332 794 2392 ductus
810 2340 871 2406 est,
886 2333 993 2409 impetu
1008 2341 1110 2409 raptus
1125 2333 1160 2389 sit

161 2422 191 2475 et
211 2415 350 2492 absque
375 2416 578 2488 sententia,
603 2414 690 2492 (narn
708 2416 797 2492 vulgo
820 2415 937 2489 dicitur,
961 2416 1082 2475 Scelere
1104 2432 1159 2474 non

160 2498 268 2558 habere
298 2499 468 2578 consilium)
496 2517 530 2558 an
555 2500 639 2557 etiam
662 2499 869 2559 consuetudine
891 2500 1032 2577 peccandi
1058 2500 1097 2558 sit
1119 2499 1157 2558 al·

160 2580 279 2642 lectus?

243 2666 375 2727 Excussa
395 2666 485 2745 prima
507 2677 605 2743 parte,
627 2685 662 2726 an
686 2667 827 2742 voluerit,
850 2666 998 2744 sequitur,
1027 2665 1080 2724 An
1102 2682 1158 2745 po·

160 2748 299 2810 tuerit?
336 2750 389 2809 Hic
413 2759 551 2809 tractatur
571 2751 670 2826 locus,
698 2761 825 2828 tempus,
852 2759 882 2809 ut
907 2750 1011 2817 lurtum
1033 2750 1062 2807 in
1091 2749 1158 2809 loco

160 2834 258 2910 cluso,
276 2836 433 2912 frequenti;
453 2843 583 2912 tempore
597 2835 645 2894 vel
660 2836 777 2908 diurno,
795 2852 857 2894 cum
875 2842 967 2892 testes
979 2833 1098 2911 plures,
1111 2833 1159 2892 vel

79 2976 81 2979 .
117 2925 316 2993 45nocturno,
334 2937 397 2978 cum
413 2920 505 2977 maior
519 2918 684 2978 dillicultas.
717 2916 1157 2996 Inspiciunturutiquediilicul·

159 3011 250 3078 tates,
268 3005 454 3077 occasiones,
473 3020 545 3079 quae
562 3012 628 3062 sunt
644 3003 783 3081 plurimae
797 3003 922 3079 ideoque
942 3000 1086 3078 exemplis
1103 3016 1159 3060 non

160 3095 257 3161 egent.
297 3086 351 3146 Hic
373 3104 499 3166 sequens
525 3086 607 3145 locus
623 3087 689 3146 talis
712 3095 772 3161 est,
795 3094 846 3160 ut,
863 3086 887 3144 si
903 3085 965 3145 lieri
979 3101 1036 3147 non
1052 3086 1157 3162 potuit,

159 3169 271 3241 sublata
288 3170 322 3229 lis
338 3171 387 3237 sit;
416 3173 440 3228 si
457 3171 566 3248 potuit,
582 3179 721 3247 sequatur
736 3170 883 3248 quaestio,
902 3187 938 3228 an
953 3168 1066 3249 iecerit.
1100 3167 1159 3227 Sed

157 3253 231 3312 baec
252 3255 336 3313 etiam
357 3254 393 3313 ad
410 3256 492 3314 animi
515 3254 710 3312 coniecturam
733 3253 894 3332 pertinent,
918 3270 982 3311 narn
1005 3261 1035 3311 et
1055 3271 1093 3312 ex
1112 3250 1158 3310 bis

157 3338 322 3413 colligitur,
345 3354 380 3395 an
405 3340 574 3416 speraverit.
624 3335 694 3396 Ideo
724 3339 850 3415 spectari
874 3335 980 3396 debent
1003 3344 1032 3396 et
1053 3337 1157 3395 instru-

156 3431 266 3489 menta,
283 3430 313 3480 ut
328 3419 422 3481 Clodii
438 3439 472 3481 ae
492 3420 607 3481 Milonis
625 3423 786 3480 comitatus.
