2434 3925
381 253 469 302 msc.
483 253 631 302 onanon
643 254 711 302 nm.
723 254 775 321 rx,
787 251 813 305 u
1037 241 1095 305 133
1153 265 1156 271 ·

1 444 3 467 ι
101 407 263 471 nominibus
279 408 438 486 similiaque
450 384 494 466 his
510 408 669 467 continuari
680 407 782 484 decet,
803 427 865 469 cum
876 411 997 471 virtutes
1013 413 1097 474 etiem

99 497 185 574 ipsae
200 492 322 565 taedium
339 494 450 569 pariant
465 492 519 549 nisi
538 494 630 568 gratia
649 493 797 553 varietatis
814 493 936 554 adiutae.

185 560 400 635 membrorum
391 577 604 654 incisorumque
619 577 748 636 iunctura
765 594 821 636 non
837 594 872 637 ea
882 578 967 637 modo
985 589 1030 639 est
1046 578 1096 638 ols-
1085 591 1140 644 -el

100 644 244 720 servand'a
267 676 342 737 qnae
362 658 517 718 verborum
525 677 717 738 ‚quanquam
739 670 769 720 et
795 661 823 720 in
849 661 893 720 his
916 672 1044 722 extrema
1064 680 1098 723 ac

100 746 193 823 prima
209 751 328 811 coeunt3
351 743 404 802 sed
418 743 568 820 plurimum
585 744 676 803 refert
691 746 924 822 compositionis,
947 765 1020 825 quae
1037 747 1097 845 qni·

100 830 156 888 bus
172 835 339 905 anteponas.
383 825 455 886 Nam
470 835 499 886 et
512 845 635 888 comens
647 827 755 907 frustis
777 830 937 890 accedentis
951 833 1099 908 precatum

100 930 190 973 wem
203 919 233 972 et
246 920 337 972 tntum
351 912 486 972 tribuant
496 912 631 989 implevit
635 936 650 983 ,·
664 920 694 971 et
709 920 808 971 contra
825 912 903 989 (nam
918 913 1097 992 frequentius

100 1003 166 1055 ntar
179 995 280 1054 iisdem
292 995 469 1054 diversarum
482 1012 598 1074 quoque
612 1013 709 1054 rernm
721 996 877 1073 exemplis,
897 1013 955 1075 quo
971 1000 1026 1057 sint
1040 1015 1097 1056 rna·

3 1122 6 1135 .
99 1080 147 1156 gis
162 1078 326 1157 familiaria)
343 1077 432 1138 Sacra
446 1087 536 1158 utque
548 1081 725 1140 solitudines
738 1081 806 1140 ecci
822 1083 1023 1158 respondeat,
1044 1082 1096 1142 bc·
1160 1076 1164 1087 Χ

98 1163 179 1224 sta'oe
204 1179 299 1238 saepe
322 1165 469 1223 immunes
494 1171 588 1223 cantu
611 1159 774 1240 flectuntur
799 1170 890 1242 atqua
920 1168 1096 1239 consistam,

98 1246 191 1321 magis
206 1245 390 1322 insurgebat,
404 1247 431 1305 si
447 1255 625 1314 verteretur;
642 1263 706 1306 narn
721 1246 786 1325 plus
802 1256 847 1305 est
863 1264 932 1307 saxa
947 1265 1030 1326 qnam
1045 1248 1094 1307 be·

100 1330 172 1389 stirs
189 1331 382 1404 commoveri,
397 1332 466 1389 vicit
480 1338 574 1389 tamen
592 1331 809 1408 compositionis
825 1330 924 1390 decor.

185 1412 243 1472 Sed
264 1421 441 1472 transeamus
461 1413 496 1472 ad
516 1430 693 1473 numeros.
737 1413 834 1472 Omnis
850 1423 992 1474 structura
1007 1431 1042 1473 ac
1058 1412 1097 1474 di·
1091 1425 1138 1481 45

1 1490 4 1499 ’
99 1495 211 1555 mensio
236 1505 266 1554 et
287 1496 434 1594 copulatio
453 1513 558 1556 vocum
584 1506 698 1557 constat
725 1507 773 1558 aut
796 1502 922 1559 numeris
948 1499 1097 1577 (numeros

101 1570 235 1660 ῥυθμοὺς
249 1581 342 1657 accipi
335 1580 441 1678 nolo)
465 1588 513 1640 aut
527 1578 641 1658 μέτροις
659 1581 688 1641 id
709 1591 754 1641 est
773 1581 950 1642 dimensione
966 1582 1095 1661 quadam.

186 1661 289 1739 Quod,
312 1664 422 1722 etiamsi
439 1673 553 1724 constat
568 1674 720 1742 utrumqne
735 1665 875 1744 pedibus,
900 1666 987 1726 habet
1002 1676 1097 1730 tamen

100 1764 158 1807 non
180 1747 340 1824 simplicem
365 1747 563 1807 differentiam
608 1747 679 1808 Nam
700 1750 838 1824 rhythmi,
866 1750 894 1809 id
916 1759 962 1809 est
975 1752 1139 1825 numeriae

1 1888 3 1906 q
100 1830 196 1910 spatio
216 1840 375 1907 temporum
390 1840 537 1907 constant
557 1841 648 1892 metra
669 1834 754 1892 etiam
770 1832 884 1900 ordine;
908 1833 1033 1935 ideoque
1056 1834 1096 1893 al·

1 1919 3 1992 ζ
75 1923 192 1978 ¹terum
220 1932 288 1976 esse
309 1916 472 1993 quantitatis
493 1915 612 1976 videtur
636 1916 757 1977 alterurn
780 1916 934 1994 qualitatis.
972 1909 1098 1995 Ῥυθμὸς

1 2060 2 2063 ,
101 2007 148 2059 est
162 2008 209 2058 aut
223 2017 276 2077 par
293 2009 323 2059 ιιι
338 1999 528 2076 dactylus,
543 2018 598 2059 una
609 2002 683 2059 enim
695 2001 807 2076 syllaba
822 2017 874 2078 par
889 2010 935 2060 est
948 1999 1096 2077 brevibus,

1 2083 3 2161 ᾖ
103 2081 165 2159 (est
191 2083 304 2160 quidem
328 2085 372 2143 vis
393 2083 494 2143 eadem
515 2093 544 2144 et
569 2085 634 2144 aliis
654 2084 797 2164 pedibus,
825 2084 877 2144 sed
901 2102 1005 2145 nomen
1016 2084 1138 2154 illudat

1 2237 2 2245 ἵ
102 2174 196 2233 tenct;
219 2166 334 2243 longam
349 2184 417 2227 esse
432 2168 551 2227 duorum
565 2177 743 2246 temporum,
760 2168 878 2229 breuem
893 2171 991 2245 nnius,
1011 2170 1096 2229 etiarn

101 2251 185 2329 pueri
206 2251 313 2330 sciunt)
336 2260 384 2311 aut
410 2252 569 2330 sescuplex
594 2261 625 2312 nt
649 2268 784 2331 paeon,
808 2270 871 2311 cunr
898 2254 935 2312 sit
956 2271 994 2314 ex
1007 2253 1096 2329 longe

101 2341 132 2392 et
155 2332 246 2392 tribus
267 2334 420 2411 brevibus,
443 2338 549 2414 quique
567 2336 593 2395 ei
615 2337 774 2396 contrarius
790 2353 827 2395 ex
849 2335 939 2396 trihus
960 2337 1095 2396 brevibus

101 2425 132 2476 et
147 2416 250 2494 longa,
266 2419 314 2477 vel
329 2419 387 2478 alio
402 2419 616 2498 quoquomodo
631 2429 661 2480 ιιι
672 2428 802 2498 tempora
817 2421 871 2480 tria
885 2420 921 2479 ad
932 2421 989 2481 dno
1004 2421 1097 2481 relata

101 2501 268 2578 sescuplum
279 2503 398 2570 laciant;
412 2513 460 2563 aut
474 2503 597 2582 duplex,
614 2512 645 2563 ut
663 2503 801 2564 iambus
815 2505 894 2582 (nam
905 2513 951 2563 est
966 2522 1004 2564 en
1014 2504 1095 2564 brevi

101 2592 132 2643 et
145 2583 249 2664 longa)
270 2587 374 2664 quique
394 2596 439 2646 est
462 2588 490 2646 ei
508 2588 677 2647 contrarius.
721 2588 793 2648 Sunt
808 2588 837 2646 hi
858 2596 888 2647 et
911 2589 1022 2648 metrici
1042 2603 1092 2666 pe·
1104 2597 1138 2652 48

100 2667 172 2743 des,
197 2669 249 2728 sed
275 2669 331 2729 hoc
358 2671 494 2746 interest,
524 2671 601 2750 quod
621 2671 752 2746 rhythmo
774 2672 939 2732 indifferens
960 2680 1021 2746 est,
1044 2672 1093 2731 da-

102 2751 234 2825 ctylusne
255 2752 305 2812 ille
320 2754 433 2830 priores
455 2754 559 2814 habeat
580 2754 686 2814 breves
702 2773 737 2815 an
757 2764 924 2832 sequentes.
971 2753 1095 2831 Tempus

28 2865 31 2870 -
101 2836 176 2895 eninr
192 2835 284 2894 solum
299 2837 429 2912 metitur,
447 2845 479 2895 ιιι
493 2855 510 2897 a
522 2837 683 2899 sublatione
694 2839 730 2898 ad
741 2840 913 2917 positionem
925 2836 1000 2896 idem
1012 2838 1096 2915 spatii

100 2919 149 2978 sit
192 2918 314 2979 Proinde
335 2919 391 2979 alia
413 2920 552 2980 dimensio
576 2930 622 2982 est
642 2939 793 2990 versuum
815 2938 868 2999 pro
891 2920 1007 2995 dactylo
1028 2922 1096 3001 poni

101 3017 159 3061 non
177 3003 283 3079 poterit
299 3012 471 3102 anapaestus
494 3014 542 3064 aut
561 3006 723 3083 spondeus,
747 3022 803 3065 nec
819 3021 914 3083 paeon
930 3004 1031 3063 eadem
1050 3021 1095 3064 rn-

101 3085 181 3144 tione
199 3084 335 3145 brevibus
360 3087 477 3165 incipiet
494 3106 530 3148 ac
550 3090 673 3149 desinet
713 3088 817 3168 Neque
832 3087 926 3147 solum
943 3088 1027 3148 alium
1042 3094 1137 3166 pr049

101 3167 159 3228 alio
175 3169 277 3245 pedem
291 3179 447 3230 metrorum
461 3173 535 3231 ratio
551 3189 608 3231 non
624 3174 729 3251 recipit
744 3172 797 3232 sed
816 3190 853 3231 ne
873 3171 1017 3272 dactylum
1035 3174 1094 3250 qni·

100 3250 167 3310 deor
182 3262 229 3311 aut
245 3253 320 3313 forte
335 3254 494 3332 spondeum
511 3256 633 3316 alterum
651 3274 704 3334 pro
720 3257 823 3316 altero.
860 3255 961 3335 ltaque
976 3258 1000 3315 si
1015 3258 1094 3336 quin·

101 3351 160 3413 qne
175 3338 325 3396 continuos
343 3337 492 3414 dactylos,
508 3339 605 3399 utfit
597 3358 625 3399 ιιι
641 3339 692 3399 illo
777 3339 779 3345 '
1094 3369 1096 3374 ⁴

205 3417 357 3483 Panditur
373 3425 492 3484 interea
508 3424 616 3485 domus
629 3425 837 3501 omnipotentis
853 3422 973 3503 Olympi

102 3501 275 3564 confundas:
297 3504 421 3566 solveris
436 3508 561 3567 volsum.
605 3507 677 3567 Sunt
699 3516 728 3568 et
745 3507 795 3568 illa
815 3508 994 3583 discrimina,
1017 3506 1136 3586 quadiu
