2434 3925
299 260 553 309 memorandos.
569 259 639 307 LIB.
655 260 697 325 11,
713 254 754 309 14.
772 258 814 310 15.

149 412 241 492 lgitur
252 414 399 473 rhetorice
424 414 504 492 (iam
527 416 600 474 enirn
622 417 684 473 sine
702 423 779 474 metu
797 413 988 475 cavillationis
1002 424 1092 478 nte-5

64 518 127 560 mur
141 499 197 559 hac
212 498 425 578 appellatione)
441 500 494 573 sic,
510 507 540 556 ut
554 501 668 576 opinor,
684 500 792 575 optime
812 497 965 575 dividetur,
980 508 1010 559 ut
1025 500 1062 559 de

64 592 166 657 arte,
189 582 226 642 de
246 582 419 657 artifice,
441 582 478 641 de
498 599 613 660 opere
636 582 772 642 dicamus.
810 580 964 658 Arserit,
988 600 1063 661 quae

63 665 220 744 disciplina
237 667 350 745 percipi
367 666 468 734 dehet;
485 684 519 726 ea
537 675 582 725 est
605 666 697 725 hene
718 665 865 725 dicendi
886 668 1060 727 scientia.

63 751 217 811 Artifex
240 759 301 825 εει,
324 752 372 828 qui
392 753 524 828 percepit
545 750 619 809 hanc
641 759 749 824 artem,
775 749 803 809 id
827 759 886 824 est,
916 761 1060 827 orator,

64 838 148 895 cuius
165 842 211 893 est
227 852 333 893 summa
349 833 422 893 hene
438 835 551 903 dicere;
577 852 687 912 opus,
706 834 786 911 quod
804 833 927 893 efficitur
944 834 979 894 ab
995 838 1060 895 arti·

63 920 137 994 lice,
158 919 187 978 id
209 926 269 993 εει,
293 918 383 977 bona
403 920 536 978 oratio.
577 918 657 978 llaec
672 920 765 977 omnia
780 936 878 977 rursus
894 918 1063 980 diducuntur

62 1005 92 1063 in
109 1004 242 1081 species:
262 1002 315 1062 sed
334 1002 383 1062 illa
398 1005 548 1080 sequentia
565 1020 618 1062 suo
634 1002 720 1079 loco,
741 1020 815 1061 nunc
831 1020 905 1080 quae
922 1003 958 1062 de
971 1006 1061 1082 prima

62 1097 150 1167 parte
165 1087 313 1147 tractanda
328 1096 408 1162 sunt,
425 1086 531 1146 ordiar.

216 1238 292 1299 QUID
309 1237 360 1289 SIT
378 1237 564 1290 andronice
580 1238 622 1287 ET
640 1236 713 1297 QUIS
730 1236 803 1289 EIUS
821 1236 915 1291 FlNlS.

150 1334 214 1395 XV.
245 1334 320 1395 Ante
336 1336 445 1411 omnia,
469 1335 537 1414 quid
556 1336 593 1394 sit
607 1335 764 1394 rhetorice.
798 1333 878 1408 Quae
894 1335 988 1394 linitur
1000 1340 1060 1414 qui-

63 1419 131 1482 dem
145 1421 225 1480 varie
240 1418 292 1478 sed
307 1422 506 1497 quaestionem
519 1418 607 1480 habet
622 1419 776 1497 duplicem,
793 1427 841 1478 εει
855 1421 928 1479 enim
941 1419 977 1479 de
992 1438 1059 1497 qua·

63 1505 148 1566 litate
161 1507 252 1582 ipsius
272 1506 316 1563 rei
335 1509 383 1563 ant
403 1503 440 1563 de
460 1504 719 1582 comprehensione
742 1502 895 1563 verborum
917 1504 1059 1564 dissensio

64 1599 120 1650 est.
155 1588 247 1648 Prima
265 1596 351 1665 atque
366 1589 523 1666 praecipua
544 1590 709 1666 opinionum
723 1588 801 1647 circa
816 1587 872 1647 hoc
888 1588 1059 1665 differentia,

64 1672 145 1752 qnod
168 1672 216 1732 alii
237 1671 329 1731 malos
358 1688 473 1750 quoque
499 1673 578 1731 viros
600 1688 691 1749 posse
711 1681 843 1730 oratores
864 1671 920 1731 dici
945 1681 1058 1749 putant;

63 1759 125 1833 alii,
145 1772 265 1835 quorum
279 1772 333 1815 nos
349 1758 510 1816 sententiae
525 1757 699 1831 accedimus,
716 1773 818 1818 nornen
833 1755 890 1815 hoc
902 1764 1059 1834 artemque,

62 1842 102 1902 de
117 1857 175 1919 qua
191 1840 349 1917 loquimur,
366 1840 449 1900 honis
466 1840 577 1900 demum
596 1839 680 1899 tribui
696 1839 805 1898 volunt.
835 1837 941 1897 Eorum
956 1849 1089 1916 autema

64 1928 115 2005 qui
138 1925 253 1986 dicendi
274 1924 440 1985 facultatem
459 1941 477 1986 a
497 1926 606 1985 maiore
629 1943 663 1985 ac
684 1924 774 2000 nragis
801 1923 963 2000 expetenda
984 1925 1060 1984 vitae

62 2011 151 2072 laude
177 2019 346 2084 secernunt,
381 2008 494 2088 quidam
517 2009 683 2069 rhetoricen
712 2011 769 2068 vim
796 2016 917 2081 tantum,
950 2008 1061 2085 quidam

62 2096 217 2154 scientiam
232 2094 285 2154 sed
301 2110 358 2153 non
372 2100 517 2160 uirtutem,
534 2093 646 2171 quidam
657 2111 749 2168 nsum,
765 2091 878 2170 quidam
893 2100 983 2151 artem
998 2094 1059 2169 qui·

62 2179 131 2240 dem
148 2177 201 2237 sed
216 2194 233 2238 a
246 2180 366 2238 scientia
381 2187 411 2238 et
424 2180 530 2238 virtute
546 2177 730 2252 disiunctam‚
755 2176 867 2254 quidam
890 2177 973 2234 etiarn
994 2193 1059 2253 pra·

61 2266 183 2323 vitatem
199 2262 339 2340 menidam
352 2264 437 2337 artis,
453 2261 482 2321 id
497 2271 543 2321 εει
557 2261 756 2339 κακοτεχνίαν,
771 2262 997 2320 nominaverunt.
1026 2258 1089 2323 itia

62 2346 129 2408 fere
145 2355 194 2407 aut
214 2349 243 2406 in
259 2346 460 2425 persuadendo
478 2354 526 2406 ant
546 2348 575 2405 in
598 2346 721 2406 dicendo
741 2355 809 2424 apte
829 2343 865 2404 ad
884 2344 1059 2423 persuaden-

63 2433 132 2492 dum
146 2431 272 2509 positum
287 2431 387 2490 orandi
400 2448 500 2489 mnnns
524 2438 589 2490 snut
603 2430 741 2490 arbitrati.
778 2428 809 2488 ld
832 2431 907 2488 enim
927 2428 989 2488 lieri
1008 2445 1060 2506 po·

63 2524 123 2576 test
135 2514 171 2577 ab
187 2531 225 2574 eo
240 2532 366 2593 quoque,
383 2517 431 2593 qui
445 2516 489 2574 vir
503 2514 594 2573 honus
608 2516 726 2573 nonsit.
757 2512 810 2572 Est
825 2515 912 2590 igitur
925 2512 1060 2589 frequen·

65 2600 191 2660 tissimus
212 2598 292 2676 linis,
308 2600 481 2660 rhetoricen
496 2618 563 2660 cecc
582 2600 641 2659 εἰπε
653 2599 872 2677 ρενεειαάεεείἰ.
904 2595 988 2670 Quod
1002 2611 1060 2671 ego

63 2686 127 2745 εἰει
146 2682 281 2760 appello,
303 2682 436 2761 plerique
453 2691 643 2758 potestatem,
666 2681 795 2742 nonnulli
813 2681 991 2761 facultatem
1009 2696 1060 2738 vo·

67 2775 146 2834 cant;
164 2784 237 2844 quae
249 2785 298 2825 res
312 2785 349 2826 ne
362 2766 429 2845 quid
440 2767 542 2826 alferat
552 2766 753 2844 ambiguitatis,
769 2768 829 2827 cim
843 2765 908 2826 dico
923 2758 1058 2841 δύναμιν.

65 2850 146 2911 llaec
163 2853 261 2929 opinio
278 2853 418 2928 originem
439 2850 475 2910 ah
496 2850 668 2927 Isocrate
691 2851 706 2928 (
712 2853 736 2910 si
756 2859 849 2909 tamon
868 2865 972 2908 revera
992 2847 1089 2923 hrs,4

65 2952 141 3014 qnae
157 2934 367 3010 circumfertur,
384 2937 445 2995 eius
459 2937 519 3015 est)
537 2936 626 2995 duxit.
657 2934 723 3010 Qui,
740 2953 803 2993 curn
818 2933 906 3010 longe
923 2933 960 2990 sit
975 2949 991 2990 ε
1006 2948 1057 2989 vo·

64 3020 175 3081 ln‘ntate
196 3020 387 3079 infamantium
404 3022 527 3080 oratoris
543 3019 656 3092 officia,
671 3018 759 3078 linem'
772 3019 840 3077 artis
858 3026 967 3081 temere
982 3033 1058 3075 com·

63 3102 230 3182 prehendit,
247 3103 347 3164 dicens
363 3123 430 3164 csse
445 3103 611 3162 rhetoricen
622 3103 835 3182 persuadendi
854 3101 1007 3180 opificem,
1031 3098 1059 3158 id

65 3195 113 3247 est
140 3190 264 3259 πειθοῦς
284 3178 476 3267 ὃημιουργόν;
502 3189 696 3265 nequeenim
721 3185 787 3245 mihi
813 3186 991 3263 permiserim
1012 3201 1059 3243 ea·

64 3271 187 3332 dempti
203 3270 407 3346 declinatione,
425 3288 479 3349 qna
494 3269 602 3330 Ennius
622 3269 659 3330 hi.
677 3269 836 3346 Cethegum
850 3269 978 3330 Suadoe
998 3286 1059 3329 me·

65 3356 185 3417 dudem
198 3364 295 3415 vocat.
322 3355 406 3434 Apud
421 3355 568 3416 Platonem
584 3370 699 3432 qnoque
716 3353 838 3431 Gorgias
855 3356 884 3413 in
898 3353 990 3426 libro,
1011 3351 1088 3429 quit

64 3440 180 3499 nomine
201 3441 263 3517 eius
285 3441 438 3518 inscriptus
460 3447 522 3514 εει,
544 3439 619 3498 idem
635 3439 697 3498 fere
713 3438 796 3506 dicit;
819 3436 872 3496 sed
891 3437 964 3496 hanc
977 3434 1059 3495 Plato

64 3524 144 3586 illius
161 3525 326 3602 opinionem
340 3524 402 3584 vult
414 3525 508 3601 accipi
523 3538 580 3581 uon
594 3540 683 3582 suana.
718 3519 824 3581 Cicero
840 3519 968 3599 pluribus
985 3517 1060 3577 locis
