2434 3925
298 293 388 343 mrsu.
407 293 557 344 (manuos
580 294 648 340 ma.
671 294 723 358 111,
751 288 816 343 te
992 279 1050 341 135

2 447 7 530 ι’
59 448 279 512 Lacedaemone
294 448 388 510 studia
403 449 560 509 litterarum
574 465 659 525 quam
676 447 797 508 Athenis
814 442 940 508 honores
958 467 1050 509 mere·

2 533 3 572 l
61 534 184 608 buntur,
212 534 277 611 plus
300 534 436 611 patientia
458 552 492 594 ac
506 531 654 592 fortitudo
698 531 793 617 Rapto
814 534 913 593 vivere
936 533 1051 611 quibus·

60 618 127 678 dam
145 617 311 690 honestum,
333 617 396 676 aliis
419 635 488 677 cura
508 617 615 692 legum.
657 612 818 693 Frugalitas
841 618 915 694 apud
936 616 1051 691 Sybari·

60 711 106 762 tas
127 701 249 760 forsitan
271 660 337 759 odio
354 700 446 777 foret,
468 699 615 760 veteribus
633 699 768 760 Romanis
785 718 921 760 summum
941 701 1050 760 luxuria

61 786 181 844 crimen.
215 783 323 845 Eadem
337 785 365 842 in
382 784 501 862 singulis
519 785 688 845 differentia.
722 783 845 844 Maxime
860 785 939 844 iavet
954 785 1093 859 indenata

62 870 112 946 qui
130 868 186 927 sibi
203 868 345 927 dicentem
362 869 494 929 assentiri
510 877 600 948 putat.
635 868 715 928 ldem
733 869 874 946 praecipit
891 868 962 928 illud
981 885 1050 947 quo-

62 970 138 1030 que,
162 952 255 1030 (qnod
279 968 346 1011 mox
359 950 511 1012 Cornelius
530 952 635 1012 Celsus
658 969 752 1030 prope
766 970 852 1031 supra
875 952 989 1011 modum
1010 953 1051 1010 in-

60 1036 153 1113 vasit)
179 1037 244 1113 quia
265 1037 302 1094 sit
323 1038 462 1113 quaedam
483 1035 634 1096 virtutibus
656 1054 691 1096 ac
708 1037 783 1095 vitiis
801 1036 948 1110 vicinitas,
969 1045 1050 1095 uten-

61 1120 129 1180 dum
139 1121 270 1197 proxima
282 1121 458 1181 derivatione
469 1120 633 1194 verborum,
651 1129 681 1178 ut
699 1137 752 1199 pro
769 1121 922 1180 temerario
935 1119 1050 1195 fortem,

60 1220 116 1283 pro
136 1203 259 1280 prodigo
281 1203 448 1280 liberalem,
474 1221 528 1283 pro
551 1216 638 1265 avaro
660 1221 778 1281 parcum
800 1221 951 1270 vocemus;
977 1222 1051 1282 quae

63 1286 165 1347 eadem
182 1288 266 1346 etiam
288 1296 388 1348 contra
403 1288 510 1348 ualent.
545 1287 629 1361 Quod
647 1287 760 1365 quidem
778 1298 887 1363 orator,
904 1288 932 1348 id
950 1297 995 1347 est
1008 1289 1052 1346 vir

62 1370 173 1446 bonus,
192 1389 332 1449 nunquam
349 1372 448 1448 faciet,
467 1371 522 1431 nisi
535 1371 612 1431 lorte
626 1373 766 1431 communi
783 1372 904 1432 utilitate
920 1372 1049 1431 ducetur.

146 1454 306 1514 Laudentur
322 1464 416 1517 autem
432 1456 541 1515 urbes
559 1455 690 1515 similiter
708 1464 794 1534 atque
810 1456 950 1516 homines.
981 1454 1053 1515 Nam
1060 1464 1094 1518 26

63 1554 118 1617 pro
140 1548 260 1616 parente
282 1547 327 1598 est
349 1539 491 1615 conditor,
507 1548 544 1621 et
565 1538 681 1599 multum
701 1541 878 1600 auctoritatis
899 1541 983 1600 allert
1002 1558 1051 1599 ve·

62 1630 165 1697 tostas,
187 1631 218 1681 ut
238 1622 293 1697 his,
317 1623 364 1700 qui
388 1632 465 1683 terra
487 1623 619 1684 dicuntur
641 1625 710 1690 orti:
735 1633 764 1683 et
787 1626 907 1684 virtutes
929 1642 964 1684 ac
983 1625 1052 1683 vitia

63 1706 143 1766 circa
158 1722 207 1764 res
224 1715 323 1783 gestas
339 1707 440 1767 eadem
457 1725 531 1785 quae
552 1708 581 1765 in
603 1706 739 1785 singulis,
761 1708 810 1767 illa
828 1709 956 1785 propria,
978 1723 1051 1784 quae

63 1805 101 1849 ex
121 1788 182 1848 loci
203 1790 346 1867 positione
367 1809 402 1851 ac
417 1793 571 1852 munitione
588 1800 662 1851 sunt.
695 1787 782 1850 Cives
799 1792 857 1852 illis
881 1800 911 1850 ut
933 1790 1051 1850 homini·
1092 1781 1103 1875 ι’

1 1909 2 1942 ι
60 1873 115 1933 bus
140 1872 224 1933 liberi
245 1875 354 1935 decori.

147 1955 201 2017 Est
218 1956 279 2018 laus
302 1968 330 2018 et
352 1976 520 2038 operum,
544 1959 572 2018 in
591 1958 693 2038 quibus
711 1958 820 2033 honor,
840 1958 966 2034 utilitas,
988 1956 1093 2038 pul-27

63 2040 211 2117 claritudo,
235 2051 335 2102 auctor
357 2044 484 2122 spectari
507 2044 592 2103 solet.
626 2043 725 2104 Honor
743 2053 774 2102 ut
795 2043 824 2101 in
844 2042 975 2121 templis,
998 2043 1051 2101 uti-

60 2125 129 2185 litas
150 2134 180 2184 ut
203 2126 231 2185 in
247 2129 345 2200 muris,
369 2127 551 2205 pulchritudo
569 2126 618 2187 vel
639 2136 740 2187 auctor
756 2128 919 2205 utrobique
954 2125 1008 2186 Est
1023 2134 1053 2185 et

62 2209 247 2285 locorum,
273 2211 364 2289 qualis
387 2212 503 2271 Siciliae
526 2212 600 2311 appd
624 2210 813 2287 Ciceronem,
836 2210 989 2289 inquibus
1014 2213 1051 2269 si·

61 2292 168 2353 militer
186 2295 314 2392 speciem
337 2303 366 2354 et
391 2296 542 2355 utilitatem
566 2297 719 2363 intuemur;
742 2297 870 2375 speciem
892 2295 1050 2368 maritimis,

62 2378 174 2456 planis,
197 2379 337 2446 amoenis;
366 2370 515 2438 utilitatem
537 2379 717 2455 salubribus,
740 2378 892 2440 fertilibus.
938 2377 1000 2438 Erit
1022 2387 1052 2438 et

63 2461 203 2521 dictorum
222 2455 406 2522 honestorum
424 2463 621 2542 laetorumque
638 2463 700 2523 laus
714 2464 870 2540 generalis,
891 2465 945 2523 erit
962 2472 991 2522 et
1005 2481 1050 2521 re·

63 2562 123 2604 rum
146 2545 236 2604 omnis
258 2547 344 2606 modi.
382 2546 453 2606 Nam
476 2555 504 2606 et
525 2548 617 2606 somni
638 2556 668 2606 et
685 2549 783 2607 mortis
808 2548 934 2625 scriptae
950 2545 1094 2607 laudest8

64 2637 93 2687 et
114 2629 290 2707 quorundam
311 2630 460 2690 amedicis
483 2630 621 2690 ciborum.

145 2712 262 2791 Itaque,
292 2723 323 2774 ut
350 2731 407 2772 non
432 2715 566 2774 consensi
588 2713 645 2774 hoo
667 2712 838 2774 laudativum
858 2731 950 2791 genus
974 2715 1051 2773 cirea

63 2795 156 2856 uolam
177 2798 287 2856 versari
308 2798 421 2858 honesti
451 2799 669 2875 quaestionem,
698 2800 742 2857 sic
766 2798 902 2877 qualitate
930 2799 1051 2857 maxime

63 2881 204 2939 contineri
226 2889 311 2959 puto;
335 2899 493 2960 quanquam
511 2890 570 2941 tres
587 2890 677 2942 status
698 2899 797 2941 omnes
816 2881 921 2940 eadere
944 2882 972 2939 in
994 2882 1052 2941 hoe

62 2978 138 3040 opus
158 2965 280 3042 possint,
305 2966 408 3043 hisque
427 2983 508 3024 usum
527 2962 560 3024 G.
577 2963 733 3026 Gaesarem
747 2967 776 3025 in
792 2963 980 3041 vituperando
997 2962 1051 3026 (la-

60 3052 130 3105 tone
153 3049 295 3108 notaverit
311 3047 424 3108 Cicero.
469 3048 571 3109 'lotum
598 3059 692 3109 autem
719 3048 806 3108 habet
830 3047 938 3126 aliquid
959 3050 1056 3109 simile

59 3132 217 3273 cupsoriis,
246 3133 312 3211 quia
334 3133 504 3213 plerumque
527 3133 628 3193 eadem
652 3132 714 3194 illic
734 3132 849 3193 suaderi
873 3130 921 3192 hic
942 3133 1051 3193 laudari

59 3230 95 3273 ao
109 3222 167 3274 ent.

284 3369 326 3419 DE
340 3368 506 3423 SUASORIA
522 3369 563 3420 ΕΤ
578 3367 831 3424 PROSOPOPOEIA.

143 3448 221 3510 Vlll.
246 3449 520 3512 Deliberativas
540 3469 655 3530 quoque
674 3453 761 3511 miror
778 3452 971 3530 aquibusdam
987 3450 1050 3511 sola

57 3532 183 3595 utilitate
205 3534 307 3596 linitas.
358 3535 403 3596 Ac
430 3538 455 3595 si
478 3535 545 3615 quid
565 3535 656 3605 inhio
678 3554 762 3595 unum
785 3537 867 3614 aequi
888 3543 1048 3616 oporteret,
