2434 3925
156 214 197 280 88
466 230 831 291 n.nsa.uumr1cmu1

155 387 288 446 virtutem
303 394 481 465 putaverunt.
518 385 561 445 lta
582 386 656 443 enim
680 384 748 444 dicit
768 386 821 463 (nt
842 386 914 465 ipsis
931 403 1030 447 eornm
1046 388 1155 448 verbis

155 480 234 546 utar,
255 472 302 547 qui
322 469 395 530 haec
416 488 452 529 ex
474 468 585 530 Graeco
608 467 843 549 transtulerunt):
865 468 929 532 Ars
944 474 1104 532 inventrix
1123 482 1155 533 et

154 555 324 615 iudicatis
342 564 370 616 et
386 556 556 614 nuntiatrix
570 554 688 615 decenti
705 562 815 614 ornatu
833 558 1001 617 secundum
1015 559 1153 618 menno

155 657 223 699 nera
237 639 311 713 eiua
326 639 408 716 quod
421 639 454 698 in
469 653 527 715 quo
547 657 587 698 ue
604 644 703 715 potest
714 639 792 697 sum
804 639 1017 716 persuasibile,
1031 642 1064 700 in
1079 660 1151 700 rna·

114 724 232 783 maesto
247 724 337 787 ciuili.
376 722 505 800 Itemque
527 654 726 780 darsellus
743 717 893 797 Celsus,
914 726 961 800 qui
978 724 1062 782 linem
1080 724 1151 783 rhe-

99 869 105 880 ,
154 807 261 865 toriees
283 808 322 865 ait
341 808 446 867 diceri
463 806 708 884 persuasibiliter
725 806 758 864 in
782 806 877 867 dubio
898 808 979 868 civili
1002 810 1150 868 materia.

155 888 263 962 Quibus
279 898 343 949 sunt
358 906 414 949 non
430 889 600 970 dissimiles,
618 890 665 967 qui
683 889 718 948 ah
733 888 797 948 aliis
812 891 973 960 traduntnr;
991 892 1086 969 qualis
1103 901 1151 952 est

153 973 219 1049 ille,
245 972 297 1035 Vis
317 976 444 1036 uidendi
462 982 492 1036 et
505 974 665 1051 eloquendi
685 974 726 1034 de
739 975 832 1035 redas
845 975 985 1036 civilibus
997 976 1147 1036 subiectis

152 1058 211 1119 sihi
226 1077 294 1119 cum
308 1061 443 1136 quodam
459 1058 662 1137 persuasione
682 1064 711 1117 et
730 1059 861 1135 quodum
881 1061 1019 1138 eorporis
1037 1059 1149 1120 habitu

111 1150 180 1203 idel
195 1161 308 1219 mrum,
325 1158 405 1220 quae
420 1144 518 1218 dicet,
536 1142 788 1220 pronuntiatione.
821 1142 900 1202 hille
921 1144 992 1218 alie,
1019 1143 1071 1202 sed
1096 1153 1148 1202 aut

154 1225 253 1285 eadem
267 1235 314 1285 aut
330 1245 367 1285 ex
382 1226 489 1285 eisdem
506 1227 680 1303 composita3
704 1226 810 1303 quihus
827 1229 905 1302 item,
923 1245 985 1286 cum
1001 1227 1037 1287 de
1051 1237 1146 1286 mate-

153 1311 194 1368 ria
209 1310 370 1369 rhetorices
385 1309 534 1370 dicendum
558 1312 627 1385 erit,
651 1310 898 1387 respondebimus.
935 1310 1055 1383 Quidam
1078 1328 1145 1370 eam

152 1410 246 1470 neque
268 1395 323 1452 vim
345 1412 439 1471 neque
463 1395 610 1453 scientiam
637 1410 731 1469 neque
755 1403 845 1453 artem
868 1403 1054 1473 putaverunt,
1089 1397 1144 1455 sed

153 1474 339 1536 Critolaus
357 1497 444 1539 usum
456 1478 580 1539 dicendi
596 1477 675 1555 (nam
687 1470 1013 1570 hcccpsttdsignificat),
1026 1477 1144 1538 Athe-

152 1577 263 1619 naeus
285 1561 416 1639 fullendi
429 1570 536 1622 artem
592 1599 595 1604 ·
1203 1577 1206 1582 ’

110 1653 145 1705 24
234 1644 368 1723 Plerique
395 1655 506 1720 autem,
533 1645 597 1704 dum
624 1663 715 1723 pauca
744 1663 782 1704 ex
801 1643 906 1722 Gorgia
929 1645 1101 1705 Platonis
1125 1664 1142 1705 a

152 1727 294 1806 prioribus
314 1731 445 1807 imperite
466 1739 604 1807 excerpta
627 1730 728 1806 legere
754 1731 880 1788 contenti
902 1747 997 1807 neque
1018 1729 1075 1788 hoc
1096 1738 1142 1788 to·

150 1821 208 1871 tum
224 1830 318 1890 neque
334 1814 389 1873 alia
404 1816 465 1874 eius
479 1814 624 1873 volumina
639 1814 785 1889 evolvunt,
801 1814 830 1872 in
847 1816 996 1872 maximum
1011 1830 1142 1872 errorem

150 1896 323 1974 inciderunt,
347 1900 523 1978 creduntque
539 1916 603 1957 eum
619 1900 646 1957 in
661 1898 715 1957 hac
735 1915 801 1957 esse
819 1899 970 1977 opinione,
992 1906 1023 1956 nt
1042 1896 1141 1957 rheto-

149 1983 230 2042 ricen
250 2000 306 2041 non
328 1993 417 2043 artem
443 1985 496 2043 sed
515 1984 657 2062 peritiam
677 1984 833 2061 quandam
851 1985 972 2061 prauae
992 2001 1031 2043 ao
1054 1985 1141 2044 oola·

109 2069 242 2144 25ptotis
262 2070 421 2137 existimet;
445 2078 474 2127 et
497 2068 554 2127 alio
571 2068 639 2127 loeo
657 2068 811 2129 civilitatis
821 2068 998 2146 particulae
1011 2068 1138 2128 simula

150 2169 235 2211 erum
265 2160 295 2210 et
321 2160 462 2229 quartam
484 2161 605 2230 partem
624 2152 825 2228 adulationis,
851 2151 927 2228 quod
950 2151 1020 2209 duas
1040 2160 1139 2229 partes

151 2233 295 2292 civilitatis
312 2237 428 2313 corpori
443 2237 588 2311 assignet,
609 2236 777 2294 medicinam
798 2244 827 2294 et
851 2253 933 2313 quam
948 2236 1140 2313 interpretan-¹

149 2325 195 2375 tur
216 2319 462 2394 exercitatricem,
492 2319 561 2380 duas
588 2321 697 2394 animo,
725 2318 851 2395 legalem
877 2328 964 2395 atque
989 2319 1136 2385 iustitiam:

150 2399 340 2460 adulationem
352 2412 444 2461 autem
455 2403 613 2467 medicinae
624 2410 712 2462 vocet
726 2419 861 2463 cocorum
877 2403 1036 2475 artificium,
1053 2421 1136 2461 exer-

150 2486 285 2544 citatricis
300 2502 483 2562 mangonum,
503 2489 549 2565 qui
565 2487 695 2546 colorem
717 2487 785 2546 icco
801 2496 830 2546 et
845 2505 945 2546 verum
960 2486 1048 2544 robur
1062 2487 1136 2544 inani

149 2570 247 2644 sagina
262 2571 445 2639 mentiantur;
461 2572 564 2647 legalis
581 2571 802 2646 cavillatricem,
819 2572 942 2630 iustitiae
960 2570 1134 2629 rhetoricen.

107 2650 229 2724 tdssuae
247 2656 337 2712 omnia
354 2664 419 2714 sunt
434 2657 548 2732 quidem
569 2656 677 2733 scripta
696 2657 724 2714 in
737 2655 795 2714 hoc
810 2654 884 2715 libro
902 2654 1035 2730 dictaque
1051 2671 1066 2712 a
1083 2654 1134 2713 Sc-

149 2745 243 2811 crate,
266 2740 346 2796 cuius
367 2755 492 2816 persona
511 2738 626 2798 videtur
647 2738 728 2798 Plato
751 2739 913 2815 significare
935 2738 1002 2815 quid
1018 2740 1134 2805 sentiat3

148 2820 199 2881 sed
214 2823 262 2881 alii
278 2831 342 2881 sunt
360 2825 420 2882 eius
431 2839 580 2882 sermones
591 2824 627 2883 ad
640 2823 852 2921 coarguendos,
869 2824 917 2900 qui
929 2830 1029 2881 contra
1041 2822 1134 2921 dispu-

147 2912 217 2980 tant,
236 2908 398 2985 compositi,
417 2924 490 2984 quos
510 2898 825 2985 itepncsnougvocant,
842 2908 889 2966 alii
905 2906 940 2964 ad
956 2907 1133 2983 praecipien-
1210 2936 1211 2987 p

106 2993 139 3048 2⁷
146 2988 227 3064 dum,
249 2992 297 3069 qui
313 2989 482 3070 δογματικοὶ
496 2991 687 3068 appellantur.
724 2992 861 3051 Socrates
877 2999 970 3050 autem
986 3007 1037 3048 seu
1054 2988 1134 3048 Plato
1210 2994 1211 2997 ’

147 3090 209 3131 eam
223 3074 350 3150 quidem,
375 3093 448 3153 quae
464 3084 522 3134 tum
544 3074 746 3149 exercebatur
762 3075 926 3134 rhetoricen
940 3073 1026 3132 talem
1041 3083 1131 3171 putat,

146 3174 209 3216 nam
226 3166 255 3216 et
268 3158 337 3217 dicit
348 3159 391 3218 his
406 3158 505 3218 verbis
523 3161 627 3218 τοῦτον
646 3152 698 3218 τὸν
713 3151 836 3237 τρόπον,
856 3150 892 3219 ὃν
907 3150 989 3234 ὑμεῖς
1004 3150 1132 3216 notueri-

146 3245 224 3318 εσθε,
241 3259 340 3301 reram
357 3252 450 3301 autem
465 3252 494 3302 et
509 3243 659 3303 honestam
673 3243 818 3342 intelligit
838 3242 960 3340 ltaque
976 3242 1130 3339 disputatio

145 3325 196 3385 illa
212 3335 312 3385 contra
328 3324 453 3402 Gorgian
467 3329 505 3386 ita
522 3326 678 3401 clauditur,
699 3317 809 3386 οὔκουν
829 3317 945 3404 ἀνάγκη
955 3317 1006 3384 τὸν
1021 3323 1130 3423 ρητορι-

146 3400 200 3470 κᾶν
217 3410 331 3470 δίκαιον
348 3403 436 3483 εἶναι,
455 3401 584 3470 sistit
584 3410 682 3470 inusou
697 3402 900 3488 poitssecsdl
898 3432 969 3469 nutu
983 3402 1128 3489 rapuissem
1210 3430 1211 3447 ³

104 3493 189 3554 ⁰⁰*d
214 3495 294 3574 quod
316 3493 367 3554 ille
394 3494 508 3572 quidem
535 3496 721 3570 conticescit,
749 3496 802 3555 sed
828 3511 989 3554 sermonem
1014 3494 1128 3572 suscipit
