2434 3925
128 222 169 285 56
338 203 344 218 ’
435 235 472 282 m.
494 234 572 282 naa.
595 232 815 293 Qumrmmur

127 388 181 449 bus
203 390 279 450 curis
299 388 386 449 horas
408 385 582 467 partiamur?
605 405 669 447 cum
689 388 862 465 praesertim
883 388 995 449 reiciat
1014 390 1132 449 animos
1167 455 1173 470 ι

106 479 163 534 'ac
183 482 300 551 reparet
314 475 439 532 varietas
454 475 533 551 ipsa,
563 481 722 548 contraque
744 473 781 531 sit
809 472 955 549 aliquanto
976 473 1130 534 difficilius

128 548 166 616 in'
177 557 278 616 labore
297 574 352 616 uno
372 574 572 636 perseverare.
617 555 687 615 ldeo
707 565 736 614 et
760 556 843 615 stilus
862 556 989 616 lectione
1007 560 1128 635 requie-

100 642 199 715 5scit,
222 650 251 700 et
272 642 362 718 ipsius
385 641 518 701 lectionis
541 640 666 700 taedium
693 639 807 698 vicibus
830 639 951 699 levatur.
997 640 1129 714 Quamli-

127 725 178 784 bet
199 725 286 784 multa
313 724 480 801 egerimus,
498 724 621 803 quodam
643 732 738 782 tamen
758 723 844 783 modo
869 733 1005 784 recentes
1027 744 1129 784 sumus

129 809 211 869 adid
231 809 307 886 quod
327 810 486 887 incipimus.
532 807 603 881 Quis
622 824 679 866 non
693 806 810 867 obtundi
827 817 942 885 potest,
967 810 991 867 si
1012 827 1066 887 per
1081 819 1129 868 to·

128 901 186 951 tum
206 893 281 952 diem
305 895 500 971 cuiuscunque
523 893 592 950 artis
613 910 697 950 unum
716 892 882 967 magistrum
906 890 1002 952 ierat?
1033 892 1128 952 liuta·

128 978 205 1036 tione
228 977 406 1036 recreabitur
427 979 502 1036 sicut
517 977 545 1034 in
561 974 650 1050 cibis,
674 993 795 1053 quorum
814 973 981 1035 diversitate
997 977 1129 1036 relicitur

99 1061 291 1120 ostomacbus
319 1069 349 1119 et
378 1060 507 1139 pluribus
536 1060 647 1118 minore
672 1059 790 1119 fastidio
809 1059 903 1119 alitur.
947 1059 1006 1119 Aut
1028 1061 1128 1120 dicant

127 1146 174 1203 isti
191 1144 275 1220 milri,
300 1162 374 1221 quae
392 1147 428 1203 sit
450 1145 506 1204 alia
524 1144 596 1203 ratio
614 1143 754 1203 discendi.
796 1143 986 1203 Grammatico
1001 1144 1058 1203 soli
1075 1145 1127 1204 de·

127 1230 302 1302 serviamus,
335 1228 437 1288 deinde
462 1237 632 1305 geometrae
658 1236 781 1287 tantum:
820 1229 983 1287 omittamus
1005 1230 1127 1289 'interim

36 1381 44 1396 .
128 1312 375 1389 quoddidicimus;
387 1329 454 1372 mox
466 1311 687 1378 transeamusad
696 1312 850 1371 musicum:
864 1311 999 1370 excidant
1009 1314 1126 1389 priora;

129 1404 157 1454 et
180 1414 242 1455 cum
254 1395 359 1455 Latinis
372 1394 547 1455 studebimus
562 1395 685 1469 litteris,
702 1413 760 1455 non
778 1397 968 1473 respiciamus
984 1396 1020 1454 ad
1035 1396 1126 1455 Grae·

130 1496 193 1546 cas;
217 1488 262 1554 et,
285 1488 315 1537 ut
341 1480 432 1538 semel
454 1479 558 1554 finiam,
592 1479 663 1539 uihil
684 1479 823 1541 faciamus
843 1480 898 1538 nisi
919 1476 1126 1539 novissimum?
1152 1500 1155 1505 ’

99 1560 186 1626 lcur
205 1580 262 1621 non
283 1564 358 1622 idem
381 1562 532 1622 suademus
548 1563 701 1639 agricolis:
724 1582 761 1623 ne
779 1582 847 1623 arva
861 1563 946 1623 simul
968 1572 999 1622 et
1023 1565 1126 1623 vineta

128 1655 157 1704 et
172 1647 253 1706 oleas
275 1655 304 1705 et
321 1647 465 1706 arbustum
484 1647 580 1708 colant
588 1645 602 1715 ;“
620 1665 657 1706 ne
678 1649 769 1726 pratis
788 1656 818 1706 et
837 1647 994 1726 pecoribus
1010 1656 1040 1707 et
1056 1647 1126 1706 bor·

127 1731 163 1788 tis
182 1740 211 1789 et
232 1730 394 1790 alvearibus
416 1731 573 1809 avibusque
589 1732 808 1791 accommodent
831 1727 946 1790 curam?
987 1729 1045 1790 Gur
1066 1733 1126 1809 ipsi

128 1813 233 1892 aliquid
250 1814 412 1874 forensibus
430 1816 572 1892 negotiis,
596 1815 704 1893 aliquid
721 1815 872 1875 desideriis
888 1816 1054 1889 amicorum,
1071 1815 1126 1874 ali·

128 1899 194 1976 quid
217 1899 374 1960 rationibus
391 1899 572 1975 domesticis,
599 1899 706 1978 aliquid
728 1918 815 1973 curae
836 1900 980 1980 corporis,
994 1898 1126 1958 nonnihil

125 1984 320 2062 voluptatibus
336 1985 442 2044 cotidie
463 1981 585 2045 damus?
614 2002 733 2061 quarum
756 2001 809 2043 nos
828 2003 884 2044 una
905 2003 953 2043 res
977 1982 1127 2061 quaelibet

125 2067 196 2127 nibil
220 2070 438 2127 intermittentes
459 2069 606 2145 fatigaret.
651 2068 735 2128 Adeo
760 2068 874 2128 facilins
901 2077 946 2128 est
967 2066 1059 2127 multa·
1080 2066 1124 2128 fa·

74 2162 80 2175 *
129 2169 197 2210 cere
217 2170 301 2229 quam
320 2152 376 2211 din.

101 2243 127 2297 δ’
211 2234 285 2294 lllud
311 2235 426 2313 quidem
449 2236 560 2295 minime
582 2235 739 2295 verendum
759 2244 821 2311 est,
851 2255 888 2296 ne
911 2234 1040 2295 laborem
1063 2243 1125 2294 stu·

127 2320 236 2379 diorum
255 2321 338 2397 pueri
359 2319 502 2378 difficilius
518 2320 655 2393 tolerent,
678 2321 867 2397 nequeenim
889 2319 949 2379 nlla
971 2329 1053 2378 aetas
1070 2319 1123 2377 mi·

125 2422 178 2465 nus
199 2402 344 2480 fatigatur.
388 2401 489 2463 Mirum
502 2405 539 2463 sit
561 2404 692 2477 forsitan,
716 2404 769 2463 sed
783 2406 993 2482 'experimentis
1016 2403 1122 2480 depre

98 2486 244 2550 bbendas.
288 2485 360 2547 Nam
382 2496 410 2546 et
434 2487 574 2547 dociliora
594 2496 659 2546 sunt
685 2489 816 2565 ingenia,
840 2490 1006 2567 priusquam
1031 2485 1122 2547 obdu·

126 2579 253 2630 ruerunt.
297 2569 328 2630 ld
343 2572 392 2630 vel
411 2571 467 2631 boc
485 2580 653 2648 argum-ento
668 2581 763 2649 patet,
782 2574 860 2650 quod
878 2573 950 2631 intra
966 2571 1122 2645 biennium,

22 2732 24 2737 Ι
128 2673 212 2733 quam
236 2653 327 2714 verba
357 2664 439 2715 recte
465 2655 591 2716 formare
619 2663 790 2733 potuerunt,
822 2656 952 2734 quamvis
977 2654 1057 2714 nullo
1080 2655 1122 2712 in⁴

127 2747 240 2814 stante,
264 2739 438 2804 omniafere
462 2739 632 2816 loquuntur3
658 2748 686 2800 at
710 2740 832 2799 noviciis
853 2741 958 2801 nostris
978 2758 1032 2818 per
1051 2747 1123 2814 quot

127 2839 216 2882 annos
233 2839 328 2882 sermo
348 2823 462 2883 Latinus
484 2823 643 2901 repugnat!
686 2823 779 2901 blagis
801 2825 900 2899 scias,
919 2824 943 2882 si
962 2841 1047 2901 quem
1065 2824 1122 2881 iarn

125 2905 272 2965 robustum
293 2907 442 2966 instituere
463 2906 565 2966 litteris
589 2909 744 2986 coeperis,
773 2925 830 2967 non
857 2910 919 2967 sine
951 2925 1038 2967 causa
1064 2906 1122 2965 dici

125 2990 318 3068 παιδομαθεῐς
340 3007 408 3066 eos,
436 2992 484 3068 qni
510 2993 539 3049 in
562 3010 614 3051 sua
643 2993 769 3069 quidque
791 3001 853 3052 arte
873 2993 981 3071 optime
1003 2991 1119 3051 iaciant.

84 3073 162 3139 lollt
182 3076 336 3151 patientior
351 3085 396 3135 est
416 3075 524 3135 laboris
544 3084 644 3135 natura
662 3077 759 3152 pueris
777 3094 861 3154 quam
878 3075 1039 3137 iuvenibus.
1069 3073 1121 3131 Vi·

125 3156 243 3231 delicet,
266 3168 296 3218 ut
317 3162 442 3237 corpora
464 3160 610 3219 infantium
630 3177 684 3218 nec
702 3178 805 3234 casus,
833 3160 937 3239 quoin
950 3169 1056 3218 terram
1074 3166 1120 3216 to·

125 3244 198 3301 tiens
221 3242 403 3318 deferuntur,
426 3252 483 3303 tam
501 3244 630 3321 graviter
650 3243 770 3303 afflictet
793 3262 849 3304 nec
867 3242 922 3304 'illa
946 3261 1001 3321 per
1019 3259 1120 3301 manus

125 3336 154 3386 et
182 3344 277 3402 genua
302 3328 428 3404 reptatio
451 3345 506 3386 nec
533 3336 601 3406 post
627 3326 717 3386 breve
745 3337 857 3405 tempus
886 3327 1012 3388 continui
1039 3326 1120 3386 lusus

125 3419 153 3470 et
178 3413 265 3470 totius
285 3411 343 3472 'diei
367 3412 531 3487 discursus,
552 3412 618 3490 quia
641 3411 753 3489 pondus
780 3412 837 3472 illis
868 3410 951 3471 abest
971 3428 1026 3470 nec
1051 3426 1122 3467 sese

124 3495 184 3551 insi
199 3504 336 3575 granant:
359 3496 402 3555 sic
417 3495 500 3555 animi
521 3495 655 3574 quoque,
679 3496 784 3572 credo,
803 3496 869 3573 quia
884 3496 995 3555 minore
1014 3500 1125 3555 conatu
