2434 3925
170 203 228 269 162
298 196 306 209 '
480 218 607 266 ιιιιιιι.
620 216 838 278 quorumnam

125 369 257 436 ttvisnm
272 378 334 447 est,
357 379 414 431 turn
429 378 482 449 pr'o
497 369 612 448 ligario
630 371 666 431 ad
681 370 882 439 Tuberonem
904 388 968 431 nam
986 380 1048 432 erat
1063 372 1154 435 multo

166 455 260 515 futura
276 455 452 531 languidior,
473 455 498 513 si
516 463 595 514 esset
610 455 695 514 aliter
709 455 840 532 figurata.
876 453 960 528 Quod
976 456 1089 516 facilius
1104 475 1155 518 co·

166 547 299 616 gnoscet,
315 540 340 596 si
356 538 418 616 quis
434 537 512 598 illam
526 547 615 598 totam
631 548 743 616 partem
758 537 1056 615 vehementissimam,
1073 542 1156 602 cuius

166 622 240 682 haec
255 621 347 683 forma
363 631 425 697 est,
446 620 550 684 Habea
568 624 679 702 ipitur,
705 620 833 697 Trahere,
855 623 937 699 quod
958 629 1004 685 eat
1022 640 1155 685 accusa·

166 707 225 767 tori
238 706 370 766 mammo
388 707 573 784 optandum,
595 714 626 765 et
647 714 763 780 cetera,
786 712 936 765 convertat
957 705 993 765 ad
1014 706 1156 777 indicem

166 797 223 848 tum
239 789 313 859 enim
326 804 397 847 vere
414 807 517 849 aversa
530 789 661 849 uideatur
684 789 777 848 oratio
792 797 822 848 et
838 787 976 864 languere
991 790 1034 848 vis
1050 792 1154 866 omnis,

166 872 325 935 dicentibus
343 871 426 932 nobis
446 871 545 937 Habet
558 875 653 951 tpttur
670 871 802 949 Tubero,
824 874 907 949 quod
920 881 965 933 est
979 875 1157 936 accusatori

104 958 297 1037 „sennem
316 957 491 1036 optandum.
531 954 586 1015 lllo
609 957 685 1016 enim
706 956 791 1017 morlo
815 957 921 1033 pressit
941 964 1027 1034 atque
1042 958 1155 1032 institit,

164 1040 222 1101 hcc
237 1049 344 1100 tanturn
358 1041 523 1100 indicasset.
555 1039 639 1114 Quod
651 1040 726 1099 idem
740 1040 769 1097 in
783 1038 991 1114 Demosthene,
1007 1040 1031 1097 si
1047 1040 1156 1100 flexum

152 1123 244 1184 ,illum
260 1126 432 1199 mutaveris,
448 1123 570 1183 accidet
602 1124 614 1201 [
624 1119 718 1197 Quint
740 1139 796 1182 non
812 1122 966 1183 Sallustius
989 1123 1102 1183 directo
1120 1122 1156 1183 ad

166 1204 351 1281 Ciceronem,
372 1208 400 1268 in
422 1224 509 1286 quem
530 1208 623 1284 ipsum
641 1205 773 1281 dicebat,
796 1224 866 1266 usus
881 1214 926 1264 est
942 1206 1103 1284 principio,
1126 1215 1156 1266 et

166 1290 281 1368 quidem
295 1292 441 1368 protinus:
461 1290 604 1351 Graviter
624 1299 653 1350 et
671 1291 775 1367 iniquo
795 1290 896 1351 animo
917 1291 1083 1351 maledicto
1100 1298 1157 1352 tuo

163 1383 305 1452 paterer,
327 1371 435 1436 Marce
456 1372 558 1435 Tulli?
582 1375 657 1433 sicut
679 1370 782 1433 Cicero
803 1372 916 1432 fecerat
936 1371 1156 1435 inCatilinam:

124 1469 158 1523 69
168 1455 330 1535 Quousque
359 1459 482 1519 taudem
507 1457 672 1535 abuteretl
718 1455 778 1532 Ac,
807 1475 843 1515 ne
869 1456 932 1535 quis
958 1455 1156 1535 apostrophen

167 1542 302 1615 miretur,
326 1540 401 1601 idem
424 1539 528 1601 Cicero
550 1558 603 1618 pro
621 1542 731 1601 Scauro
747 1539 867 1600 ambitus
881 1556 949 1614 reo,
972 1556 1047 1618 quae
1066 1557 1156 1599 causa

168 1632 212 1684 est
228 1624 256 1682 in
279 1626 506 1699 commentariis,
523 1624 540 1702 (
547 1643 610 1684 nam
630 1624 675 1683 bis
696 1624 816 1684 eundem
838 1624 985 1702 defendit)
1010 1635 1155 1701 prosopo-

167 1708 253 1787 poeia
275 1707 418 1786 loquentis
442 1725 495 1787 pro
517 1725 570 1773 reo
591 1710 691 1776 utitur;
713 1723 766 1786 pro
788 1706 904 1768 Rabirio
925 1723 998 1765 vero
1018 1706 1155 1765 Postumo

168 1791 329 1870 eodemque
351 1793 461 1852 Scauro
487 1808 540 1851 reo
566 1791 790 1870 repetundarum
816 1792 899 1850 etiarn
922 1790 1076 1868 exemplis3
1100 1807 1155 1868 pro

123 1874 301 1945 tocluentio
324 1875 376 1954 (ut
396 1876 481 1935 modo
503 1876 639 1954 ostendi)
662 1875 826 1953 partitione.
870 1873 934 1933 Non
953 1883 1049 1933 tamen
1069 1872 1155 1947 haec,

167 1959 234 2039 quia
249 1970 371 2039 possunt
385 1959 460 2021 bene
476 1959 629 2038 aliquando
645 1959 725 2034 lieri,
742 1959 849 2038 passim
863 1957 995 2019 iacienda
1010 1966 1085 2032 sunt,
1103 1956 1156 2017 sed

166 2045 301 2122 quotiens
314 2054 500 2123 praeceptum
514 2045 618 2103 vicerit
631 2045 719 2111 ratio;
744 2043 887 2120 quomodo
909 2051 939 2102 et
960 2041 1155 2116 similitudine,

166 2128 231 2188 dum
249 2126 349 2202 brevi,
378 2137 407 2187 et
428 2127 615 2188 translatione
638 2136 724 2205 atque
747 2126 810 2187 aliis
831 2127 922 2204 tropis
944 2125 1039 2203 (quae
1061 2125 1156 2184 omnia

167 2211 243 2270 cauti
263 2210 306 2271 illi
328 2230 363 2270 ao
384 2211 538 2287 diligentes
560 2210 734 2289 prohibent)
755 2219 868 2270 utemur
888 2210 1015 2284 interim,
1038 2209 1092 2267 nisi
1109 2207 1156 2267 cui

166 2293 260 2353 divina
281 2293 331 2354 ille
351 2311 404 2372 pro
419 2293 533 2370 Ligario
548 2296 656 2369 ironia,
679 2294 716 2353 de
734 2312 792 2372 qua
813 2292 900 2371 paulo
921 2302 986 2351 ante
1016 2291 1155 2364 dixeram,

125 2382 157 2438 tr
165 2375 309 2454 displicet.
345 2375 411 2437 Alia
434 2377 618 2438 exordiorum
638 2379 706 2438 vitia
725 2378 822 2436 verius
843 2376 1028 2437 tradiderunt.
1071 2373 1157 2447 Quod

166 2460 195 2519 in
217 2459 316 2537 plures
340 2478 442 2520 causas
464 2462 675 2522 accommodari
696 2468 810 2539 potest,
835 2460 957 2535 vulgare
977 2459 1094 2524 dicitur;
1124 2455 1154 2517 it

165 2544 257 2604 minus
282 2544 441 2604 favorabile
464 2545 617 2623 aliquando
640 2553 806 2605 tamennon
822 2543 960 2605 inutiliter
975 2541 1156 2615 assumimus,

165 2628 275 2703 magnis
291 2646 381 2705 saepe
397 2628 559 2688 oratoribus
583 2646 641 2688 non
656 2630 801 2687 evitatum.
840 2626 904 2700 Quo
927 2634 956 2685 et
973 2625 1157 2684 adversarius

166 2712 206 2770 uti
229 2720 342 2789 potest,
365 2729 513 2771 commune
529 2713 704 2791 appellatum
728 2710 805 2789 quod
819 2709 1010 2771 adversarius
1030 2709 1059 2766 in
1075 2724 1157 2766 suam

166 2795 317 2855 utilitatem
333 2795 492 2855 deflectere
507 2805 620 2874 potest,
639 2793 854 2861 commutabile;
879 2792 957 2871 quod
978 2808 1084 2851 causae
1099 2807 1158 2849 non

167 2878 321 2955 cohaeret,
353 2887 532 2957 separatum
560 2880 638 2958 quod
668 2878 781 2939 aliunde
809 2876 944 2951 trahitur,
974 2874 1157 2940 translatum:

167 2970 321 3038 praeterea
338 2963 416 3041 quod
431 2963 559 3062 longum,
576 2962 653 3042 quod
669 2971 768 3022 contra
783 2968 942 3061 praecepta
958 2967 1015 3027 est;
1033 2974 1157 3056 quorum

166 3044 307 3123 pleraque
328 3064 385 3106 non
408 3047 540 3125 principii
565 3047 652 3106 modo
673 3054 738 3105 suut
751 3045 819 3105 vitia
834 3043 887 3103 scd
902 3044 989 3102 totius
1007 3041 1157 3102 orationis.

123 3137 159 3192 ta
248 3127 328 3190 Haec
349 3131 385 3190 de
408 3132 574 3208 prooemio,
599 3130 732 3208 quotiens
748 3129 802 3188 erit
818 3128 880 3186 eius
895 3143 979 3201 usus,
1001 3142 1060 3184 non
1082 3142 1158 3184 sem·

167 3228 221 3290 per
241 3220 336 3271 autem
358 3222 418 3282 est;
448 3233 511 3275 nam
533 3223 562 3273 et
577 3230 793 3311 ’supervacuum
814 3210 967 3308 aliquando
984 3218 1046 3284 ast,
1070 3210 1101 3267 'si
1121 3209 1159 3267 sit

166 3304 355 3372 praeparatus
371 3298 440 3355 satis
459 3299 544 3357 etiam
559 3298 621 3355 sine
637 3297 693 3356 hoc
708 3296 812 3370 iudex,
834 3303 882 3354 ant
896 3295 920 3352 si
937 3311 986 3351 res
1001 3308 1159 3371 praepara-

166 3377 245 3438 tione
264 3396 321 3438 non
344 3389 440 3455 egeat.
488 3380 663 3440 Aristoteles
684 3378 827 3458 quidem
819 3396 848 3437 ιιι
868 3386 956 3436 totum
971 3376 1011 3436 id
1019 3391 1158 3435 necessa·

166 3464 237 3523 riom
253 3463 328 3543 apud
345 3462 438 3522 bonos
454 3464 564 3576 iudices
580 3472 677 3543 negat.
713 3460 875 3541 Aliquando
894 3469 989 3522 tamen
1004 3460 1044 3521 uti
1059 3476 1115 3519 nac
1131 3456 1159 3518 st
