2434 3925
334 189 424 260 nlsr.
437 208 587 260 oneror.
599 207 668 255 cru.
680 207 735 274 111,
747 203 775 258 a.
997 192 1055 255 109

52 368 108 431 huc
125 369 268 447 quaedam
282 384 375 445 vagae
396 373 425 426 et
446 367 509 426 siue
529 363 648 424 urbibus
670 381 705 424 ac
725 365 788 422 sine
808 362 924 441 legibus
939 372 1054 440 gentes,

52 463 194 514 ettamen
213 454 261 531 qui
277 460 340 511 sunt
357 452 386 510 in
401 450 445 509 his
461 451 519 509 nnti
535 459 564 508 et
580 447 775 525 legationibus
793 448 946 525 iungantur
962 458 991 508 et
1007 465 1053 508 ao·

52 546 157 597 cusent
179 536 276 615 aliqua
298 544 385 614 atquc
407 533 562 594 defendant
580 542 609 593 et
630 534 755 610 denique
771 533 858 594 alium
879 532 936 594 alio
951 533 1054 593 melius

51 622 135 701 loqui
153 621 283 682 credaut.

403 757 518 819 'QUAE
536 758 696 813 PARTES.

137 854 187 916 ΠΙ.
227 853 324 916 Omnis
347 865 443 916 nutem
464 856 564 916 orandi
585 858 677 932 ratio,
697 863 728 915 ut
749 854 863 934 plurimi
882 856 1055 934 maximique

50 949 190 1002 auctores
203 940 390 1015 tradiderunt,
405 943 530 1020 quinque
543 940 673 1019 partibus
687 948 810 1014 constat,
827 940 1054 1014 inventione,

50 1025 328 1103 dispositione,
358 1024 596 1102 elocutione,
629 1026 811 1098 memoria,
839 1026 1053 1101 pronuntia·

50 1110 156 1170 tione
180 1110 242 1167 sive
266 1109 431 1184 actione,
455 1119 580 1187 utroque
604 1111 679 1168 enim
701 1109 787 1169 modo
808 1108 920 1167 dieitur.
956 1107 1054 1167 Omnis

50 1209 124 1252 vero
141 1209 254 1268 sermo,
277 1210 334 1271 quo
353 1193 467 1272 quidem
484 1195 621 1253 voluntas
637 1193 733 1271 aliqua
751 1195 928 1268 enuntiatur,
949 1191 1054 1252 habeat

51 1294 180 1337 necesse
196 1286 241 1337 est
255 1296 316 1336 rem
337 1287 366 1338 et
387 1278 487 1338 verba.
521 1278 575 1337 llic
595 1280 620 1337 si
638 1286 683 1338 est
698 1278 795 1337 brevis
817 1285 847 1336 et
861 1294 916 1336 una
936 1278 1078 1337 conclu-2

52 1364 137 1422 sione
152 1360 265 1436 linitus,
281 1362 351 1422 nihil
368 1362 494 1423 fortasse
512 1363 587 1422 ultra
603 1361 764 1430 desiderem
784 1370 814 1421 at
829 1362 922 1421 oratio
938 1362 1054 1440 longior

52 1446 137 1525 plura
158 1447 258 1523 exigit.
304 1446 370 1505 Non
390 1456 497 1507 tantum
520 1449 594 1506 euim
617 1446 723 1522 refert,
745 1447 812 1525 quid
836 1455 865 1505 et
887 1445 1053 1523 quomodo

52 1531 183 1590 dicamus
202 1530 255 1589 sed
276 1532 361 1590 etiam
384 1549 440 1610 quo
464 1533 549 1600 loeo;
582 1549 657 1609 opus
680 1548 752 1608 ergo
779 1539 824 1591 est
852 1530 1052 1608 dispositione.

53 1614 113 1674 Sed
139 1631 237 1691 neque
264 1617 373 1690 omnin,
401 1634 475 1694 quae
501 1633 550 1676 res
577 1615 723 1693 postulat,
751 1615 851 1676 dicere
876 1627 971 1692 neque
999 1632 1054 1674 suo

53 1715 189 1776 quaeque
215 1697 282 1758 loco
305 1702 481 1777 poterimus,
504 1703 558 1759 nisi
579 1700 731 1760 adiuvante
750 1700 903 1766 memoria;
927 1716 1051 1777 quapro-

51 1791 170 1861 pterea
186 1799 301 1860 quoque
322 1799 389 1864 pars
412 1794 511 1862 quarta
536 1787 600 1844 erit.
638 1784 745 1844 Verum
768 1783 841 1843 haec
864 1793 967 1843 cuncta
987 1788 1075 1843 nor-3

51 1869 158 1945 rumpit
181 1884 216 1926 ac
232 1868 441 1945 propemodum
462 1869 558 1947 perdit
577 1868 715 1928 indecora
737 1868 785 1928 vel
805 1884 881 1927 voce
896 1867 945 1926 vel
966 1877 1051 1944 gestu

50 1952 258 2031 pronuntiatio.
296 1951 369 2014 Huic
386 1971 503 2033 quoque
524 1955 612 2032 igitur
632 1951 799 2014 tribuendus
822 1959 868 2012 est
883 1953 1052 2012 necessario

50 2038 169 2116 quintus
186 2035 278 2095 locus.

136 2118 203 2179 Nec
224 2120 356 2182 audiendi
380 2120 509 2201 quidam,
537 2140 659 2201 quorum
681 2130 727 2181 est
751 2120 902 2196 Albutius,
927 2121 975 2198 qui
1000 2121 1076 2179 tris4

49 2205 138 2265 modo
164 2206 268 2282 primas
292 2224 359 2266 esse
380 2216 478 2284 partes
504 2207 623 2283 volunt,
650 2207 784 2285 quoniam
803 2207 940 2266 memoria
966 2213 1053 2282 atque

50 2291 129 2350 actio
153 2297 255 2348 natura
280 2307 338 2349 non
364 2300 431 2350 arte
449 2294 630 2369 contingant,
658 2290 792 2369 (quarum
815 2307 869 2349 nos
893 2299 1052 2368 praecepta

51 2391 104 2433 suo
130 2372 200 2432 loco
231 2373 376 2454 dabimus)
409 2376 478 2435 llcet
505 2374 736 2450 Thrasymachus
764 2391 882 2453 quoque
910 2374 987 2434 idem
1016 2374 1053 2434 de

51 2460 170 2517 actione
191 2457 356 2517 crediderit.
393 2458 443 2518 llis
465 2460 633 2520 adiecerunt
659 2460 772 2538 quidam
794 2468 906 2519 sextam
928 2467 1077 2537 partem,5

52 2544 90 2600 ita
104 2550 136 2601 ut
151 2543 310 2613 inventioni
329 2543 500 2603 indicium
516 2543 738 2621 subnecterem,
756 2545 821 2623 quia
837 2546 956 2622 primum
973 2552 1053 2602 esset

51 2626 183 2685 invenire
203 2625 307 2686 deinde
330 2627 467 2688 iudicare.
512 2628 577 2706 Ego
597 2646 687 2708 porro
709 2647 745 2688 ne
767 2630 913 2687 invenisse
939 2628 1052 2705 quidem

52 2710 141 2770 credo
160 2728 242 2785 enm,
266 2712 314 2789 qui
331 2728 389 2770 non
410 2714 559 2781 iudicavit;
580 2713 768 2792 nequeenim
790 2714 949 2786 contraria,
975 2729 1051 2771 com·

50 2795 162 2869 munia,
188 2793 275 2854 stulta
298 2797 450 2857 invenisse
470 2797 575 2857 dicitur
593 2799 743 2875 quisquam
766 2797 818 2858 sed
842 2816 904 2858 non
927 2797 1051 2857 citasse.

50 2876 90 2937 Et
106 2875 212 2938 cicero
234 2879 349 2957 quidem
366 2882 394 2939 in
410 2881 574 2941 Rhetoricis
590 2882 725 2941 iudicium
740 2881 864 2942 subiecit
878 2882 1076 2947 inventioni36

48 2960 118 3021 mihi
145 2971 240 3023 autem
266 2963 340 3022 adeo
368 2964 458 3024 tribus
482 2967 580 3043 primis
606 2966 735 3044 partibus
760 2967 875 3026 videtur
896 2982 964 3023 esse
985 2982 1051 3043 per·

48 3047 186 3122 mixtum,
210 3046 290 3125 (narn
305 3066 401 3127 neque
421 3050 574 3128 dispositio
590 3052 653 3109 sine
674 3067 711 3109 eo
726 3068 822 3128 neque
844 3050 971 3110 elocutio
988 3049 1051 3108 lue·

49 3132 103 3208 rit)
126 3138 159 3190 ut
180 3134 440 3209 pronuntiationem
456 3152 574 3214 quoque
594 3134 644 3193 vel
660 3134 811 3213 plurimum
826 3152 864 3192 ex
880 3150 915 3192 eo
932 3134 1052 3193 mutuari

48 3223 160 3292 putem.
197 3215 281 3288 Quod
300 3215 357 3277 hoc
381 3218 516 3278 audacius
539 3218 679 3293 dixerim,
702 3217 781 3296 quod
802 3221 831 3277 in
850 3216 1076 3278 Partitionibus?

49 3301 187 3358 oratoriis
211 3299 247 3359 ad
269 3301 403 3376 easdem,
426 3302 461 3362 de
483 3301 586 3381 quibus
603 3319 691 3380 supra
713 3301 819 3361 dictum
841 3311 902 3377 est,
925 3305 1050 3379 quinque

49 3385 186 3460 pervenit
206 3393 316 3460 partes.
350 3384 421 3445 Nam
438 3404 501 3445 cum
522 3386 676 3464 dupliciter
697 3388 816 3464 primum
838 3386 999 3459 divisisset,
1022 3387 1050 3443 iu

50 3468 246 3528 inventionem
265 3477 351 3547 atque
368 3470 578 3530 elocutionem:
601 3488 650 3530 res
667 3487 702 3529 ac
717 3468 936 3550 dispositionem
953 3471 1049 3529 inven-
