2434 3925
179 233 251 301 ,180
504 249 540 297 as.
555 249 633 297 sas.
650 248 867 309 cummanum

79 450 86 465 .
191 403 348 464 lius.circa
378 401 501 464 verbera
530 405 600 463 civis
622 401 742 464 Romani
762 421 860 464 omnes
885 402 1055 465 brevissime
1080 413 1186 466 movet

191 488 327 563 allectus,
349 504 406 547 uon
421 488 514 547 solum
530 489 699 548 condicione
713 489 818 565 ipsius,
839 488 906 548 loco
918 490 1051 565 iniuriae,
1068 508 1185 567 genere

190 572 351 647 verbemm,
366 571 418 631 sed
430 573 513 630 animi
529 589 643 650 quoque
656 569 920 632 commendatione?
947 572 1088 632 Summum
1104 576 1185 633 euim

188 658 278 716 virum
296 657 435 731 ostendit,
456 656 519 732 qui,
543 674 605 715 cum
620 657 709 733 virgis
726 656 909 730 caederetur,
927 672 984 714 non
997 658 1184 733 ingemuerit,

190 756 246 798 nou
260 741 421 816 rogaverim
445 740 496 798 sed
518 748 624 799 tantum
645 741 737 798 civem
753 739 907 799 Romanum
929 758 1042 799 essese
1060 758 1122 799 cum
1136 743 1183 799 in-

133 836 183 890 114
190 825 265 884 vidia
280 824 425 883 caedentis
441 832 470 881 et
485 822 591 883 liducla
602 824 671 882 iuris
687 822 863 883 clamaverit.
905 820 1000 897 Quid?
1020 823 1184 883 Philodami

97 952 101 961 .
190 925 285 967 casum
300 924 393 967 nonne
415 924 478 967 cum
493 922 549 984 per
571 915 659 966 totam
681 907 1036 985 expositionemiucendit
1061 908 1182 983 invidia,

189 1000 246 1050 tum
259 992 289 1049 iu
300 990 443 1069 supplicio
457 992 522 1067 ipso
539 990 662 1050 lacrimis
679 991 821 1069 implevit,
843 1009 905 1051 cum
926 990 1028 1050 dentes
1047 1009 1104 1049 nou
1122 1000 1183 1051 tam

188 1083 317 1134 narraret
331 1093 414 1153 quam
434 1074 618 1149 ostenderet,
641 1083 751 1153 patrem
770 1074 806 1134 de
829 1084 921 1134 morte
944 1075 1010 1151 lilii,
1032 1074 1120 1134 lilium
1142 1074 1182 1134 de

130 1174 181 1226 115
189 1156 299 1236 patris?
332 1158 405 1231 Quid
425 1157 476 1216 ulli
496 1158 604 1236 epilogi
619 1167 740 1237 possunt
760 1159 851 1235 magis
868 1158 977 1218 babere
991 1154 1182 1219 miserabile?

150 1287 154 1307 2
188 1243 289 1301 Serum
312 1251 357 1301 est
378 1244 451 1301 euim
466 1242 611 1302 advocare
627 1241 670 1301 bis
689 1242 776 1301 rebus
792 1243 924 1303 allectum
938 1244 967 1302 in
980 1244 1179 1321 peroratione,

187 1344 257 1404 quas
271 1344 391 1386 securus
406 1326 583 1393 narraveris;
605 1328 733 1385 assuevit
746 1326 804 1385 illis
819 1327 905 1386 iudex
920 1327 1032 1405 iamque
1048 1345 1098 1386 eas
1115 1328 1180 1386 sine

186 1419 263 1469 motu
278 1411 380 1469 mentis
396 1410 516 1487 accipit,
533 1409 635 1488 quibus
652 1420 809 1469 commotus
824 1412 907 1470 novis
921 1416 978 1469 non
993 1419 1053 1487 est,
1078 1419 1109 1469 et
1123 1411 1178 1470 dil·

186 1493 262 1553 ficile
280 1503 325 1553 est
339 1493 422 1553 uobis
437 1501 546 1552 mutare
562 1495 646 1552 animi
662 1493 786 1554 habitum
800 1494 890 1553 semel
906 1495 1099 1555 constitutum.

128 1591 179 1645 116
268 1576 332 1654 Ego
343 1593 414 1636 vero
429 1576 538 1655 (neque
552 1579 626 1636 enim
635 1577 819 1637 dissimulabo
832 1579 964 1638 iudicium
973 1594 1075 1654 meum,
1088 1596 1179 1656 quan·

187 1679 268 1739 quam
290 1662 334 1736 id,
359 1660 515 1740 quodsum
541 1662 684 1737 dicturus,
709 1662 850 1741 exemplis
870 1664 962 1738 magis
984 1680 1066 1740 quam
1092 1680 1178 1740 prae·

156 1746 161 1755 ‘
186 1747 278 1823 ceptis
298 1746 364 1805 ullis
381 1746 556 1824 continetur)
572 1747 773 1822 narrationem,
789 1754 820 1806 ut
834 1747 859 1804 si
876 1746 963 1805 ullam
981 1756 1091 1825 partem
1112 1763 1178 1806 ora·

185 1830 288 1905 tionis,
312 1831 387 1889 omui
410 1847 465 1907 qua
485 1838 582 1907 potest
603 1835 694 1906 gratia
716 1839 745 1891 et
767 1848 874 1889 venere
890 1831 1083 1890 exornandam
1094 1838 1177 1908 puto.

185 1914 243 1974 Sed
258 1913 407 1993 plurimum
422 1913 526 1990 refert,
540 1931 614 1992 quae
629 1916 778 1976 situatum
794 1916 855 1975 eius
870 1916 931 1990 rei,
948 1932 1032 1993 quam
1048 1930 1178 1993 erpone·

128 2006 254 2062 tltmus.
293 1998 324 2058 ln
345 2001 441 2077 parvis
469 2015 557 2075 ergo,
586 1999 689 2077 quales
716 2008 780 2059 suut
799 1998 863 2059 iere
893 2000 1039 2077 privatae,
1064 2000 1101 2057 sit
1125 1998 1179 2060 ille

185 2100 304 2161 pressus
319 2092 348 2142 et
363 2082 442 2141 velut
459 2083 611 2160 applicitus
630 2085 672 2142 rei
688 2084 796 2151 cultus3
816 2085 845 2142 in
864 2081 964 2142 verbis
987 2099 1094 2142 summa
1111 2081 1178 2141 dili·

184 2167 296 2243 gentia;
309 2184 383 2244 quae
395 2168 422 2224 in
434 2166 507 2224 locis
520 2168 627 2244 impetu
639 2166 768 2230 feruntur
781 2175 810 2225 et
824 2168 1026 2226 circumiectae
1039 2167 1180 2226 orationis

186 2251 269 2327 copia
291 2250 394 2324 latent,
416 2248 463 2308 bic
487 2267 627 2327 expressa
649 2259 696 2326 et,
717 2250 828 2312 utvutt
850 2249 945 2326 Zeno,
970 2269 1062 2311 sensu
1081 2251 1179 2310 tinctu

186 2350 253 2392 esse
272 2332 431 2400 debebunt;
460 2334 632 2410 compositio
658 2334 834 2393 dissimulata
861 2334 975 2413 quidem
1003 2333 1055 2393 sed
1081 2341 1179 2392 tamen

128 2421 269 2496 lldquam
284 2417 499 2484 iucundissima;
515 2416 624 2493 figurae
645 2435 702 2477 aon
722 2414 789 2478 illae
810 2421 945 2497 poeticae
966 2426 995 2476 et
1017 2426 1116 2476 contm
1131 2435 1179 2476 ra·

185 2503 291 2560 tionem
312 2499 447 2577 loquendi
469 2501 639 2560 auctoritate
661 2511 791 2562 veterum
806 2511 961 2580 receptae,
984 2501 1068 2579 (nam
1089 2500 1181 2561 debet

185 2602 251 2644 esse
275 2601 357 2663 quam
378 2584 545 2662 purissimus
571 2588 688 2665 sermo)
711 2585 764 2645 sed
787 2603 861 2662 quae
885 2587 1026 2645 varietate
1052 2585 1180 2644 taedium

186 2668 323 2746 effugiant
347 2667 598 2727 simulationibus
621 2672 740 2729 animum
757 2668 868 2738 levent3
890 2687 927 2728 ne
948 2671 977 2728 iu
994 2667 1114 2728 eundem
1130 2686 1179 2727 ca·

185 2772 260 2828 sum,
257 2751 398 2811 similem
420 2753 674 2849 compositionem,
698 2771 783 2832 pares
799 2753 992 2813 elocutionum
1010 2744 1118 2812 trac'tus
1136 2754 1179 2810 in·

169 2837 321 2900 cidamus.
363 2835 450 2895 Caret
471 2837 545 2894 euim
569 2839 674 2897 ceteris
700 2838 851 2897 lenociniis
877 2838 1022 2914 expositio
1049 2844 1094 2909 et,
1122 2836 1178 2894 nisi

129 2927 178 2981 119
185 2920 398 2981 commendetur
411 2918 465 2978 hac
480 2930 641 2997 venustate,
660 2924 755 2982 iaceat
775 2938 898 2980 necesse
917 2929 971 2979 est
1001 2918 1085 2978 Nec
1076 2936 1105 2977 m
1117 2919 1179 2978 ulla

186 3013 267 3083 parte
292 3006 426 3064 intentior
447 3012 492 3062 est
512 3003 615 3081 iudex,
642 3023 737 3083 eoque
760 3004 829 3064 nibil
855 3013 937 3063 recte
959 3004 1065 3063 dictum
1089 3004 1178 3080 perit

185 3088 338 3148 Praeterea
361 3088 461 3147 nescio
483 3090 627 3165 quomodo
649 3091 733 3148 etlam
754 3087 846 3148 credit
867 3088 1000 3163 lucilius,
1030 3089 1104 3164 quae
1127 3104 1179 3144 au·

129 3173 273 3234 1aodteuti
288 3172 409 3232 iucunda
423 3179 503 3246 suut,
520 3180 550 3230 et
563 3172 712 3251 voluptate
724 3172 763 3231 ad
780 3171 864 3231 iidem
881 3172 1002 3231 ducitur.
1032 3170 1088 3230 Ubi
1103 3185 1178 3228 vero

185 3257 275 3316 maior
295 3274 344 3315 res
367 3258 437 3314 erit:
466 3263 495 3314 et
516 3258 626 3315 atrocia
646 3257 788 3316 invidiose
809 3265 838 3315 et
860 3257 951 3315 tristia
974 3253 1181 3314 miserabiliter

188 3338 286 3399 dicere
308 3338 436 3405 decebit:
465 3355 522 3397 non
542 3347 573 3397 ut
595 3348 797 3399 consumantur
816 3338 937 3399 allectus
957 3339 1009 3399 sed
1029 3347 1060 3397 ut
1083 3347 1181 3398 tamen

188 3424 267 3484 velut
287 3424 384 3502 primis
407 3422 491 3482 lincis
512 3421 698 3499 designentur
722 3432 751 3482 et
769 3423 872 3500 plane,
901 3422 994 3501 qualis
1020 3422 1113 3481 lutura
1140 3423 1183 3480 sit

131 3520 180 3574 121
188 3511 281 3587 imago
297 3510 355 3586 rei,
379 3506 473 3567 statim
490 3516 638 3585 appareat.
674 3506 717 3569 Ne
733 3507 874 3568 sententia
891 3507 1005 3586 quidem
1018 3505 1097 3565 velut
1112 3503 1181 3566 fati-
