2434 3925
155 204 216 266 214
472 219 508 264 n.
521 218 599 264 ιιι.
614 216 834 276 quorumnam

112 378 146 431 30
237 373 302 434 Non
313 374 368 433 alia
384 380 428 430 est
440 380 535 430 antem
544 373 618 429 ratio
634 372 870 449 pronuntiationis
883 388 966 449 quam
983 373 1087 449 ipsius
1107 391 1170 434 ora·

153 460 248 523 tionis
286 457 357 516 Nam
379 465 409 514 ut
428 454 478 514 illa
500 455 665 529 emendata,
689 454 831 528 dilucida,
858 465 974 531 ornata,
1000 466 1077 533 apta
1103 477 1170 517 esse

100 528 255 603 debet:
280 541 410 600 itabaee
429 540 837 616 quoqueemendataerit,
861 540 888 599 id
907 549 968 614 est,
985 540 1065 598 vitio
1085 559 1169 601 eare-

153 626 209 701 bit,
230 627 254 684 si
271 622 507 684 fueritosiaeile
514 621 745 720 ,explanatum
764 622 931 697 iucundum,
949 621 1122 700 urbanum,
1144 626 1169 686 id

154 719 209 785 est,
225 711 326 808 inquo
341 707 419 767 nulla
436 723 530 783 neque
546 707 691 764 rusticitas
707 723 802 782 neque
817 667 1010 784 peregrinitas
1026 719 1166 769 resonet

111 793 216 853 31Non
237 795 310 852 enim
335 793 396 851 sine
425 807 512 848 eausa
533 790 636 848 dieitur
657 790 827 850 barbaram
847 791 1049 853 Graecumee
1096 792 1168 852 Nan

153 879 232 937 sonis
260 877 389 937 homines
415 881 446 932 ut
470 891 539 932 aera
565 875 666 932 tinnitu
691 873 895 949 dignoscimus.
936 872 977 933 lta
999 874 1056 933 liet
1082 876 1167 951 illud,

154 961 231 1040 quod
246 959 352 1019 Ennius
374 957 492 1036 probat,
517 975 581 1016 eum
600 956 668 1016 dicit
688 959 976 1034 suaviloquentiam
993 955 1168 1037 Cethegum

152 1045 259 1111 inisse;
282 1061 339 1103 non
354 1042 430 1120 quod
447 1039 576 1100 Cicero
568 1058 595 1099 m
611 1039 655 1099 bis
670 1040 873 1118 reprehendit,
892 1058 964 1119 quos
979 1043 1018 1101 ait
1037 1044 1169 1105 latrare

152 1147 213 1189 ιιι
234 1145 339 1225 apere·
374 1124 739 1199 Suntenimrnultaritia,
762 1124 917 1202 dequibus
940 1125 1014 1199 diri,
1042 1145 1118 1186 oum
1142 1131 1167 1187 iu

154 1212 274 1290 quadam
296 1212 377 1289 primi
400 1208 464 1268 libri
479 1217 561 1287 parte
576 1225 732 1285 puerorum
751 1225 802 1267 ora
818 1209 986 1283 formarem,
1012 1221 1166 1288 opportu-

152 1299 215 1357 nius
236 1304 331 1370 ratus,
357 1295 385 1351 in
406 1310 440 1352 ea
459 1301 553 1351 aetate
574 1291 674 1350 faeere
696 1292 810 1351 illorum
833 1294 1022 1368 mentionem,
1048 1295 1081 1352 in
1108 1313 1168 1374 qua

111 1389 145 1441 32
153 1378 297 1439 emendari
312 1385 442 1456 possunt.
472 1375 602 1453 Itemque
618 1377 642 1434 si
658 1377 720 1453 ipsa
736 1393 796 1435 vox
810 1378 929 1453 primum
944 1376 1050 1452 fuerit,
1068 1388 1104 1438 ut
1123 1382 1167 1439 sie

154 1464 263 1537 dicam,
285 1480 372 1536 sana,
394 1460 499 1534 idest,
521 1459 629 1519 nullum
645 1476 760 1536 eorum,
783 1460 818 1519 de
835 1459 938 1538 quibus
954 1459 1040 1519 modo
1058 1463 1165 1538 retuli,

153 1549 277 1625 patietur
298 1543 519 1611 incommodum:
551 1543 655 1603 deinde
678 1561 735 1603 non
757 1544 859 1618 surda,
888 1543 981 1617 rudis,
1013 1546 1164 1621 immanis,

154 1632 239 1704 dura,
261 1629 369 1707 rigida,
391 1645 476 1702 rava,
499 1628 700 1705 praepinguis,
717 1635 763 1687 aut
777 1628 887 1703 tenuis,
903 1629 1010 1703 inanis,
1034 1630 1162 1705 acerba,

153 1714 274 1792 pusilla,
297 1714 409 1788 mollis,
432 1671 608 1780 eff’eminatae
637 1712 753 1789 spiritua
777 1729 832 1770 ιιι
855 1711 952 1771 brevia
973 1729 1029 1771 nee
1054 1731 1161 1792 parum

154 1798 291 1858 durabilis
305 1816 360 1857 ιιι
377 1800 405 1856 in
420 1803 539 1874 reeeptu
555 1794 690 1854 dillioilis.

111 1893 146 1947 33
236 1882 407 1942 Dilucide
425 1896 496 1939 vero
512 1881 566 1938 erit
581 1881 774 1956 pronuntiatio
792 1882 921 1958 primum,
941 1881 965 1937 si
981 1877 1078 1943 verba
1096 1890 1157 1941 tota

155 1968 294 2041 exierint,
316 1983 434 2045 quorum
452 1983 519 2043 pars
539 1963 691 2039 devorari,
713 1983 780 2043 pars
796 1965 913 2024 destitui
928 1964 1023 2039 solet,
1049 1966 1156 2044 pleris-

157 2069 213 2128 que
234 2060 377 2110 extremas
393 2048 519 2124 syllabas
534 2064 591 2106 non
606 2048 834 2126 perferentibus,
858 2048 922 2108 dum
936 2049 1067 2127 priorum
1082 2066 1154 2109 sono

153 2135 310 2212 indulgent.
339 2133 378 2193 Ut
392 2141 437 2191 est
453 2141 547 2193 autem
562 2135 728 2192 necessaria
742 2132 896 2192 verborum
911 2132 1099 2209 explanatio:
1117 2135 1155 2193 ita

153 2230 252 2277 omnes
277 2220 417 2296 imputare
447 2226 475 2276 et
497 2217 576 2276 velut
599 2234 785 2277 annumerare
813 2217 923 2276 litteras
945 2217 1101 2276 molestum
1128 2225 1156 2276 et

111 2302 292 2371 340diosum.
328 2300 399 2360 Nam
415 2310 444 2361 et
458 2300 580 2360 vocales
601 2301 832 2379 frequentissime
849 2309 971 2376 coeunt,
995 2310 1025 2360 et
1048 2318 1154 2361 conso·

152 2387 275 2444 nantium
297 2386 436 2463 quaedam
457 2388 627 2462 insequente
647 2386 742 2445 vocali
760 2385 961 2472 dissimulatur.
993 2384 1154 2464 Utriusque

155 2469 316 2549 exemplum
332 2472 495 2547 posuimus:

442 2551 567 2613 Multam
580 2554 632 2614 iile
645 2562 674 2614 el
687 2555 780 2614 terris
794 2586 852 2611 -.

111 2637 264 2706 35Vitatur
279 2638 362 2696 etiam
380 2636 523 2696 duriorum
538 2639 613 2696 inter
632 2656 665 2696 se
682 2653 871 2715 congressas,
891 2636 967 2696 unde
983 2637 1112 2713 pellexit
1126 2645 1154 2696 et

154 2723 288 2800 collegit,
311 2730 339 2780 et
361 2738 435 2799 quae
459 2720 515 2780 alio
538 2720 605 2779 loeo
627 2720 701 2781 dicta
725 2730 798 2780 sunt.
832 2720 962 2798 Ideoque
979 2719 1112 2779 laudatur
1126 2722 1154 2780 in

154 2804 256 2865 Catulo
280 2807 376 2864 suavis
399 2804 558 2885 appellatio
580 2805 747 2865 litterarum
786 2805 949 2864 Secundum
971 2812 1031 2879 est,
1064 2813 1096 2863 ut
1117 2805 1154 2863 sit

153 2888 411 2964 oratiodistineta,
434 2889 541 2964 idest,
565 2890 613 2966 qui
628 2889 712 2964 dicit,
735 2898 764 2948 et
782 2890 898 2967 incipiat
919 2887 968 2946 ubi
984 2848 1103 2966 opbrtet
1124 2897 1154 2947 et

153 2971 273 3032 desinat
311 2933 526 3032 Observandum
543 2974 642 3048 etiam,
666 2989 723 3050 quo
738 2972 805 3033 loeo
825 2971 1006 3032 sustinendus
1023 2981 1052 3029 et
1070 2973 1154 3074 quasi

153 3055 371 3156 suspepdendus
387 3073 483 3115 sermo
499 3056 549 3122 sit;
566 3056 643 3133 quod
662 3056 764 3116 Graeci
780 3049 995 3133 ὑπιδιιστιλὴν
1012 3049 1099 3115 vel
1080 3075 1151 3116 vno·

111 3134 276 3217 36στιγμὴν
290 3148 409 3206 vorant:
428 3157 484 3217 quo
501 3138 698 3217 deponendus.
726 3139 914 3218 Suspenditur
928 3138 1024 3200 Arma
1038 3141 1152 3200 airam·

153 3238 212 3301 qaae
223 3241 311 3299 eona,
325 3224 389 3301 quia
401 3223 471 3282 illud
482 3223 517 3283 ad
528 3219 678 3300 sequentia
690 3226 825 3300 pertinet,
840 3232 871 3282 ut
885 3225 922 3282 sit
933 3226 1032 3284 airam
1042 3221 1153 3285 Troiae

153 3308 206 3385 qai
218 3308 335 3384 primm
355 3307 395 3367 ab
418 3309 496 3382 orie,
522 3315 551 3365 et
565 3307 612 3365 bie
627 3308 738 3365 iterum.
777 3306 847 3366 Nam
869 3309 979 3366 etiamsi
997 3306 1074 3367 aliud
1096 3316 1150 3383 est,

84 3395 89 3408 '
154 3390 228 3450 unde
243 3391 339 3448 veniat
354 3407 437 3467 quam
450 3407 506 3467 quo
522 3392 632 3449 veniat:
647 3407 704 3449 ιιι
719 3390 946 3467 distinguendum
960 3401 1065 3465 tamen,
1086 3393 1149 3468 quia

111 3481 300 3552 37utrumque
322 3474 424 3533 eodem
446 3474 530 3532 modo
552 3474 644 3533 verbo
669 3475 831 3533 continetur
849 3476 937 3535 venit.
972 3474 1070 3533 'lertio
1086 3473 1148 3537 Ita·
