2434 3925
270 250 276 267 ,
326 194 757 263 msu.onrron.n1n.v,14.
973 183 1034 247 243

46 366 134 430 uuam
156 349 364 427 copiosissimis
385 349 482 410 verbis
503 348 657 428 approbari
679 359 779 428 putant
795 360 943 428 oportere.
972 350 1036 412 iloc

45 452 105 512 ego
125 442 214 493 toturn
230 451 294 492 cum
311 451 363 493 sua
378 437 489 494 ratione
506 451 590 492 uuum
606 443 693 510 puto;
715 434 823 512 alioqui
839 437 863 494 si
877 437 950 494 ratio
968 453 1035 514 pars

45 514 112 592 est,
132 525 177 575 est
194 526 287 575 autem
303 519 382 578 varia
396 519 486 577 ratio:
503 517 601 595 plures
617 526 714 595 partes
730 536 797 576 esse
813 518 950 578 dicantur.
979 518 1065 581 ,ιι-8

44 601 239 678 sumptionem
254 600 357 661 deinde
375 602 468 679 ponit:
497 599 581 661 Nilril
594 609 693 661 cotem
708 603 837 662 omnium
857 621 960 663 rerum
975 622 1036 663 me-

44 686 105 745 lias
120 700 211 762 quom
226 687 322 745 omnis
335 686 467 745 mundus
480 686 721 751 administrator.
758 684 845 743 Huius
868 688 1037 764 assumptio·

44 769 90 827 uis
113 775 216 845 quarto
241 768 270 824 in
296 766 363 826 loco
387 769 441 827 iarn
463 785 551 846 porro
567 768 701 827 inducunt
724 767 975 845 approbationem
1001 770 1037 828 de

45 868 104 931 quo
121 852 198 911 idem
214 851 290 929 quod
306 869 393 928 supra
408 852 483 911 dico.
512 850 616 924 Quinto
629 852 763 915 inducunt
777 851 843 909 loco
860 851 1067 929 complexio-9

44 953 131 1009 nem,
157 951 232 1012 quae
254 943 301 993 aut
321 935 348 993 id
364 935 448 993 infert
463 935 571 1009 solum,
598 935 676 1014 quod
698 953 735 994 ex
758 934 887 993 omnibus
910 934 1038 1013 partibus

45 1019 174 1095 cogitur,
188 1017 245 1077 lroc
263 1018 366 1093 modo,
390 1016 519 1079 Omisilio
531 1020 625 1095 igitur
640 1019 772 1079 mundas
787 1020 1039 1088 administrator,-

44 1112 114 1175 aut,
135 1119 220 1160 unum
240 1102 270 1161 in
285 1101 380 1160 locum
396 1119 459 1161 cum
474 1101 609 1161 conduxit
624 1100 752 1160 breviter
767 1104 993 1180 propositionem
1010 1111 1040 1161 et

46 1184 284 1263 assumptionem,
304 1184 440 1261 adiungit,
457 1186 523 1263 quid
539 1203 577 1245 ex
590 1185 635 1245 his
651 1186 828 1261 conficiatur,
848 1186 882 1245 ad
894 1186 968 1245 hunc
978 1203 1038 1244 mo-

45 1268 129 1328 dum:
155 1265 272 1340 Quodsi
293 1269 401 1330 melino
417 1277 580 1347 peractor,
606 1286 685 1346 quoe
706 1271 830 1331 consilio
851 1288 942 1346 peram
962 1286 1040 1347 quoe

44 1353 114 1412 eine
133 1352 257 1414 consilio
277 1354 546 1429 administrantur,
567 1353 643 1413 nittt
666 1362 766 1414 notem
785 1355 915 1416 onmium
937 1372 1040 1414 rernm

44 1436 157 1496 melius
174 1451 265 1512 quom
280 1437 376 1497 omnio
390 1439 521 1497 mondus
534 1437 784 1497 administratur:
805 1439 928 1509 cornilio
946 1438 1040 1516 ipitcr

45 1519 181 1580 mundos
194 1518 435 1580 administratur.
474 1517 525 1579 Cui
540 1521 613 1599 parti
629 1522 787 1580 consentio.

133 1600 165 1660 ln
180 1601 269 1661 trihus
286 1613 390 1678 autern,
406 1622 476 1681 quas
488 1603 619 1678 fecimus,
638 1604 765 1681 partibus
788 1621 844 1663 non
865 1613 910 1662 est
926 1603 1081 1663 formalo

46 1703 168 1762 semper
185 1686 285 1745 eadem
305 1687 358 1746 sed
379 1705 463 1765 uua,
486 1688 514 1745 in
531 1705 587 1766 qua
602 1686 677 1746 idem
694 1686 890 1761 concluditur,
907 1687 984 1763 quod
998 1689 1039 1745 in-

47 1770 190 1829 tenditur:
212 1766 324 1830 Anima
337 1771 518 1832 immortalis
532 1779 585 1831 cot.
614 1768 694 1829 Nom
707 1771 856 1846 quidquid
870 1788 909 1830 aa
929 1789 963 1829 se
974 1772 1041 1847 ipso

46 1861 195 1928 movetur,
209 1854 377 1915 immortale
391 1862 453 1921 erm·
473 1855 576 1914 animo
589 1862 690 1913 cotem
706 1871 745 1913 ea
758 1872 792 1913 se
811 1855 881 1930 ipro
894 1862 1039 1928 monetur,

46 1938 228 1999 immortalis
247 1939 401 2015 igiturest
417 1940 531 1998 ocimo.
566 1935 629 1995 lloc
649 1936 679 1995 tn
698 1948 755 1995 non
770 1936 863 1996 solum
877 1937 904 1994 in
920 1936 1040 2011 singulis

49 2023 226 2097 argumentis
248 2021 299 2081 sed
321 2022 436 2081 intotis
462 2022 572 2095 causis,
598 2038 671 2098 quae
695 2030 759 2079 sunt
778 2020 942 2098 simplices,
965 2028 994 2078 et
1012 2022 1041 2078 in

48 2103 276 2184 quaestionibus.
318 2104 389 2164 Nam
412 2114 440 2164 et
454 2105 509 2165 hae
532 2106 650 2183 primam
670 2103 775 2164 habent
795 2104 1081 2182 propositionem:ll

47 2188 254 2267 sacrilegium
278 2191 452 2251 commisisti
456 2212 471 2257 ,·
492 2186 576 2264 Noc,
601 2190 738 2266 quisquis
756 2189 901 2249 nominem
916 2188 1040 2262 occidit,

48 2273 160 2335 caedis
174 2280 309 2347 tenetur,
332 2272 435 2332 deinde
450 2274 605 2339 rationem3
625 2272 693 2350 (sed
708 2272 781 2332 haec
798 2281 842 2330 est
857 2273 886 2330 iu
901 2270 996 2329 causis
1012 2278 1042 2329 et

49 2356 223 2434 quaestione
240 2355 354 2432 longior
369 2375 452 2434 quam
466 2358 495 2415 in
516 2355 636 2433 singulis
653 2357 848 2434 argumentis)
871 2363 900 2413 et
917 2354 1041 2432 plerum·

49 2458 108 2517 que
129 2457 236 2498 summa
259 2439 477 2518 complexione,
503 2440 551 2512 vel
578 2458 631 2517 per
655 2441 895 2498 enumerationem
919 2438 967 2497 vel
989 2457 1043 2516 per

48 2522 170 2582 brevem
197 2522 426 2597 conclusionem,
444 2532 611 2598 testantur,
635 2523 702 2601 qnid
728 2523 886 2582 effecerint.
927 2521 959 2581 ln
985 2520 1042 2602 hoc

48 2624 161 2683 genere
177 2608 338 2685 propositio
354 2607 438 2668 dubia
454 2616 509 2681 est,
526 2608 562 2667 de
573 2606 628 2667 hac
641 2608 714 2665 enirn
726 2609 881 2684 quaeritur.
911 2605 1083 2667 Alteram

49 2699 98 2750 est
120 2691 283 2768 complexio
305 2707 362 2749 uon
384 2708 437 2770 par
461 2692 608 2750 intentioni
631 2690 683 2749 sed
708 2692 765 2749 vim
790 2690 900 2750 habens
927 2707 1042 2766 parem:

49 2771 137 2836 Mors
150 2775 226 2836 ntttt
244 2776 288 2835 od
301 2793 370 2849 coe,
385 2792 456 2835 nom
470 2776 550 2851 quod
564 2782 609 2835 est
628 2775 815 2850 dissolutum,
830 2792 921 2835 sensu
938 2780 1043 2841 caret,-

50 2859 135 2936 qood
148 2867 248 2919 cotem
261 2877 353 2919 scutit
372 2866 468 2933 corel,
488 2858 565 2919 miltil
575 2859 619 2918 od
630 2876 694 2918 ons.
724 2856 756 2917 ln
772 2857 846 2916 alio
861 2873 971 2933 genere
986 2870 1044 2914 non

49 2942 153 3002 eadem
167 2942 328 3021 propositio
347 2950 391 3000 est
407 2959 481 3019 quae
496 2943 655 3001 connexio:
679 2938 787 3001 Omnia
814 2941 961 3000 animalia
980 2958 1042 3000 mc·

48 3028 131 3088 liora
143 3034 214 3087 eunt
233 3041 324 3103 qnam
345 3027 497 3100 inanima,
524 3025 600 3085 oiltil
624 3031 724 3086 cotem
743 3024 849 3084 melior
863 3031 907 3083 eet
921 3024 1044 3099 mancio,

49 3111 183 3171 mundns
203 3111 297 3189 ipitor
318 3110 441 3170 animal.
482 3107 536 3168 llic
556 3115 655 3186 potest
673 3106 764 3166 videri
785 3106 822 3166 de
837 3124 870 3165 re
886 3107 1041 3165 contentio.

49 3193 145 3253 Potuit
161 3195 234 3253 euim
256 3195 299 3252 sic
321 3194 454 3252 constitui
471 3192 670 3251 ratiocinatio:
696 3187 818 3251 Animal
836 3199 882 3252 ert
902 3192 1043 3265 mundar,

49 3279 152 3340 omniu
172 3279 250 3337 enim
265 3278 413 3337 animalia
434 3278 560 3338 meliora
582 3283 653 3335 anot
674 3281 764 3353 quain
783 3276 920 3335 inanima
946 3282 976 3332 et
995 3291 1051 3344 ee-¹

50 3370 123 3421 tera.
160 3358 240 3420 Haec
255 3361 417 3437 propositio
433 3368 481 3419 aut
498 3359 634 3419 confessa
647 3367 692 3417 est
710 3366 742 3416 ut
758 3359 898 3436 proxima,
915 3366 963 3417 aut
977 3372 1043 3434 pro·
1051 3360 1085 3415 13

50 3443 145 3506 banda
166 3452 213 3521 ut,
245 3441 447 3516 nottestan
468 3446 561 3506 citum
585 3444 688 3504 ninere
708 3443 802 3520 volet,
820 3440 1045 3586 pilgilosopltoiur
