2434 3925
307 152 396 202 naar.
409 106 558 201 oneror.
572 151 721 220 ma.x11,
736 149 763 205 o.
777 149 804 205 7.
990 137 1051 200 255

47 309 165 371 alendo
183 306 287 369 callum
302 308 460 375 ,inducere3
483 307 537 368 sed
552 308 608 367 iam
630 307 787 380 scientem,
810 305 878 384 quid
893 305 931 366 sit
944 323 1052 385 pugna,

49 403 86 454 et
102 395 131 452 in
147 410 231 470 quam
246 409 309 451 rem
321 391 491 452 studendum
506 393 557 467 sit,
579 391 661 452 reiici
682 398 768 468 atque
784 392 928 451 renovari.
959 392 1008 451 Sic
1023 398 1081 457 eti

47 476 183 537 tirocinii
198 484 319 551 metum,
338 475 403 535 dum
420 475 532 534 facilius
549 484 593 534 est
609 475 736 548 audere,
751 475 914 548 transierit,
934 491 990 534 nec
1004 492 1053 534 au·

50 560 146 620 dendi
171 559 340 619 facilitatem
366 577 458 637 usque
484 558 520 618 ad
546 566 740 636 contemptum
767 559 867 635 operis
892 557 1053 617 adduxerit.

49 643 134 705 Usus
150 652 195 702 est
209 642 265 702 hac
279 643 390 702 ratione
406 641 444 701 ld.
463 641 590 718 Tullius,
616 652 645 702 et
662 659 725 701 cum
741 643 796 700 iam
812 641 920 701 clarum
934 643 1054 700 meruis·
1142 707 1148 716 ,

51 736 104 786 set
119 728 195 786 inter
210 735 365 804 patronos,
385 727 504 803 quitum
520 735 619 800 erant,
643 743 763 786 nomen:
781 726 809 783 in
825 725 923 784 Asiam
938 727 1054 802 naviga-

52 812 208 889 vitaeque
227 818 256 870 et
271 809 334 868 aliis
353 811 415 869 sine
431 809 517 869 dubio
534 809 719 888 eloquentiae
739 827 774 869 ac
790 810 950 887 sapientiae
965 809 1054 885 magi-

54 895 128 954 stris
149 893 203 953 sed
222 894 381 972 praecipue
403 902 498 952 tamen
518 893 678 972 Apollonio
693 892 818 967 Moloni,
842 911 927 972 quem
945 892 1055 951 Romae

54 994 177 1057 quoque
200 977 346 1053 audierat,
374 976 468 1036 Rhodi
488 995 587 1037 rursus
610 978 789 1038 formandum
812 995 846 1037 ac
871 976 951 1036 velut
970 992 1055 1036 reco-

56 1062 203 1139 quendum
230 1061 318 1121 dedit.
357 1059 427 1120 Tum
449 1060 564 1137 dignum
585 1067 696 1141 operae
717 1063 839 1139 pretium
861 1062 1056 1136 venit,1com

54 1148 135 1205 inter
151 1163 183 1204 se
200 1153 360 1221 congruunt
375 1153 533 1223 praecepta
551 1155 580 1205 et
597 1146 806 1225 experimenta.

58 1298 147 1358 QUAE
159 1298 192 1354 IN
205 1296 422 1348 SUSCIPIENDIS
441 1296 558 1349 CAUSIS
573 1296 717 1348 ORATORI
734 1272 954 1349 castraverint
970 1295 1056 1346 SINT.

145 1398 208 1459 VII.
233 1397 304 1459 Cum
319 1400 388 1459 satis
403 1400 431 1458 in
448 1400 523 1458 omni
539 1400 695 1458 certamine
709 1400 811 1457 virium
826 1399 948 1473 iecerit,
965 1399 1057 1476 prima

61 1486 91 1545 ei
107 1502 174 1543 cura
189 1485 225 1542 in·
239 1484 492 1562 suscipiendis
507 1484 633 1543 causis
648 1483 716 1548 erit:
733 1485 761 1542 in
777 1483 881 1562 quibus
896 1482 1057 1543 defendere

60 1568 176 1647 quidem
196 1584 264 1626 reos
280 1567 414 1646 proiecto
432 1586 515 1645 quam
532 1567 631 1626 lacere
648 1567 800 1626 virbonus
816 1567 920 1640 malet,
941 1584 999 1626 non
1016 1575 1056 1625 ta·

60 1670 127 1711 men
145 1652 183 1710 ita
205 1668 310 1710 nomen
330 1652 422 1729 ipsum
442 1652 621 1711 accusatoris
643 1650 791 1726 horrebit,
813 1660 843 1710 ut
858 1650 937 1710 nullo
961 1668 1058 1728 neque

60 1734 178 1815 publico
194 1753 289 1813 neque
305 1736 416 1812 privato
433 1735 498 1795 duci
510 1736 603 1813 possit
619 1735 735 1809 ollicio,
752 1744 783 1793 ut
800 1734 925 1813 aliquem
941 1734 976 1794 ad
992 1734 1057 1793 red·
1105 1790 1110 1803 ,

62 1820 184 1879 dendam
200 1820 342 1878 rationem
366 1820 442 1878 vitae
458 1828 556 1878 vocet
588 1817 660 1877 Nam
682 1827 711 1878 et
726 1819 811 1895 leges
827 1821 909 1895 ipsae
924 1817 994 1877 nihil
1009 1834 1057 1876 va·

63 1903 151 1977 leant,
168 1904 223 1961 nisi
234 1904 342 1963 actoris
353 1903 458 1964 idonea
468 1920 544 1963 voce
555 1904 694 1971 munitae;
714 1912 743 1963 et
754 1904 778 1961 si
789 1919 901 1981 poenas
912 1901 1059 1963 scelerum
1165 1974 1167 1978 .

64 1995 206 2064 expetere
230 1987 274 2046 las
294 1996 428 2047 nonest:
452 2006 546 2067 prope
562 1996 624 2063 est,
648 1996 679 2046 ut
694 1986 809 2046 scelera
832 1988 895 2065 ipsa
916 1987 1058 2065 permissa

64 2072 134 2138 sint;
153 2080 182 2130 et
198 2070 342 2130 licentiam
356 2072 439 2133 malis
455 2072 530 2148 dari,
548 2080 629 2130 certe
644 2080 745 2130 contra
760 2070 855 2130 bonos
870 2080 924 2130 est.
959 2069 1086 2144 Quarei

63 2172 159 2232 neque
175 2156 320 2214 sociorum
336 2156 472 2233 querelas
485 2173 543 2215 nec
556 2156 640 2215 amici
652 2154 871 2242 velpropinqui
886 2173 989 2214 necem
1004 2170 1060 2211 nec

64 2246 215 2316 erupturas
227 2240 255 2297 in
266 2257 328 2299 rem
340 2238 483 2318 publicam
496 2240 727 2317 conspirationes
742 2238 845 2297 inultas
856 2240 980 2316 patietur
995 2254 1059 2297 ora·

64 2331 125 2397 tor,
157 2338 214 2381 non
239 2339 354 2400 poenae
377 2324 540 2382 nocentium
568 2323 689 2401 cupidus
711 2322 764 2382 sed
794 2322 962 2382 emendandi
991 2322 1060 2379 vitia

64 2405 286 2484 corrigendique
308 2423 415 2466 mores.
447 2406 519 2465 Nam
540 2408 588 2484 qui
608 2408 720 2466 ratione
744 2407 855 2467 traduci
878 2407 914 2467 ad
936 2406 1056 2466 meliora

64 2506 122 2549 non
137 2500 272 2567 possunt,
291 2490 356 2551 solo
372 2499 448 2550 metu
464 2493 654 2550 continentur.
684 2489 784 2567 ltaque
804 2499 834 2549 ut
850 2491 1090 2550 accusatoriam
1170 2542 1173 2548 .

64 2575 150 2633 vitam
165 2575 267 2634 vivere
283 2584 312 2635 et
327 2575 363 2634 ad
378 2574 555 2634 deferendos
570 2590 641 2633 reos
656 2575 785 2652 praemio
802 2575 885 2650 duci,
900 2575 1061 2653 proximum

65 2656 215 2717 latrocinio
233 2667 294 2718 est:
317 2660 355 2718 ita
377 2666 491 2735 pestem
514 2659 675 2718 intestinam
690 2657 882 2737 propulsare,
907 2676 971 2717 cum
992 2671 1061 2734 pro·

64 2742 273 2819 pugnatoribus
289 2743 399 2820 patriae
418 2743 649 2820 comparandum.
677 2741 804 2820 Ideoque
819 2743 968 2820 principes
984 2741 1012 2798 in
1027 2755 1060 2797 re

64 2825 182 2903 publica
199 2827 252 2885 viri
269 2842 326 2884 non
343 2825 578 2886 detrectaverunt
595 2826 670 2885 hanc
688 2826 776 2885 cilicii
792 2834 922 2903 partem,
945 2823 1060 2884 crediti·

64 2926 122 2987 que
142 2917 206 2967 sunt
224 2909 309 2969 etiam
324 2910 394 2969 clari
409 2911 530 2968 iuvenes
545 2909 678 2969 obsidem
699 2910 742 2968 rei
763 2908 898 2985 publicae
916 2907 985 2968 dare
1002 2924 1060 2965 ma*

65 2992 157 3051 lorum
182 2992 285 3052 civium
306 2995 537 3068 accusationem,
561 2994 627 3071 quia
648 3011 703 3052 nec
720 2993 817 3051 odisse
839 2992 988 3070 improbos
1004 3006 1062 3048 nec

65 3075 222 3135 simultates
236 3088 401 3153 provocare
417 3077 472 3136 nisi
487 3095 525 3136 ex
536 3076 640 3136 fiducia
653 3075 748 3135 bonae
761 3076 863 3135 mentis
879 3074 1059 3135 videbantur.

64 3159 155 3237 idque
171 3173 235 3222 cum
249 3158 285 3217 ab
296 3158 466 3235 Hortensio,
489 3160 632 3234 Lucullis,
648 3159 796 3236 Sulpicio,
813 3157 968 3234 Cicerone,
985 3156 1088 3219 Cae-4

23 3260 24 3267 ¹
65 3261 142 3317 sare,
159 3242 290 3320 plurimis
307 3243 381 3319 aliis,
396 3254 455 3304 tum
470 3244 506 3304 ab
521 3253 645 3322 utroque
660 3240 770 3303 Catone
787 3243 892 3303 iactum
910 3252 967 3310 est;
990 3259 1059 3319 quo·

63 3345 125 3386 rum
147 3325 221 3386 alter
240 3326 405 3403 appellatus
419 3329 553 3407 sapiens,
579 3327 653 3387 alter
667 3328 721 3386 nisi
737 3326 862 3386 creditur
879 3327 986 3400 inisse,
1011 3326 1060 3384 vix

63 3412 141 3487 scio',
165 3412 211 3470 cui
233 3410 385 3490 reliquerit
406 3410 493 3472 huius
510 3413 633 3471 nominis
655 3411 760 3470 locum.
799 3409 902 3490 Neque
924 3409 1061 3470 defendet
