2434 3925
105 166 109 173 ’
180 182 239 243 180
490 195 528 242 ιι.
542 193 621 240 sne.
637 191 855 254 numerorum
966 171 971 179 ’

179 359 208 408 et
230 349 311 426 quasi
331 348 484 408 militantes
507 346 600 407 reficit
623 365 658 407 ec
678 357 795 425 reparet
819 348 892 407 baec
911 350 997 409 velut
1022 354 1143 428 sagina
1159 353 1190 411 di

180 433 277 492 cendi:
306 434 349 492 sic
372 432 575 491 adolescentes
598 449 655 490 non
677 430 783 490 debent
802 434 915 491 nimium
936 435 965 492 in
989 435 1081 495 falsa
1100 455 1188 495 rerun

178 518 301 593 imagine
313 516 434 575 detineri
447 525 474 574 et
486 515 614 574 inanibus
627 533 659 573 se
670 514 828 575 simulacris
845 518 1043 594 usqueadeo,
1067 529 1107 578 ut
1125 520 1186 579 diff·

178 601 242 660 cilis
258 600 293 659 ab
309 600 352 659 his
364 600 512 676 digressus
527 601 573 673 sit,
590 598 786 673 assuefacere,
803 618 839 658 ne
851 600 886 658 ab
898 601 959 675 illa,
975 603 1007 660 in
1018 620 1089 679 qua
1102 621 1185 682 prope

179 686 397 759 consenuerint,
420 682 518 742 umbra
540 700 610 742 vera
634 683 795 742 discrimina
815 683 894 743 velut
916 685 1183 761 quendam-solen

139 768 373 835 rgreformident.
416 766 500 840 Quod
523 765 665 825 accidisse
681 767 764 824 etiam
779 766 881 826 Porcio
897 765 1034 844 Latroni,
1065 773 1125 847 qui
1140 774 1181 848 pri

178 870 240 911 mus
256 853 326 912 clari
347 852 468 910 nominis
490 850 642 928 professor
664 849 730 923 fuit,
753 850 888 924 traditur,
911 860 956 926 ut,
974 870 1044 911 cum
1065 857 1181 913 eison

177 955 249 1019 mam
261 938 289 995 in
300 935 408 995 sobolis
420 935 582 1013 opinionem
594 934 732 993 obtinenti
741 952 827 993 causa
837 937 865 993 in
880 934 943 993 foro
960 946 1046 994 esset
1068 938 1179 997 oranda.

178 1022 307 1098 impense
319 1021 444 1098 petierit,
460 1019 500 1078 uti
517 1017 654 1077 subsellia
669 1020 697 1076 in
707 1017 854 1077 basilicam
865 1018 1118 1080 transferrentur.
1152 1020 1178 1079 lta

177 1104 220 1163 illi
241 1104 355 1163 coelum
378 1120 482 1161 novum
507 1101 574 1176 fuit,
595 1111 626 1161 ut
651 1104 740 1160 omnis
763 1103 825 1160 eius
847 1103 1015 1180 eloquentia
1038 1106 1177 1164 contineo

139 1196 259 1254 19tecto
275 1205 309 1247 ac
326 1186 482 1264 parietibus
505 1184 662 1244 videretur.
697 1184 793 1257 Quare
815 1187 941 1261 iuvenis,
966 1188 1016 1265 qui
1037 1191 1176 1247 rationen

179 1271 341 1331 inveniendi
358 1269 570 1347 eloquendique
586 1286 602 1328 a
616 1268 856 1347 praeceptoribus
876 1270 1033 1346 diligenter
1056 1289 1175 1349 accepe
1202 1306 1203 1339 ι

179 1357 229 1419 rit;
246 1338 322 1433 qubd
337 1372 394 1413 non
410 1362 454 1412 est
468 1353 567 1412 infiniti
585 1356 700 1431 operis,
725 1354 750 1412 si
771 1353 878 1413 docere
899 1356 990 1413 sciant
1015 1363 1045 1413 et
1078 1357 1175 1414 velint:
1202 1410 1203 1425 ,

181 1439 418 1498 exercitationem
435 1454 550 1515 quoque
566 1438 705 1496 modicam
722 1436 808 1496 fuerit
824 1447 1017 1512 consecutus,
1033 1450 1176 1498 oratores

180 1522 234 1581 sibi
250 1522 385 1600 aliquem,
402 1520 478 1599 quod
499 1521 573 1599 apud
589 1523 713 1580 maiores
729 1521 791 1581 lieri
806 1520 935 1596 solebat,
951 1521 1079 1597 deligat,
1103 1539 1176 1600 quen

158 1636 160 1639 v
181 1614 328 1683 sequatur,
348 1623 432 1684 quern
446 1606 584 1670 imitetur;
601 1605 711 1664 iudiciis
727 1605 838 1663 intersit
853 1623 937 1683 quem
952 1603 1090 1683 plurimis
1106 1616 1135 1665 et
1151 1608 1175 1663 sit

137 1705 173 1757 20
182 1690 358 1765 certaminis,
382 1691 427 1748 oui
444 1688 616 1761 destinatur,
631 1689 767 1766 frequens
783 1699 940 1767 spectator.
979 1687 1051 1747 'lum
1082 1706 1175 1750 causas

180 1774 228 1832 vel
243 1772 375 1849 easdem,
400 1790 471 1851 quas
492 1773 538 1850 agi
556 1771 690 1846 audierit,
714 1773 780 1832 stilo
802 1774 914 1850 etipse
937 1784 1115 1850 componat,
1138 1771 1174 1829 rel

180 1859 263 1916 ctiam
280 1857 350 1917 alios
365 1874 450 1916 veras
467 1856 551 1916 modo
569 1864 598 1914 et
616 1858 747 1934 utrinque
770 1865 889 1932 tractet,
914 1866 958 1930 et,
981 1858 1061 1933 quod
1080 1859 1111 1915 in
1124 1856 1174 1933 gle-

79 1984 82 1998 .
180 1941 336 2002 dietoribus
358 1941 419 2001 lieri
444 1940 781 2015 videmus„decretoriis
806 1949 993 2016 exerceatur,
1020 1949 1052 2001 ut
1076 1941 1172 2001 fecisse

180 2025 296 2085 Brutum
314 2027 434 2085 diximus
449 2043 502 2103 pro
518 2023 636 2083 llilone.
664 2023 767 2084 illelius
778 2023 835 2084 hoc
851 2044 935 2104 quam
949 2024 1121 2085 rescribere
1134 2042 1170 2082 re

181 2109 291 2169 teribus
307 2109 500 2184 orationibus,
523 2116 553 2166 ut
574 2108 644 2167 fecit
661 2106 775 2168 Cestius
794 2119 894 2168 contra
911 2106 1065 2168 Ciceronis
1095 2110 1170 2169 actio

177 2212 244 2252 nem
264 2193 387 2253 habitem
409 2209 463 2271 pro
486 2192 603 2266 eodem,
635 2210 698 2251 oum
723 2192 842 2252 alteram
864 2200 977 2271 partem
1000 2194 1072 2251 satis
1095 2208 1170 2252 nosse

178 2294 235 2336 non
253 2286 355 2356 posset
370 2296 407 2336 ex
422 2276 484 2336 sola
500 2276 680 2335 defensione.

136 2376 171 2429 21
263 2358 353 2420 Citius
369 2370 461 2420 autem
476 2360 597 2419 idoneus
613 2362 668 2419 erit
682 2360 804 2434 iuvenis,
822 2376 905 2436 quem
917 2369 1100 2437 praeceptor
1114 2377 1169 2419 coe
1200 2433 1201 2436 Ἴ

176 2445 253 2519 gerit
273 2445 301 2502 in
323 2443 510 2504 declamando
537 2461 621 2522 quarn
644 2443 814 2503 simillimum
838 2461 905 2501 esse
929 2444 1046 2502 veritati
1073 2453 1105 2503 et
1129 2460 1171 2523 per

176 2536 253 2604 totus
269 2529 311 2586 ire
327 2529 477 2603 materias,
500 2544 618 2604 quarum
636 2545 710 2587 nunc
730 2527 867 2587 facillime
887 2534 935 2585 aut
955 2528 1081 2588 maxime
1100 2525 1168 2586 faro

176 2610 277 2670 rubilia
292 2611 461 2689 decerpunt.
494 2609 615 2670 Obstant
635 2610 717 2685 lruic,
743 2610 820 2689 quod
841 2609 970 2669 secundo
992 2610 1061 2671 loco
1082 2613 1167 2689 posui,

176 2696 240 2756 fere
257 2694 339 2755 turba
360 2694 565 2772 discipulorum
580 2704 609 2753 et
626 2693 804 2754 consuetudo
821 2693 956 2753 classium
972 2696 1061 2754 certis
1076 2695 1168 2754 diebus

177 2778 395 2854 audiendarum,
416 2778 542 2838 nonnihil
564 2780 649 2838 etiarn
670 2779 822 2857 persuasio
845 2787 957 2855 patrum
972 2780 1167 2839 numerantium

135 2866 273 2942 ttpotias
297 2863 521 2923 declamationes
546 2880 631 2940 ιιιιιιιιι
654 2863 870 2922 aestimantium.
912 2862 988 2937 Sed,
1018 2862 1097 2940 quod
1120 2862 1166 2921 dixi

177 2950 286 3026 primo,
308 2956 339 3007 ut
354 2946 494 3024 arbitror,
520 2946 613 3021 libro,
634 2964 689 3006 nec
706 2946 757 3006 ille
771 2964 804 3005 se
819 2944 912 3004 bonus
929 2954 1105 3024 praeceptor
1119 2963 1165 3006 ma·

177 3032 240 3091 iore
257 3048 376 3091 numero
394 3049 478 3109 quam
499 3032 642 3089 sustinere
664 3031 758 3108 possit
779 3029 925 3103 onerabit,
951 3038 980 3088 et
1000 3030 1113 3089 inanem
1132 3030 1164 3089 lo·

179 3116 350 3191 quaoitatem
365 3115 491 3189 recidet,
518 3122 549 3173 ut
564 3115 657 3173 omnia
674 3131 747 3191 quae
761 3116 868 3172 suntin
885 3116 1093 3187 controversia,
1108 3131 1163 3182 non

177 3206 207 3256 ut
225 3197 338 3275 quidem
351 3198 461 3275 volunt,
479 3216 552 3276 quae
568 3200 596 3256 in
611 3216 706 3257 rerum
718 3206 827 3271 natura,
844 3197 988 3263 dicentum
1006 3205 1035 3255 et
1050 3197 1097 3257 vel
1114 3199 1162 3258 lon·

176 3282 260 3357 glore
275 3283 370 3359 potius
388 3282 498 3342 dierum
521 3284 616 3360 spatio
638 3281 746 3342 laxabit
769 3281 882 3341 dicendi
903 3281 1106 3340 necessitatem
1125 3279 1162 3340 rel

135 3366 309 3429 ismaterias
325 3365 453 3423 dividere
470 3367 623 3443 permittet.
648 3365 711 3425 Una
728 3366 801 3424 enirn
820 3365 974 3441 diligenter
989 3364 1092 3424 effecta
1108 3366 1162 3443 plus

177 3449 307 3529 proderit
329 3448 532 3527 quamplures
555 3448 706 3509 inchoatae
729 3457 759 3508 et
783 3450 864 3526 quasi
888 3448 1066 3525 degustatae.
1102 3449 1160 3508 Pro·
