<?xml version="1.0" encoding="UTF-8"?>
<!DOCTYPE html PUBLIC "-//W3C//DTD XHTML 1.0 Transitional//EN"
    "http://www.w3.org/TR/xhtml1/DTD/xhtml1-transitional.dtd">
<html xmlns="http://www.w3.org/1999/xhtml" xml:lang="en" lang="en">
 <head>
  <title>
</title>
<meta http-equiv="Content-Type" content="text/html;charset=utf-8" />
  <meta name='ocr-system' content='tesseract 3.04.00' />
  <meta name='ocr-capabilities' content='ocr_page ocr_carea ocr_par ocr_line ocrx_word'/>
</head>
<body>
  <div class='ocr_page' id='page_1' title='image "./mfabiiquintilia08bonngoog_0248.png"; bbox 0 0 2434 3925; ppageno 0'>
   <div class='ocr_carea' id='block_1_1' title="bbox 181 194 846 264">
    <p class='ocr_par' dir='ltr' id='par_1_1' title="bbox 181 194 846 264">
     <span class='ocr_line' id='line_1_1' title="bbox 181 194 846 264; baseline -0.009 -9"><span class='ocrx_word' id='word_1_1' title='bbox 181 194 239 255; x_wconf 76' lang='lat'><strong>174</strong></span> <span class='ocrx_word' id='word_1_2' title='bbox 480 205 516 253; x_wconf 86' lang='lat' dir='ltr'><strong>rr.</strong></span> <span class='ocrx_word' id='word_1_3' title='bbox 532 202 846 264; x_wconf 61' lang='lat' dir='ltr'><strong>reccurrendum</strong></span> 
     </span>
    </p>
   </div>
   <div class='ocr_carea' id='block_1_2' title="bbox 83 355 1196 3542">
    <p class='ocr_par' dir='ltr' id='par_1_2' title="bbox 83 355 1196 3542">
     <span class='ocr_line' id='line_1_2' title="bbox 178 355 1169 439; baseline -0.001 -19"><span class='ocrx_word' id='word_1_4' title='bbox 178 358 304 439; x_wconf 87' lang='lat' dir='ltr'><strong>aliquid,</strong></span> <span class='ocrx_word' id='word_1_5' title='bbox 324 358 402 439; x_wconf 92' lang='lat' dir='ltr'><strong>quod</strong></span> <span class='ocrx_word' id='word_1_6' title='bbox 427 377 465 417; x_wconf 87' lang='lat' dir='ltr'><strong>ex</strong></span> <span class='ocrx_word' id='word_1_7' title='bbox 485 356 605 433; x_wconf 86' lang='lat' dir='ltr'><strong>inuidia,</strong></span> <span class='ocrx_word' id='word_1_8' title='bbox 629 376 713 437; x_wconf 91' lang='lat' dir='ltr'><strong>quam</strong></span> <span class='ocrx_word' id='word_1_9' title='bbox 735 355 880 433; x_wconf 70' lang='lat' dir='ltr'><strong>expositio</strong></span> <span class='ocrx_word' id='word_1_10' title='bbox 906 355 1064 417; x_wconf 81' lang='lat' dir='ltr'><strong>adversarii</strong></span> <span class='ocrx_word' id='word_1_11' title='bbox 1085 357 1169 438; x_wconf 87' lang='lat' dir='ltr'><strong>iecit,</strong></span> 
     </span>
     <span class='ocr_line' id='line_1_3' title="bbox 178 439 1170 521; baseline 0.001 -18"><span class='ocrx_word' id='word_1_12' title='bbox 178 444 289 504; x_wconf 75' lang='lat' dir='ltr'><strong>detrahi</strong></span> <span class='ocrx_word' id='word_1_13' title='bbox 302 444 412 521; x_wconf 85' lang='lat' dir='ltr'><strong>possit,</strong></span> <span class='ocrx_word' id='word_1_14' title='bbox 436 459 499 501; x_wconf 86' lang='lat' dir='ltr'><strong>cunr</strong></span> <span class='ocrx_word' id='word_1_15' title='bbox 516 442 600 501; x_wconf 90' lang='lat' dir='ltr'><strong>etiam</strong></span> <span class='ocrx_word' id='word_1_16' title='bbox 622 444 699 500; x_wconf 89' lang='lat' dir='ltr'><strong>servi</strong></span> <span class='ocrx_word' id='word_1_17' title='bbox 714 441 804 499; x_wconf 79' lang='lat' dir='ltr'><strong>nostri</strong></span> <span class='ocrx_word' id='word_1_18' title='bbox 825 439 861 499; x_wconf 92' lang='lat' dir='ltr'><strong>de</strong></span> <span class='ocrx_word' id='word_1_19' title='bbox 876 441 1005 518; x_wconf 88' lang='lat' dir='ltr'><strong>peccatis</strong></span> <span class='ocrx_word' id='word_1_20' title='bbox 1020 441 1081 500; x_wconf 89' lang='lat' dir='ltr'><strong>suis</strong></span> <span class='ocrx_word' id='word_1_21' title='bbox 1095 444 1170 505; x_wconf 93' lang='lat' dir='ltr'><strong>mol·</strong></span> 
     </span>
     <span class='ocr_line' id='line_1_4' title="bbox 138 524 1170 605; baseline -0.005 -15"><span class='ocrx_word' id='word_1_22' title='bbox 138 527 233 591; x_wconf 83' lang='lat' dir='ltr'><strong>totins</strong></span> <span class='ocrx_word' id='word_1_23' title='bbox 249 527 409 605; x_wconf 81' lang='lat' dir='ltr'><strong>loquantur.</strong></span> <span class='ocrx_word' id='word_1_24' title='bbox 449 525 597 598; x_wconf 80' lang='lat' dir='ltr'>Quaedam</span> <span class='ocrx_word' id='word_1_25' title='bbox 618 527 692 586; x_wconf 88' lang='lat' dir='ltr'><strong>enim</strong></span> <span class='ocrx_word' id='word_1_26' title='bbox 712 524 794 602; x_wconf 80' lang='lat' dir='ltr'><strong>quasi</strong></span> <span class='ocrx_word' id='word_1_27' title='bbox 811 539 868 582; x_wconf 90' lang='lat' dir='ltr'><strong>non</strong></span> <span class='ocrx_word' id='word_1_28' title='bbox 889 532 1037 584; x_wconf 87' lang='lat' dir='ltr'><strong>narrantes</strong></span> <span class='ocrx_word' id='word_1_29' title='bbox 1057 526 1170 604; x_wconf 79' lang='lat' dir='ltr'><strong>mitiga·</strong></span> 
     </span>
     <span class='ocr_line' id='line_1_5' title="bbox 83 600 1171 690; baseline 0.001 -19"><span class='ocrx_word' id='word_1_30' title='bbox 83 600 86 609; x_wconf 78' lang='grc'><strong><em>’</em></strong></span> <span class='ocrx_word' id='word_1_31' title='bbox 178 610 284 671; x_wconf 86' lang='lat' dir='ltr'><strong>bimus:</strong></span> <span class='ocrx_word' id='word_1_32' title='bbox 305 608 373 671; x_wconf 85' lang='lat' dir='ltr'><strong>Neo</strong></span> <span class='ocrx_word' id='word_1_33' title='bbox 388 611 526 686; x_wconf 85' lang='lat' dir='ltr'><strong>quidem,</strong></span> <span class='ocrx_word' id='word_1_34' title='bbox 547 617 581 670; x_wconf 91' lang='lat' dir='ltr'><strong>ut</strong></span> <span class='ocrx_word' id='word_1_35' title='bbox 593 608 796 670; x_wconf 74' lang='lat' dir='ltr'><strong>adversarius</strong></span> <span class='ocrx_word' id='word_1_36' title='bbox 814 608 902 681; x_wconf 84' lang='lat' dir='ltr'><strong>dicit,</strong></span> <span class='ocrx_word' id='word_1_37' title='bbox 923 608 1079 671; x_wconf 66' lang='lat' dir='ltr'><strong>mutum</strong></span> <span class='ocrx_word' id='word_1_38' title='bbox 1091 610 1171 690; x_wconf 72' lang='lat' dir='ltr'><strong>{larii</strong></span> 
     </span>
     <span class='ocr_line' id='line_1_6' title="bbox 177 692 1171 773; baseline 0.001 -18"><span class='ocrx_word' id='word_1_39' title='bbox 177 696 211 755; x_wconf 83' lang='lat' dir='ltr'><strong>ire</strong></span> <span class='ocrx_word' id='word_1_40' title='bbox 225 696 364 773; x_wconf 88' lang='lat' dir='ltr'><strong>templum</strong></span> <span class='ocrx_word' id='word_1_41' title='bbox 381 693 496 767; x_wconf 86' lang='lat' dir='ltr'><strong>attulit,</strong></span> <span class='ocrx_word' id='word_1_42' title='bbox 515 711 573 752; x_wconf 82' lang='lat' dir='ltr'><strong>uec</strong></span> <span class='ocrx_word' id='word_1_43' title='bbox 588 693 641 753; x_wconf 85' lang='lat' dir='ltr'><strong>diu</strong></span> <span class='ocrx_word' id='word_1_44' title='bbox 658 692 792 769; x_wconf 80' lang='lat' dir='ltr'><strong>captavit</strong></span> <span class='ocrx_word' id='word_1_45' title='bbox 809 692 875 751; x_wconf 82' lang='lat' dir='ltr'><strong>eius</strong></span> <span class='ocrx_word' id='word_1_46' title='bbox 889 693 937 752; x_wconf 92' lang='lat' dir='ltr'><strong>rei</strong></span> <span class='ocrx_word' id='word_1_47' title='bbox 954 700 1072 773; x_wconf 81' lang='lat' dir='ltr'><strong>tempus</strong></span> <span class='ocrx_word' id='word_1_48' title='bbox 1077 715 1091 761; x_wconf 89' lang='lat'><em>;</em></span> <span class='ocrx_word' id='word_1_49' title='bbox 1112 697 1171 757; x_wconf 80' lang='lat' dir='ltr'><strong>sed</strong></span> 
     </span>
     <span class='ocr_line' id='line_1_7' title="bbox 177 776 1171 854; baseline -0.001 -14"><span class='ocrx_word' id='word_1_50' title='bbox 177 781 339 840; x_wconf 73' lang='lat' dir='ltr'><strong>mensione</strong></span> <span class='ocrx_word' id='word_1_51' title='bbox 349 784 378 840; x_wconf 89' lang='lat' dir='ltr'><strong>et</strong></span> <span class='ocrx_word' id='word_1_52' title='bbox 391 776 531 838; x_wconf 81' lang='lat' dir='ltr'><strong>absentia</strong></span> <span class='ocrx_word' id='word_1_53' title='bbox 544 777 701 836; x_wconf 81' lang='lat' dir='ltr'><strong>custodum</strong></span> <span class='ocrx_word' id='word_1_54' title='bbox 713 782 879 851; x_wconf 84' lang='lat' dir='ltr'><strong>corruptus</strong></span> <span class='ocrx_word' id='word_1_55' title='bbox 889 784 918 836; x_wconf 89' lang='lat' dir='ltr'><strong>et</strong></span> <span class='ocrx_word' id='word_1_56' title='bbox 931 776 1076 854; x_wconf 80' lang='lat' dir='ltr'><strong>pecunia,</strong></span> <span class='ocrx_word' id='word_1_57' title='bbox 1089 794 1171 854; x_wconf 86' lang='lat' dir='ltr'><strong>quae</strong></span> 
     </span>
     <span class='ocr_line' id='line_1_8' title="bbox 177 857 1169 938; baseline 0.001 -16"><span class='ocrx_word' id='word_1_58' title='bbox 177 862 302 922; x_wconf 80' lang='lat' dir='ltr'><strong>nimium</strong></span> <span class='ocrx_word' id='word_1_59' title='bbox 321 861 354 921; x_wconf 82' lang='lat' dir='ltr'><strong>irs</strong></span> <span class='ocrx_word' id='word_1_60' title='bbox 370 861 482 922; x_wconf 82' lang='lat' dir='ltr'><strong>animis</strong></span> <span class='ocrx_word' id='word_1_61' title='bbox 501 860 652 920; x_wconf 81' lang='lat' dir='ltr'><strong>domiuum</strong></span> <span class='ocrx_word' id='word_1_62' title='bbox 670 865 782 938; x_wconf 86' lang='lat' dir='ltr'><strong>potest,</strong></span> <span class='ocrx_word' id='word_1_63' title='bbox 804 859 903 919; x_wconf 76' lang='lat' dir='ltr'><strong>eiciam</strong></span> <span class='ocrx_word' id='word_1_64' title='bbox 923 866 977 921; x_wconf 85' lang='lat' dir='ltr'><strong>est.</strong></span> <span class='ocrx_word' id='word_1_65' title='bbox 1014 857 1095 932; x_wconf 81' lang='lat' dir='ltr'><strong>Quid</strong></span> <span class='ocrx_word' id='word_1_66' title='bbox 1117 880 1169 924; x_wconf 92' lang='lat' dir='ltr'><strong>re·</strong></span> 
     </span>
     <span class='ocr_line' id='line_1_9' title="bbox 176 942 1171 1025; baseline 0.002 -19"><span class='ocrx_word' id='word_1_67' title='bbox 176 946 260 1023; x_wconf 75' lang='lat' dir='ltr'><strong>ferti</strong></span> <span class='ocrx_word' id='word_1_68' title='bbox 271 945 415 1025; x_wconf 86' lang='lat' dir='ltr'><strong>peccauit</strong></span> <span class='ocrx_word' id='word_1_69' title='bbox 426 950 455 1006; x_wconf 91' lang='lat' dir='ltr'><strong>et</strong></span> <span class='ocrx_word' id='word_1_70' title='bbox 465 943 519 1020; x_wconf 76' lang='lat' dir='ltr'><strong>fur</strong></span> <span class='ocrx_word' id='word_1_71' title='bbox 532 951 586 1018; x_wconf 89' lang='lat' dir='ltr'><strong>est,</strong></span> <span class='ocrx_word' id='word_1_72' title='bbox 601 952 631 1002; x_wconf 90' lang='lat' dir='ltr'><strong>et</strong></span> <span class='ocrx_word' id='word_1_73' title='bbox 641 943 830 1003; x_wconf 65' lang='lat' dir='ltr'><strong>steterumt</strong></span> <span class='ocrx_word' id='word_1_74' title='bbox 843 944 877 1002; x_wconf 85' lang='lat' dir='ltr'><strong>id</strong></span> <span class='ocrx_word' id='word_1_75' title='bbox 891 942 1066 1020; x_wconf 82' lang='lat' dir='ltr'><strong>defendere,</strong></span> <span class='ocrx_word' id='word_1_76' title='bbox 1081 948 1171 1008; x_wconf 81' lang='lat' dir='ltr'><strong>cuius</strong></span> 
     </span>
     <span class='ocr_line' id='line_1_10' title="bbox 138 1025 1172 1108; baseline 0.002 -20"><span class='ocrx_word' id='word_1_77' title='bbox 138 1039 379 1108; x_wconf 84' lang='lat' dir='ltr'><strong>71poeuomoorr</strong></span> <span class='ocrx_word' id='word_1_78' title='bbox 392 1044 580 1087; x_wconf 73' lang='lat' dir='ltr'><strong>recusamus.</strong></span> <span class='ocrx_word' id='word_1_79' title='bbox 613 1025 728 1085; x_wconf 91' lang='lat' dir='ltr'><strong>luterim</strong></span> <span class='ocrx_word' id='word_1_80' title='bbox 746 1026 827 1103; x_wconf 87' lang='lat' dir='ltr'><strong>quasi</strong></span> <span class='ocrx_word' id='word_1_81' title='bbox 841 1026 1004 1085; x_wconf 76' lang='lat' dir='ltr'><strong>damnemus</strong></span> <span class='ocrx_word' id='word_1_82' title='bbox 1019 1028 1091 1104; x_wconf 90' lang='lat' dir='ltr'><strong>ipsi:</strong></span> <span class='ocrx_word' id='word_1_83' title='bbox 1120 1028 1172 1091; x_wconf 82' lang='lat' dir='ltr'><strong>Vis</strong></span> 
     </span>
     <span class='ocr_line' id='line_1_11' title="bbox 178 1110 1171 1190; baseline 0.001 -16"><span class='ocrx_word' id='word_1_84' title='bbox 178 1113 320 1174; x_wconf 83' lang='lat' dir='ltr'><strong>tadicum</strong></span> <span class='ocrx_word' id='word_1_85' title='bbox 334 1110 404 1172; x_wconf 75' lang='lat' dir='ltr'><strong>ciero</strong></span> <span class='ocrx_word' id='word_1_86' title='bbox 416 1110 599 1187; x_wconf 75' lang='lat' dir='ltr'><strong>impulsum?</strong></span> <span class='ocrx_word' id='word_1_87' title='bbox 614 1128 720 1171; x_wconf 89' lang='lat' dir='ltr'><strong>errore</strong></span> <span class='ocrx_word' id='word_1_88' title='bbox 733 1111 875 1186; x_wconf 78' lang='lat' dir='ltr'><strong>tapsum?</strong></span> <span class='ocrx_word' id='word_1_89' title='bbox 889 1119 978 1171; x_wconf 83' lang='lat' dir='ltr'><strong>nocte</strong></span> <span class='ocrx_word' id='word_1_90' title='bbox 988 1112 1171 1190; x_wconf 73' lang='lat' dir='ltr'><strong>deceptum.²</strong></span> 
     </span>
     <span class='ocr_line' id='line_1_12' title="bbox 177 1193 1171 1272; baseline 0.003 -15"><span class='ocrx_word' id='word_1_91' title='bbox 177 1212 254 1257; x_wconf 85' lang='lat' dir='ltr'><strong>cera</strong></span> <span class='ocrx_word' id='word_1_92' title='bbox 268 1202 339 1255; x_wconf 82' lang='lat' dir='ltr'><strong>suut</strong></span> <span class='ocrx_word' id='word_1_93' title='bbox 351 1195 411 1255; x_wconf 87' lang='lat' dir='ltr'><strong>ista</strong></span> <span class='ocrx_word' id='word_1_94' title='bbox 424 1193 575 1271; x_wconf 65' lang='lat' dir='ltr'><strong>fortuma·</strong></span> <span class='ocrx_word' id='word_1_95' title='bbox 591 1202 622 1254; x_wconf 88' lang='lat' dir='ltr'><strong>tu</strong></span> <span class='ocrx_word' id='word_1_96' title='bbox 634 1202 734 1254; x_wconf 83' lang='lat' dir='ltr'><strong>tamea</strong></span> <span class='ocrx_word' id='word_1_97' title='bbox 743 1195 905 1271; x_wconf 81' lang='lat' dir='ltr'><strong>ioperruum</strong></span> <span class='ocrx_word' id='word_1_98' title='bbox 916 1197 1074 1272; x_wconf 82' lang='lat' dir='ltr'><strong>stuprasti,</strong></span> <span class='ocrx_word' id='word_1_99' title='bbox 1088 1200 1171 1261; x_wconf 84' lang='lat' dir='ltr'><strong>soloe</strong></span> 
     </span>
     <span class='ocr_line' id='line_1_13' title="bbox 179 1275 1169 1357; baseline 0 -16"><span class='ocrx_word' id='word_1_100' title='bbox 179 1281 284 1341; x_wconf 89' lang='lat' dir='ltr'><strong>decem</strong></span> <span class='ocrx_word' id='word_1_101' title='bbox 302 1279 396 1339; x_wconf 84' lang='lat' dir='ltr'><strong>milia.</strong></span> <span class='ocrx_word' id='word_1_102' title='bbox 429 1275 637 1353; x_wconf 83' lang='lat' dir='ltr'><strong>Nonnunquam</strong></span> <span class='ocrx_word' id='word_1_103' title='bbox 656 1277 856 1354; x_wconf 83' lang='lat' dir='ltr'><strong>propositione</strong></span> <span class='ocrx_word' id='word_1_104' title='bbox 877 1279 1050 1355; x_wconf 85' lang='lat' dir='ltr'><strong>praemuniri</strong></span> <span class='ocrx_word' id='word_1_105' title='bbox 1070 1290 1169 1357; x_wconf 89' lang='lat' dir='ltr'><strong>potest</strong></span> 
     </span>
     <span class='ocr_line' id='line_1_14' title="bbox 137 1357 1169 1444; baseline 0.003 -22"><span class='ocrx_word' id='word_1_106' title='bbox 137 1374 283 1437; x_wconf 66' lang='lat' dir='ltr'><strong>arcanea,</strong></span> <span class='ocrx_word' id='word_1_107' title='bbox 299 1359 403 1420; x_wconf 88' lang='lat' dir='ltr'><strong>deinde</strong></span> <span class='ocrx_word' id='word_1_108' title='bbox 419 1361 534 1437; x_wconf 90' lang='lat' dir='ltr'><strong>exponi.</strong></span> <span class='ocrx_word' id='word_1_109' title='bbox 561 1357 710 1420; x_wconf 77' lang='lat' dir='ltr'><strong>Contraria</strong></span> <span class='ocrx_word' id='word_1_110' title='bbox 727 1368 791 1419; x_wconf 92' lang='lat' dir='ltr'><strong>sunt</strong></span> <span class='ocrx_word' id='word_1_111' title='bbox 806 1363 899 1419; x_wconf 90' lang='lat' dir='ltr'><strong>omnia</strong></span> <span class='ocrx_word' id='word_1_112' title='bbox 915 1361 1004 1420; x_wconf 91' lang='lat' dir='ltr'><strong>tribus</strong></span> <span class='ocrx_word' id='word_1_113' title='bbox 1021 1363 1104 1440; x_wconf 87' lang='lat' dir='ltr'><strong>liliis,</strong></span> <span class='ocrx_word' id='word_1_114' title='bbox 1122 1368 1169 1444; x_wconf 90' lang='lat' dir='ltr'><strong>qni</strong></span> 
     </span>
     <span class='ocr_line' id='line_1_15' title="bbox 180 1444 1168 1525; baseline 0.005 -20"><span class='ocrx_word' id='word_1_115' title='bbox 180 1448 208 1505; x_wconf 92' lang='lat' dir='ltr'><strong>in</strong></span> <span class='ocrx_word' id='word_1_116' title='bbox 221 1454 343 1505; x_wconf 91' lang='lat' dir='ltr'><strong>mortem</strong></span> <span class='ocrx_word' id='word_1_117' title='bbox 358 1445 447 1523; x_wconf 90' lang='lat' dir='ltr'><strong>patris</strong></span> <span class='ocrx_word' id='word_1_118' title='bbox 465 1444 661 1503; x_wconf 89' lang='lat' dir='ltr'><strong>coniurarant:</strong></span> <span class='ocrx_word' id='word_1_119' title='bbox 683 1445 776 1503; x_wconf 89' lang='lat' dir='ltr'><strong>sortiti</strong></span> <span class='ocrx_word' id='word_1_120' title='bbox 798 1453 885 1503; x_wconf 89' lang='lat' dir='ltr'><strong>nocte</strong></span> <span class='ocrx_word' id='word_1_121' title='bbox 901 1446 1006 1522; x_wconf 84' lang='lat' dir='ltr'><strong>singuli</strong></span> <span class='ocrx_word' id='word_1_122' title='bbox 1024 1464 1079 1525; x_wconf 87' lang='lat' dir='ltr'><strong>per</strong></span> <span class='ocrx_word' id='word_1_123' title='bbox 1094 1452 1168 1511; x_wconf 89' lang='lat' dir='ltr'><strong>ordl-</strong></span> 
     </span>
     <span class='ocr_line' id='line_1_16' title="bbox 180 1526 1167 1607; baseline 0.005 -19"><span class='ocrx_word' id='word_1_124' title='bbox 180 1547 246 1588; x_wconf 89' lang='lat' dir='ltr'><strong>nem</strong></span> <span class='ocrx_word' id='word_1_125' title='bbox 268 1546 332 1588; x_wconf 90' lang='lat' dir='ltr'><strong>cum</strong></span> <span class='ocrx_word' id='word_1_126' title='bbox 354 1529 432 1587; x_wconf 91' lang='lat' dir='ltr'><strong>lerro</strong></span> <span class='ocrx_word' id='word_1_127' title='bbox 456 1526 617 1586; x_wconf 81' lang='lat' dir='ltr'><strong>cubiculum</strong></span> <span class='ocrx_word' id='word_1_128' title='bbox 638 1528 776 1586; x_wconf 89' lang='lat' dir='ltr'><strong>intrarunt</strong></span> <span class='ocrx_word' id='word_1_129' title='bbox 799 1537 882 1607; x_wconf 90' lang='lat' dir='ltr'><strong>patre</strong></span> <span class='ocrx_word' id='word_1_130' title='bbox 904 1528 1078 1598; x_wconf 87' lang='lat' dir='ltr'><strong>dormiente;</strong></span> <span class='ocrx_word' id='word_1_131' title='bbox 1107 1551 1167 1593; x_wconf 90' lang='lat' dir='ltr'><strong>cum</strong></span> 
     </span>
     <span class='ocr_line' id='line_1_17' title="bbox 139 1611 1168 1689; baseline 0.005 -17"><span class='ocrx_word' id='word_1_132' title='bbox 139 1623 172 1678; x_wconf 79' lang='grc'><strong>73</strong></span> <span class='ocrx_word' id='word_1_133' title='bbox 181 1613 319 1672; x_wconf 89' lang='lat' dir='ltr'><strong>occidere</strong></span> <span class='ocrx_word' id='word_1_134' title='bbox 334 1630 399 1670; x_wconf 90' lang='lat' dir='ltr'><strong>eum</strong></span> <span class='ocrx_word' id='word_1_135' title='bbox 413 1628 497 1670; x_wconf 92' lang='lat' dir='ltr'><strong>nemo</strong></span> <span class='ocrx_word' id='word_1_136' title='bbox 513 1611 671 1689; x_wconf 86' lang='lat' dir='ltr'><strong>potuisset,</strong></span> <span class='ocrx_word' id='word_1_137' title='bbox 688 1612 815 1670; x_wconf 83' lang='lat' dir='ltr'><strong>excitato</strong></span> <span class='ocrx_word' id='word_1_138' title='bbox 831 1613 923 1671; x_wconf 90' lang='lat' dir='ltr'><strong>omnia</strong></span> <span class='ocrx_word' id='word_1_139' title='bbox 940 1612 1111 1674; x_wconf 84' lang='lat' dir='ltr'><strong>indicarunt.</strong></span> <span class='ocrx_word' id='word_1_140' title='bbox 1139 1619 1168 1678; x_wconf 82' lang='lat' dir='ltr'><strong>st</strong></span> 
     </span>
     <span class='ocr_line' id='line_1_18' title="bbox 179 1695 1166 1776; baseline 0.004 -20"><span class='ocrx_word' id='word_1_141' title='bbox 179 1707 275 1757; x_wconf 88' lang='lat' dir='ltr'><strong>tamen</strong></span> <span class='ocrx_word' id='word_1_142' title='bbox 295 1705 394 1775; x_wconf 92' lang='lat' dir='ltr'><strong>pater,</strong></span> <span class='ocrx_word' id='word_1_143' title='bbox 412 1697 459 1773; x_wconf 90' lang='lat' dir='ltr'><strong>qui</strong></span> <span class='ocrx_word' id='word_1_144' title='bbox 479 1695 575 1754; x_wconf 88' lang='lat' dir='ltr'><strong>diuisit</strong></span> <span class='ocrx_word' id='word_1_145' title='bbox 596 1696 794 1773; x_wconf 84' lang='lat' dir='ltr'><strong>patrimonium</strong></span> <span class='ocrx_word' id='word_1_146' title='bbox 816 1705 845 1755; x_wconf 89' lang='lat' dir='ltr'><strong>et</strong></span> <span class='ocrx_word' id='word_1_147' title='bbox 864 1713 933 1755; x_wconf 89' lang='lat' dir='ltr'><strong>reos</strong></span> <span class='ocrx_word' id='word_1_148' title='bbox 953 1699 1099 1776; x_wconf 87' lang='lat' dir='ltr'><strong>parricidii</strong></span> <span class='ocrx_word' id='word_1_149' title='bbox 1121 1702 1166 1761; x_wconf 88' lang='lat' dir='ltr'><strong>de·</strong></span> 
     </span>
     <span class='ocr_line' id='line_1_19' title="bbox 181 1777 1165 1860; baseline 0.005 -19"><span class='ocrx_word' id='word_1_150' title='bbox 181 1780 286 1856; x_wconf 89' lang='lat' dir='ltr'><strong>leudit,</strong></span> <span class='ocrx_word' id='word_1_151' title='bbox 308 1781 352 1840; x_wconf 89' lang='lat' dir='ltr'><strong>sia</strong></span> <span class='ocrx_word' id='word_1_152' title='bbox 367 1788 449 1856; x_wconf 73' lang='lat' dir='ltr'><strong>agat:</strong></span> <span class='ocrx_word' id='word_1_153' title='bbox 472 1777 561 1853; x_wconf 82' lang='lat' dir='ltr'><strong>Quod</strong></span> <span class='ocrx_word' id='word_1_154' title='bbox 575 1786 684 1839; x_wconf 81' lang='lat' dir='ltr'><strong>contro</strong></span> <span class='ocrx_word' id='word_1_155' title='bbox 700 1780 794 1856; x_wconf 84' lang='lat' dir='ltr'><strong>lepem</strong></span> <span class='ocrx_word' id='word_1_156' title='bbox 813 1781 944 1860; x_wconf 71' lang='lat' dir='ltr'><strong>sufficit,</strong></span> <span class='ocrx_word' id='word_1_157' title='bbox 963 1784 1165 1859; x_wconf 87' lang='lat' dir='ltr'><strong>parricidium</strong></span> 
     </span>
     <span class='ocr_line' id='line_1_20' title="bbox 179 1864 1166 1942; baseline 0.003 -15"><span class='ocrx_word' id='word_1_158' title='bbox 179 1866 324 1927; x_wconf 79' lang='lat' dir='ltr'><strong>obiicitur</strong></span> <span class='ocrx_word' id='word_1_159' title='bbox 335 1864 511 1940; x_wconf 76' lang='lat' dir='ltr'><strong>iuuenibus,</strong></span> <span class='ocrx_word' id='word_1_160' title='bbox 527 1879 654 1941; x_wconf 76' lang='lat' dir='ltr'><strong>quonam</strong></span> <span class='ocrx_word' id='word_1_161' title='bbox 667 1871 757 1941; x_wconf 83' lang='lat' dir='ltr'><strong>pater</strong></span> <span class='ocrx_word' id='word_1_162' title='bbox 769 1865 841 1924; x_wconf 83' lang='lat' dir='ltr'><strong>eicit</strong></span> <span class='ocrx_word' id='word_1_163' title='bbox 854 1873 948 1942; x_wconf 84' lang='lat' dir='ltr'><strong>alque</strong></span> <span class='ocrx_word' id='word_1_164' title='bbox 960 1868 1052 1927; x_wconf 85' lang='lat' dir='ltr'><strong>etiam</strong></span> <span class='ocrx_word' id='word_1_165' title='bbox 1066 1868 1166 1931; x_wconf 78' lang='lat' dir='ltr'><strong>liberie</strong></span> 
     </span>
     <span class='ocr_line' id='line_1_21' title="bbox 179 1945 1165 2028; baseline 0.004 -16"><span class='ocrx_word' id='word_1_166' title='bbox 179 1951 247 2012; x_wconf 80' lang='lat' dir='ltr'><strong>auis</strong></span> <span class='ocrx_word' id='word_1_167' title='bbox 260 1950 359 2011; x_wconf 86' lang='lat' dir='ltr'><strong>adest.</strong></span> <span class='ocrx_word' id='word_1_168' title='bbox 384 1945 529 2010; x_wconf 81' lang='lat' dir='ltr'><strong>Ordinem</strong></span> <span class='ocrx_word' id='word_1_169' title='bbox 540 1948 588 2009; x_wconf 90' lang='lat' dir='ltr'><strong>rei</strong></span> <span class='ocrx_word' id='word_1_170' title='bbox 600 1965 738 2009; x_wconf 69' lang='lat' dir='ltr'><strong>numere</strong></span> <span class='ocrx_word' id='word_1_171' title='bbox 751 1948 825 2026; x_wconf 84' lang='lat' dir='ltr'><strong>quid</strong></span> <span class='ocrx_word' id='word_1_172' title='bbox 838 1968 964 2011; x_wconf 80' lang='lat' dir='ltr'><strong>necesse</strong></span> <span class='ocrx_word' id='word_1_173' title='bbox 976 1959 1030 2028; x_wconf 82' lang='lat' dir='ltr'><strong>est,</strong></span> <span class='ocrx_word' id='word_1_174' title='bbox 1047 1972 1117 2014; x_wconf 86' lang='lat' dir='ltr'><strong>eum</strong></span> <span class='ocrx_word' id='word_1_175' title='bbox 1126 1956 1165 2016; x_wconf 88' lang='lat' dir='ltr'><strong>od</strong></span> 
     </span>
     <span class='ocr_line' id='line_1_22' title="bbox 179 2032 1165 2115; baseline 0.003 -19"><span class='ocrx_word' id='word_1_176' title='bbox 179 2035 275 2112; x_wconf 82' lang='lat' dir='ltr'><strong>iepem</strong></span> <span class='ocrx_word' id='word_1_177' title='bbox 293 2034 369 2095; x_wconf 81' lang='lat' dir='ltr'><strong>raidil</strong></span> <span class='ocrx_word' id='word_1_178' title='bbox 384 2033 562 2111; x_wconf 72' lang='lat' dir='ltr'><strong>pertineat?</strong></span> <span class='ocrx_word' id='word_1_179' title='bbox 588 2032 646 2092; x_wconf 83' lang='lat' dir='ltr'><strong>aed</strong></span> <span class='ocrx_word' id='word_1_180' title='bbox 664 2033 693 2091; x_wconf 84' lang='lat' dir='ltr'><strong>si</strong></span> <span class='ocrx_word' id='word_1_181' title='bbox 714 2034 929 2111; x_wconf 70' lang='lat' dir='ltr'><strong>conformarem</strong></span> <span class='ocrx_word' id='word_1_182' title='bbox 952 2038 1063 2115; x_wconf 80' lang='lat' dir='ltr'><strong>culpae</strong></span> <span class='ocrx_word' id='word_1_183' title='bbox 1086 2057 1165 2100; x_wconf 88' lang='lat' dir='ltr'><strong>meae</strong></span> 
     </span>
     <span class='ocr_line' id='line_1_23' title="bbox 179 2117 1165 2196; baseline 0.003 -16"><span class='ocrx_word' id='word_1_184' title='bbox 179 2118 321 2196; x_wconf 66' lang='lat' dir='ltr'><strong>matris:</strong></span> <span class='ocrx_word' id='word_1_185' title='bbox 340 2118 388 2196; x_wconf 74' lang='lat' dir='ltr'><strong>sui</strong></span> <span class='ocrx_word' id='word_1_186' title='bbox 404 2125 497 2194; x_wconf 83' lang='lat' dir='ltr'><strong>pater</strong></span> <span class='ocrx_word' id='word_1_187' title='bbox 513 2117 612 2176; x_wconf 77' lang='lat' dir='ltr'><strong>dunas</strong></span> <span class='ocrx_word' id='word_1_188' title='bbox 628 2118 857 2194; x_wconf 78' lang='lat' dir='ltr'><strong>etpotrimonii,</strong></span> <span class='ocrx_word' id='word_1_189' title='bbox 879 2121 960 2196; x_wconf 85' lang='lat' dir='ltr'><strong>quod</strong></span> <span class='ocrx_word' id='word_1_190' title='bbox 979 2121 1044 2181; x_wconf 89' lang='lat' dir='ltr'><strong>ium</strong></span> <span class='ocrx_word' id='word_1_191' title='bbox 1063 2121 1165 2183; x_wconf 71' lang='lat' dir='ltr'><strong>medus</strong></span> 
     </span>
     <span class='ocr_line' id='line_1_24' title="bbox 180 2200 1164 2278; baseline 0.005 -17"><span class='ocrx_word' id='word_1_192' title='bbox 180 2202 221 2262; x_wconf 84' lang='lat' dir='ltr'><strong>eo</strong></span> <span class='ocrx_word' id='word_1_193' title='bbox 241 2200 290 2261; x_wconf 78' lang='lat' dir='ltr'><strong>iis</strong></span> <span class='ocrx_word' id='word_1_194' title='bbox 308 2201 521 2262; x_wconf 75' lang='lat' dir='ltr'><strong>administrari</strong></span> <span class='ocrx_word' id='word_1_195' title='bbox 537 2207 675 2278; x_wconf 86' lang='lat' dir='ltr'><strong>poterat,</strong></span> <span class='ocrx_word' id='word_1_196' title='bbox 698 2207 791 2260; x_wconf 78' lang='lat' dir='ltr'><strong>terrac</strong></span> <span class='ocrx_word' id='word_1_197' title='bbox 809 2211 931 2275; x_wconf 79' lang='lat' dir='ltr'><strong>curtos;</strong></span> <span class='ocrx_word' id='word_1_198' title='bbox 958 2203 1063 2263; x_wconf 92' lang='lat' dir='ltr'><strong>deinde</strong></span> <span class='ocrx_word' id='word_1_199' title='bbox 1083 2206 1164 2266; x_wconf 86' lang='lat' dir='ltr'><strong>subii·</strong></span> 
     </span>
     <span class='ocr_line' id='line_1_25' title="bbox 139 2282 1165 2367; baseline 0.007 -21"><span class='ocrx_word' id='word_1_200' title='bbox 139 2285 269 2349; x_wconf 73' lang='lat' dir='ltr'><strong>tleitnr:</strong></span> <span class='ocrx_word' id='word_1_201' title='bbox 292 2282 468 2345; x_wconf 76' lang='lat' dir='ltr'><strong>stimulatos</strong></span> <span class='ocrx_word' id='word_1_202' title='bbox 485 2283 525 2345; x_wconf 87' lang='lat' dir='ltr'><strong>ab</strong></span> <span class='ocrx_word' id='word_1_203' title='bbox 546 2284 603 2358; x_wconf 80' lang='lat' dir='ltr'><strong>iis,</strong></span> <span class='ocrx_word' id='word_1_204' title='bbox 626 2299 752 2359; x_wconf 86' lang='lat' dir='ltr'><strong>quorum</strong></span> <span class='ocrx_word' id='word_1_205' title='bbox 769 2286 1007 2364; x_wconf 83' lang='lat' dir='ltr'><strong>iaduipeutieres</strong></span> <span class='ocrx_word' id='word_1_206' title='bbox 1025 2300 1165 2367; x_wconf 79' lang='lat' dir='ltr'><strong>parentes</strong></span> 
     </span>
     <span class='ocr_line' id='line_1_26' title="bbox 180 2367 1163 2450; baseline 0.008 -22"><span class='ocrx_word' id='word_1_207' title='bbox 180 2376 284 2443; x_wconf 67' lang='lat' dir='ltr'><strong>munt,</strong></span> <span class='ocrx_word' id='word_1_208' title='bbox 301 2386 421 2446; x_wconf 75' lang='lat' dir='ltr'><strong>seraper</strong></span> <span class='ocrx_word' id='word_1_209' title='bbox 434 2376 534 2428; x_wconf 82' lang='lat' dir='ltr'><strong>tumea</strong></span> <span class='ocrx_word' id='word_1_210' title='bbox 547 2367 689 2427; x_wconf 72' lang='lat' dir='ltr'><strong>imorem</strong></span> <span class='ocrx_word' id='word_1_211' title='bbox 702 2387 769 2428; x_wconf 88' lang='lat' dir='ltr'><strong>eum</strong></span> <span class='ocrx_word' id='word_1_212' title='bbox 783 2371 932 2448; x_wconf 81' lang='lat' dir='ltr'><strong>animum,</strong></span> <span class='ocrx_word' id='word_1_213' title='bbox 947 2374 1000 2450; x_wconf 91' lang='lat' dir='ltr'><strong>qui</strong></span> <span class='ocrx_word' id='word_1_214' title='bbox 1011 2375 1052 2434; x_wconf 84' lang='lat' dir='ltr'><strong>sit</strong></span> <span class='ocrx_word' id='word_1_215' title='bbox 1065 2383 1163 2436; x_wconf 76' lang='lat' dir='ltr'><strong>evade</strong></span> 
     </span>
     <span class='ocr_line' id='line_1_27' title="bbox 181 2451 1163 2536; baseline 0.008 -24"><span class='ocrx_word' id='word_1_216' title='bbox 181 2451 402 2530; x_wconf 64' lang='lat' dir='ltr'><strong>demetamus,</strong></span> <span class='ocrx_word' id='word_1_217' title='bbox 417 2461 450 2512; x_wconf 89' lang='lat' dir='ltr'><strong>ut</strong></span> <span class='ocrx_word' id='word_1_218' title='bbox 462 2451 608 2513; x_wconf 56' lang='lat' dir='ltr'><strong>occidere*</strong></span> <span class='ocrx_word' id='word_1_219' title='bbox 614 2458 736 2528; x_wconf 88' lang='lat' dir='ltr'><strong>patrem</strong></span> <span class='ocrx_word' id='word_1_220' title='bbox 749 2471 807 2513; x_wconf 80' lang='lat' dir='ltr'><strong>uon</strong></span> <span class='ocrx_word' id='word_1_221' title='bbox 817 2465 951 2532; x_wconf 81' lang='lat' dir='ltr'><strong>possent.</strong></span> <span class='ocrx_word' id='word_1_222' title='bbox 972 2456 1081 2536; x_wconf 84' lang='lat' dir='ltr'><strong>Neque</strong></span> <span class='ocrx_word' id='word_1_223' title='bbox 1092 2461 1163 2520; x_wconf 82' lang='lat' dir='ltr'><strong>enim</strong></span> 
     </span>
     <span class='ocr_line' id='line_1_28' title="bbox 179 2536 1162 2618; baseline 0.011 -24"><span class='ocrx_word' id='word_1_224' title='bbox 179 2536 381 2597; x_wconf 82' lang='lat' dir='ltr'><strong>iureiurando</strong></span> <span class='ocrx_word' id='word_1_225' title='bbox 393 2554 469 2614; x_wconf 86' lang='lat' dir='ltr'><strong>opus</strong></span> <span class='ocrx_word' id='word_1_226' title='bbox 485 2536 599 2613; x_wconf 68' lang='lat' dir='ltr'><strong>fidere,</strong></span> <span class='ocrx_word' id='word_1_227' title='bbox 617 2537 647 2594; x_wconf 79' lang='lat' dir='ltr'><strong>e·</strong></span> <span class='ocrx_word' id='word_1_228' title='bbox 664 2536 778 2614; x_wconf 82' lang='lat' dir='ltr'><strong>alioqui</strong></span> <span class='ocrx_word' id='word_1_229' title='bbox 791 2538 847 2599; x_wconf 83' lang='lat' dir='ltr'><strong>ltoc</strong></span> <span class='ocrx_word' id='word_1_230' title='bbox 861 2543 969 2602; x_wconf 80' lang='lat' dir='ltr'><strong>mentis</strong></span> <span class='ocrx_word' id='word_1_231' title='bbox 982 2542 1162 2618; x_wconf 79' lang='lat' dir='ltr'><strong>debuissent,</strong></span> 
     </span>
     <span class='ocr_line' id='line_1_29' title="bbox 180 2619 1162 2697; baseline 0.006 -17"><span class='ocrx_word' id='word_1_232' title='bbox 180 2638 238 2680; x_wconf 81' lang='lat' dir='ltr'><strong>aec</strong></span> <span class='ocrx_word' id='word_1_233' title='bbox 251 2627 350 2695; x_wconf 80' lang='lat' dir='ltr'><strong>sorte,</strong></span> <span class='ocrx_word' id='word_1_234' title='bbox 364 2621 426 2680; x_wconf 84' lang='lat' dir='ltr'><strong>uisi</strong></span> <span class='ocrx_word' id='word_1_235' title='bbox 439 2621 522 2697; x_wconf 80' lang='lat' dir='ltr'><strong>quod</strong></span> <span class='ocrx_word' id='word_1_236' title='bbox 534 2637 569 2679; x_wconf 89' lang='lat' dir='ltr'><strong>se</strong></span> <span class='ocrx_word' id='word_1_237' title='bbox 583 2619 710 2696; x_wconf 71' lang='lat' dir='ltr'><strong>qusque</strong></span> <span class='ocrx_word' id='word_1_238' title='bbox 724 2622 816 2682; x_wconf 74' lang='lat' dir='ltr'><strong>ericii</strong></span> <span class='ocrx_word' id='word_1_239' title='bbox 827 2624 968 2686; x_wconf 81' lang='lat' dir='ltr'><strong>voluerit:</strong></span> <span class='ocrx_word' id='word_1_240' title='bbox 989 2629 1083 2687; x_wconf 91' lang='lat' dir='ltr'><strong>omnia</strong></span> <span class='ocrx_word' id='word_1_241' title='bbox 1097 2628 1162 2688; x_wconf 85' lang='lat' dir='ltr'><strong>lraee</strong></span> 
     </span>
     <span class='ocr_line' id='line_1_30' title="bbox 182 2701 1162 2790; baseline 0.01 -29"><span class='ocrx_word' id='word_1_242' title='bbox 182 2702 391 2781; x_wconf 86' lang='lat' dir='ltr'><strong>qualiacunque</strong></span> <span class='ocrx_word' id='word_1_243' title='bbox 407 2701 614 2782; x_wconf 85' lang='lat' dir='ltr'><strong>placidioribus</strong></span> <span class='ocrx_word' id='word_1_244' title='bbox 633 2703 732 2762; x_wconf 85' lang='lat' dir='ltr'><strong>animis</strong></span> <span class='ocrx_word' id='word_1_245' title='bbox 751 2708 930 2785; x_wconf 88' lang='lat' dir='ltr'><strong>accipientur</strong></span> <span class='ocrx_word' id='word_1_246' title='bbox 947 2709 998 2769; x_wconf 89' lang='lat' dir='ltr'><strong>illa</strong></span> <span class='ocrx_word' id='word_1_247' title='bbox 1013 2710 1096 2772; x_wconf 87' lang='lat' dir='ltr'><strong>brevi</strong></span> <span class='ocrx_word' id='word_1_248' title='bbox 1113 2713 1162 2790; x_wconf 78' lang='lat' dir='ltr'><strong>pri</strong></span> 
     </span>
     <span class='ocr_line' id='line_1_31' title="bbox 140 2786 1196 2873; baseline 0.013 -29"><span class='ocrx_word' id='word_1_249' title='bbox 140 2796 246 2852; x_wconf 69' lang='lat' dir='ltr'><strong>ramae</strong></span> <span class='ocrx_word' id='word_1_250' title='bbox 262 2789 471 2865; x_wconf 85' lang='lat' dir='ltr'><strong>propositionis</strong></span> <span class='ocrx_word' id='word_1_251' title='bbox 487 2787 657 2846; x_wconf 80' lang='lat' dir='ltr'><strong>defensione</strong></span> <span class='ocrx_word' id='word_1_252' title='bbox 672 2786 790 2847; x_wconf 86' lang='lat' dir='ltr'><strong>mollita.</strong></span> <span class='ocrx_word' id='word_1_253' title='bbox 819 2789 858 2850; x_wconf 80' lang='lat' dir='ltr'><strong>lt</strong></span> <span class='ocrx_word' id='word_1_254' title='bbox 873 2810 937 2852; x_wconf 90' lang='lat' dir='ltr'><strong>cum</strong></span> <span class='ocrx_word' id='word_1_255' title='bbox 952 2796 1110 2873; x_wconf 82' lang='lat' dir='ltr'><strong>quaeritur,</strong></span> <span class='ocrx_word' id='word_1_256' title='bbox 1124 2795 1161 2855; x_wconf 84' lang='lat' dir='ltr'><strong>lla</strong></span> <span class='ocrx_word' id='word_1_257' title='bbox 1195 2849 1196 2858; x_wconf 73' lang='grc'>,</span> 
     </span>
     <span class='ocr_line' id='line_1_32' title="bbox 182 2868 1195 2946; baseline 0.013 -17"><span class='ocrx_word' id='word_1_258' title='bbox 182 2870 287 2930; x_wconf 85' lang='lat' dir='ltr'><strong>iactum</strong></span> <span class='ocrx_word' id='word_1_259' title='bbox 302 2868 361 2930; x_wconf 80' lang='lat' dir='ltr'><strong>siti</strong></span> <span class='ocrx_word' id='word_1_260' title='bbox 387 2871 455 2946; x_wconf 81' lang='lat' dir='ltr'><strong>rel,</strong></span> <span class='ocrx_word' id='word_1_261' title='bbox 478 2870 572 2943; x_wconf 80' lang='lat' dir='ltr'><strong>Quale</strong></span> <span class='ocrx_word' id='word_1_262' title='bbox 588 2870 694 2930; x_wconf 83' lang='lat' dir='ltr'><strong>iactum</strong></span> <span class='ocrx_word' id='word_1_263' title='bbox 710 2869 768 2932; x_wconf 81' lang='lat' dir='ltr'><strong>sit?</strong></span> <span class='ocrx_word' id='word_1_264' title='bbox 793 2873 864 2934; x_wconf 89' lang='lat' dir='ltr'><strong>licet</strong></span> <span class='ocrx_word' id='word_1_265' title='bbox 884 2880 979 2937; x_wconf 87' lang='lat' dir='ltr'><strong>omnia</strong></span> <span class='ocrx_word' id='word_1_266' title='bbox 995 2889 1096 2941; x_wconf 90' lang='lat' dir='ltr'><strong>contra</strong></span> <span class='ocrx_word' id='word_1_267' title='bbox 1116 2895 1161 2940; x_wconf 82' lang='lat' dir='ltr'><strong>not</strong></span> <span class='ocrx_word' id='word_1_268' title='bbox 1194 2903 1195 2918; x_wconf 58' lang='lat'>¹</span> 
     </span>
     <span class='ocr_line' id='line_1_33' title="bbox 182 2955 1159 3034; baseline 0.014 -22"><span class='ocrx_word' id='word_1_269' title='bbox 182 2956 253 3013; x_wconf 88' lang='lat' dir='ltr'><strong>sint:</strong></span> <span class='ocrx_word' id='word_1_270' title='bbox 274 2955 417 3034; x_wconf 85' lang='lat' dir='ltr'><strong>quomodo</strong></span> <span class='ocrx_word' id='word_1_271' title='bbox 440 2964 535 3014; x_wconf 89' lang='lat' dir='ltr'><strong>tamen</strong></span> <span class='ocrx_word' id='word_1_272' title='bbox 550 2956 660 3015; x_wconf 85' lang='lat' dir='ltr'><strong>evitare</strong></span> <span class='ocrx_word' id='word_1_273' title='bbox 674 2959 885 3034; x_wconf 83' lang='lat' dir='ltr'><strong>expositionem</strong></span> <span class='ocrx_word' id='word_1_274' title='bbox 902 2962 985 3022; x_wconf 87' lang='lat' dir='ltr'><strong>salva</strong></span> <span class='ocrx_word' id='word_1_275' title='bbox 1001 2982 1109 3025; x_wconf 89' lang='lat' dir='ltr'><strong>causae</strong></span> <span class='ocrx_word' id='word_1_276' title='bbox 1124 2982 1159 3024; x_wconf 80' lang='lat' dir='ltr'><strong>re</strong></span> 
     </span>
     <span class='ocr_line' id='line_1_34' title="bbox 182 3036 1159 3129; baseline 0.014 -33"><span class='ocrx_word' id='word_1_277' title='bbox 182 3039 261 3096; x_wconf 90' lang='lat' dir='ltr'><strong>tione</strong></span> <span class='ocrx_word' id='word_1_278' title='bbox 282 3036 458 3117; x_wconf 77' lang='lat' dir='ltr'><strong>possumus?</strong></span> <span class='ocrx_word' id='word_1_279' title='bbox 495 3038 629 3098; x_wconf 84' lang='lat' dir='ltr'><strong>Narravit</strong></span> <span class='ocrx_word' id='word_1_280' title='bbox 652 3050 805 3100; x_wconf 87' lang='lat' dir='ltr'><strong>accusator</strong></span> <span class='ocrx_word' id='word_1_281' title='bbox 828 3061 925 3123; x_wconf 91' lang='lat' dir='ltr'><strong>neque</strong></span> <span class='ocrx_word' id='word_1_282' title='bbox 953 3048 993 3106; x_wconf 86' lang='lat' dir='ltr'><strong>ita</strong></span> <span class='ocrx_word' id='word_1_283' title='bbox 1018 3057 1067 3125; x_wconf 91' lang='lat' dir='ltr'><strong>ut,</strong></span> <span class='ocrx_word' id='word_1_284' title='bbox 1096 3065 1159 3129; x_wconf 79' lang='lat' dir='ltr'><strong>qnae</strong></span> 
     </span>
     <span class='ocr_line' id='line_1_35' title="bbox 183 3122 1157 3206; baseline 0.012 -26"><span class='ocrx_word' id='word_1_285' title='bbox 183 3131 283 3182; x_wconf 84' lang='lat' dir='ltr'><strong>essem</strong></span> <span class='ocrx_word' id='word_1_286' title='bbox 296 3131 372 3198; x_wconf 86' lang='lat' dir='ltr'><strong>aeta,</strong></span> <span class='ocrx_word' id='word_1_287' title='bbox 388 3132 494 3183; x_wconf 87' lang='lat' dir='ltr'><strong>tantum</strong></span> <span class='ocrx_word' id='word_1_288' title='bbox 508 3122 663 3192; x_wconf 77' lang='lat' dir='ltr'><strong>indicaret:</strong></span> <span class='ocrx_word' id='word_1_289' title='bbox 682 3124 735 3185; x_wconf 87' lang='lat' dir='ltr'><strong>sed</strong></span> <span class='ocrx_word' id='word_1_290' title='bbox 750 3126 855 3187; x_wconf 88' lang='lat' dir='ltr'><strong>adiecit</strong></span> <span class='ocrx_word' id='word_1_291' title='bbox 868 3130 1013 3206; x_wconf 83' lang='lat' dir='ltr'><strong>invidiam,</strong></span> <span class='ocrx_word' id='word_1_292' title='bbox 1030 3151 1092 3194; x_wconf 93' lang='lat' dir='ltr'><strong>rem</strong></span> <span class='ocrx_word' id='word_1_293' title='bbox 1106 3150 1157 3192; x_wconf 67' lang='lat' dir='ltr'><strong>rm</strong></span> 
     </span>
     <span class='ocr_line' id='line_1_36' title="bbox 182 3204 1158 3291; baseline 0.016 -27"><span class='ocrx_word' id='word_1_294' title='bbox 182 3204 228 3264; x_wconf 82' lang='lat' dir='ltr'><strong>luis</strong></span> <span class='ocrx_word' id='word_1_295' title='bbox 243 3209 442 3284; x_wconf 75' lang='lat' dir='ltr'><strong>exasperavit,</strong></span> <span class='ocrx_word' id='word_1_296' title='bbox 458 3216 647 3267; x_wconf 87' lang='lat' dir='ltr'><strong>accesserunt</strong></span> <span class='ocrx_word' id='word_1_297' title='bbox 661 3209 863 3287; x_wconf 82' lang='lat' dir='ltr'><strong>probationes,</strong></span> <span class='ocrx_word' id='word_1_298' title='bbox 881 3218 1032 3291; x_wconf 88' lang='lat' dir='ltr'><strong>peroratio</strong></span> <span class='ocrx_word' id='word_1_299' title='bbox 1047 3217 1158 3278; x_wconf 56' lang='lat' dir='ltr'><strong>incer&amp;</strong></span> 
     </span>
     <span class='ocr_line' id='line_1_37' title="bbox 142 3288 1157 3382; baseline 0.017 -35"><span class='ocrx_word' id='word_1_300' title='bbox 142 3295 214 3353; x_wconf 73' lang='lat' dir='ltr'><strong>teet</strong></span> <span class='ocrx_word' id='word_1_301' title='bbox 235 3288 339 3367; x_wconf 89' lang='lat' dir='ltr'><strong>plenos</strong></span> <span class='ocrx_word' id='word_1_302' title='bbox 361 3292 422 3350; x_wconf 90' lang='lat' dir='ltr'><strong>irae</strong></span> <span class='ocrx_word' id='word_1_303' title='bbox 442 3291 568 3368; x_wconf 87' lang='lat' dir='ltr'><strong>reliquit.</strong></span> <span class='ocrx_word' id='word_1_304' title='bbox 614 3289 758 3370; x_wconf 76' lang='lat' dir='ltr'><strong>Expectat</strong></span> <span class='ocrx_word' id='word_1_305' title='bbox 778 3297 949 3359; x_wconf 89' lang='lat' dir='ltr'><strong>naturaliter</strong></span> <span class='ocrx_word' id='word_1_306' title='bbox 970 3301 1078 3380; x_wconf 81' lang='lat' dir='ltr'><strong>index,</strong></span> <span class='ocrx_word' id='word_1_307' title='bbox 1104 3297 1157 3382; x_wconf 61' lang='lat' dir='ltr'><strong>qd</strong></span> 
     </span>
     <span class='ocr_line' id='line_1_38' title="bbox 185 3373 1155 3466; baseline 0.014 -36"><span class='ocrx_word' id='word_1_308' title='bbox 185 3381 318 3432; x_wconf 82' lang='lat' dir='ltr'><strong>narretur</strong></span> <span class='ocrx_word' id='word_1_309' title='bbox 336 3389 352 3433; x_wconf 86' lang='lat' dir='ltr'><strong>a</strong></span> <span class='ocrx_word' id='word_1_310' title='bbox 368 3373 461 3434; x_wconf 84' lang='lat' dir='ltr'><strong>nobis.</strong></span> <span class='ocrx_word' id='word_1_311' title='bbox 497 3376 528 3435; x_wconf 91' lang='lat' dir='ltr'><strong>Si</strong></span> <span class='ocrx_word' id='word_1_312' title='bbox 548 3374 619 3436; x_wconf 86' lang='lat' dir='ltr'><strong>nilril</strong></span> <span class='ocrx_word' id='word_1_313' title='bbox 638 3379 822 3454; x_wconf 84' lang='lat' dir='ltr'><strong>exponimus:</strong></span> <span class='ocrx_word' id='word_1_314' title='bbox 844 3380 895 3442; x_wconf 88' lang='lat' dir='ltr'><strong>illa</strong></span> <span class='ocrx_word' id='word_1_315' title='bbox 917 3402 1003 3462; x_wconf 87' lang='lat' dir='ltr'><strong>esse,</strong></span> <span class='ocrx_word' id='word_1_316' title='bbox 1025 3405 1099 3466; x_wconf 89' lang='lat' dir='ltr'><strong>quae</strong></span> <span class='ocrx_word' id='word_1_317' title='bbox 1117 3382 1155 3444; x_wconf 67' lang='lat' dir='ltr'><strong>dr</strong></span> 
     </span>
     <span class='ocr_line' id='line_1_39' title="bbox 242 3457 1154 3542; baseline 0.016 -26"><span class='ocrx_word' id='word_1_318' title='bbox 242 3457 329 3518; x_wconf 71' lang='lat' dir='ltr'><strong>arins</strong></span> <span class='ocrx_word' id='word_1_319' title='bbox 354 3457 440 3536; x_wconf 81' lang='lat' dir='ltr'><strong>dixit,</strong></span> <span class='ocrx_word' id='word_1_320' title='bbox 463 3467 493 3518; x_wconf 91' lang='lat' dir='ltr'><strong>et</strong></span> <span class='ocrx_word' id='word_1_321' title='bbox 512 3458 607 3536; x_wconf 80' lang='lat' dir='ltr'><strong>talia,</strong></span> <span class='ocrx_word' id='word_1_322' title='bbox 625 3460 720 3539; x_wconf 88' lang='lat' dir='ltr'><strong>qualia</strong></span> <span class='ocrx_word' id='word_1_323' title='bbox 740 3463 826 3542; x_wconf 82' lang='lat' dir='ltr'><strong>dixit,</strong></span> <span class='ocrx_word' id='word_1_324' title='bbox 848 3468 949 3530; x_wconf 85' lang='lat' dir='ltr'><strong>credat</strong></span> <span class='ocrx_word' id='word_1_325' title='bbox 969 3489 1093 3533; x_wconf 87' lang='lat' dir='ltr'><strong>necesse</strong></span> <span class='ocrx_word' id='word_1_326' title='bbox 1111 3475 1154 3531; x_wconf 63' lang='lat' dir='ltr'><strong>et</strong></span> 
     </span>
    </p>
   </div>
   <div class='ocr_carea' id='block_1_3' title="bbox 0 0 1222 3925">
    <p class='ocr_par' dir='ltr' id='par_1_3' title="bbox 0 0 1222 3925">
     <span class='ocr_line' id='line_1_40' title="bbox 0 0 1222 3925; baseline 0 5"><span class='ocrx_word' id='word_1_327' title='bbox 0 0 1222 3925; x_wconf 95' lang='lat' dir='ltr'><strong> </strong></span> 
     </span>
    </p>
   </div>
  </div>
 </body>
</html>
