2434 3925
157 178 219 241 tto
475 193 835 253 transmontanorum

159 350 259 426 cepta:
275 349 313 406 ita
330 347 416 426 plane
432 347 560 423 ailirmo,
577 348 735 427 praecipue
750 350 875 426 positum
892 348 960 407 esse
975 351 1003 408 in
1024 358 1161 410 natura

116 441 189 495 laet
203 433 232 490 in
247 434 463 491 occasione.
499 431 590 491 Porro
611 443 711 491 nntma
731 450 790 491 non
810 440 917 491 tantum
937 434 966 491 in
988 432 1044 492 boc
1059 433 1158 507 valet,

157 524 188 574 ut
210 516 320 574 acutior
342 517 406 593 qnis
432 524 518 592 atque
541 515 666 574 habilior
682 518 719 574 sit
730 517 775 576 md
791 516 1004 584 inveniendum
1028 516 1113 594 (nam
1129 517 1160 577 id

155 616 227 658 sane
248 599 375 659 doctrina
395 602 488 677 possit
507 602 631 679 augeri)
656 600 709 659 sed
731 602 806 659 inest
827 601 961 676 proprius
983 600 1159 677 quibusdam

158 683 248 742 decor
262 685 290 742 in
305 683 402 742 habitu
424 701 459 742 ac
478 684 574 758 vultu,
596 690 629 743 ut
651 684 752 743 eadem
773 684 822 743 illa
842 684 933 742 minus
953 684 1011 743 alio
1036 685 1158 743 dicente

116 777 150 832 13
157 766 267 827 urbana
280 785 347 825 esse
361 767 522 826 videantur.
558 766 712 827 Occasioni
733 784 805 826 vero
822 776 851 825 et
866 768 894 825 in
909 767 998 826 rebus'
1012 776 1056 826 est
1075 776 1157 827 tanta

156 852 215 925 vis,
240 860 269 909 ut
291 868 381 928 saepe
402 852 489 910 adiuti
510 868 545 909 ea
566 868 623 909 non
644 852 751 911 indocti
774 852 859 911 modo
880 852 933 910 sed
951 852 1035 910 etiam
1050 852 1155 909 rustici

153 934 235 993 salse
249 934 359 1009 dicant,
380 938 453 994 etin
469 951 523 1010 eo,
548 952 611 993 eum
627 937 690 1012 quis
708 935 814 1012 aliquid
830 934 934 994 dixerit
952 937 1040 1012 prior.
1080 935 1156 994 Sunt

156 1019 231 1077 enim
245 1017 334 1095 longe
347 1020 514 1077 venustiora
528 1021 623 1078 omnia
636 1021 664 1078 in
680 1018 884 1096 respondendo
900 1035 983 1095 qnam
999 1019 1027 1075 in
1041 1034 1154 1094 provo·

114 1102 258 1165 meando.
290 1101 414 1162 Accedit
430 1102 608 1177 difficultati,
631 1102 708 1180 quod
729 1104 791 1161 eius
813 1103 856 1161 rei
876 1102 955 1161 nulla
978 1100 1153 1160 'exercitatio

156 1195 211 1259 est,
233 1185 304 1245 nulli
328 1195 547 1264 praeceptores.
584 1185 686 1263 ltaque
703 1187 731 1244 iu
758 1187 895 1244 conviviis
919 1195 948 1244 et
968 1185 1153 1244 sermonibus

154 1268 235 1328 multi
258 1269 392 1344 dicaces,
415 1271 480 1347 quia
500 1271 528 1328 in
548 1269 605 1328 hoo
625 1288 678 1328 usu
702 1271 845 1330 cotidiano
860 1270 1034 1346 proficimus.
1079 1267 1152 1328 Ora·

155 1354 229 1412 toria
243 1352 390 1412 urbanitas
404 1371 486 1428 rara,
510 1370 565 1412 nec
581 1372 618 1412 ex
636 1363 719 1430 parte
739 1355 856 1431 propria
871 1353 923 1412 sed
940 1353 975 1412 ad
992 1353 1064 1412 banc
1080 1369 1151 1411 cou-

12 1434 13 1437 '
114 1437 333 1501 ussuetudtnem
352 1437 577 1496 accommodata.
614 1436 690 1496 Nihil
717 1446 811 1496 autem
833 1437 949 1511 vetabat
971 1445 1000 1495 et
1014 1438 1152 1512 componi

154 1520 292 1579 materias
313 1522 341 1578 in
363 1521 420 1580 boc
434 1521 572 1594 idoneas,
592 1530 625 1579 ut
640 1522 858 1580 controuersiae
873 1521 1022 1598 permixtis
1039 1519 1150 1578 salibus

156 1603 348 1680 tingerentur,
370 1604 419 1663 uel
440 1622 488 1664 res
505 1606 629 1682 proponi
645 1604 773 1681 singulas
795 1605 830 1664 ad
847 1607 979 1664 iuvenum
993 1602 1081 1663 talem
1097 1621 1148 1661 ex·

18 1756 25 1768 .
114 1688 362 1752 ldercitationem.
386 1688 461 1761 Quin
477 1688 545 1748 illae
562 1689 655 1765 ipsae,
672 1690 848 1766 (dictasunt
863 1706 897 1747 ac
908 1689 1061 1766 vocantur)
1076 1704 1149 1764 quas

156 1773 243 1830 certis
262 1772 362 1832 diebus
385 1772 479 1831 festae
500 1772 634 1831 licentiae
662 1773 761 1831 dicere
785 1771 965 1846 solebamus,
987 1772 1012 1829 si
1033 1770 1148 1847 paulum

155 1855 279 1914 adbibita
296 1858 406 1915 ratione
422 1856 608 1933 tingerentur,
626 1864 673 1915 aut
687 1855 795 1933 aliquid
810 1858 838 1914 in
853 1855 897 1914 bis
913 1857 1018 1914 serium
1031 1871 1147 1932 quoque

156 1949 235 2000 esset
255 1940 423 2017 admixtum,
452 1939 603 2019 plurimum
628 1948 762 2018 poterant
782 1939 910 2014 utilitatis
931 1939 1050 2006 alierum
1067 1954 1147 2017 quae

154 2041 228 2083 nunc
246 2026 379 2083 iuvenum
393 2024 442 2084 vel
457 2024 511 2083 sibi
528 2025 684 2084 ludentium
699 2026 869 2083 exercitatio
885 2033 939 2082 est.

114 2116 146 2172 17
238 2108 368 2167 Pluribus
391 2118 485 2167 autem
507 2108 667 2167 nominibus
693 2109 721 2167 in
742 2108 843 2167 eadem
865 2126 897 2166 re
916 2106 1005 2183 vulgo
1027 2107 1145 2173 utimur;

156 2210 229 2270 quae
243 2200 339 2250 tamen
359 2193 384 2250 si
399 2192 534 2266 diducas,
556 2209 636 2250 suam
660 2192 798 2269 quandam
819 2193 965 2269 propriam
978 2192 1034 2249 vim
1049 2198 1146 2248 osten·

155 2277 232 2335 dent.
268 2274 340 2333 Nam
362 2285 391 2335 et
412 2275 612 2335 urbanitas
632 2275 750 2349 dicitur,
779 2293 834 2351 qua
858 2276 972 2352 quidem
991 2273 1146 2349 significari

154 2358 241 2417 video
261 2376 423 2418 sermonem
439 2359 652 2436 praeferentem
677 2361 705 2417 in
720 2358 817 2417 verbis
833 2368 861 2417 et
878 2375 950 2417 sono
967 2366 996 2416 et
1011 2376 1063 2415 usu
1079 2373 1145 2433 pro·

155 2443 248 2521 prium
269 2443 409 2518 quendam
429 2452 542 2519 gustum
563 2442 642 2502 urbis
663 2452 692 2501 et
713 2451 852 2520 sumptam
872 2460 910 2501 ex
925 2442 1145 2501 conversatione

156 2526 307 2585 doctomm
321 2528 435 2585 tacitam
450 2526 652 2600 eruditionem,
676 2527 799 2603 deniqne
820 2527 866 2586 oui
887 2527 1029 2585 contraria
1049 2525 1085 2582 sit
1097 2542 1144 2582 ru·

114 2621 148 2676 18
157 2611 276 2668 sticitas.
314 2608 513 2669 venustum
534 2627 618 2684 esse,
641 2609 718 2687 quod
734 2628 797 2668 cum
810 2611 901 2686 gratia
918 2609 1038 2688 quadam
1053 2617 1081 2666 et
1094 2626 1144 2665 ve·

156 2711 226 2764 nere
242 2692 363 2768 dicatur,
380 2703 509 2771 apparet.
543 2694 683 2753 Salsum
699 2695 727 2751 in
740 2693 946 2752 consuetudine
958 2691 1144 2770 proridioulo

154 2777 262 2837 tantum
282 2779 454 2855 accipimus;
477 2787 576 2836 natura
598 2793 655 2835 non
670 2778 768 2854 utique
789 2778 846 2835 boc
861 2785 916 2850 est,
937 2792 1094 2854 quanquam
1115 2784 1146 2833 et

154 2861 274 2921 ridicula
298 2870 433 2939 oporteat
454 2879 520 2920 esse
544 2861 631 2920 salsa.
671 2860 742 2919 Nam
764 2869 803 2920 et·
817 2859 923 2920 Gicer‘o
945 2876 1045 2931 omne,
1069 2859 1144 2936 qnod

155 2945 329 3020 salsum'sit,
353 2947 392 3004 ait
407 2963 474 3004 esse
489 2945 666 3019 Atticorum,
689 2963 745 3005 non
763 2946 828 3022 quia
843 2952 908 3002 sunt
920 2946 1041 3003 maxime
1057 2942 1091 3001 ad
1105 2943 1144 3000 ri-

155 3046 217 3086 sum
232 3031 399 3106 compositi}
417 3038 446 3088 et
463 3029 607 3103 Catullus,
625 3047 689 3087 cum
705 3028 788 3102 dicit,
806 3026 898 3089 Nullo
914 3037 959 3089 est
972 3030 1004 3087 ic
1020 3044 1144 3104 corpore

154 3113 237 3172 mica
250 3113 341 3187 sobe,
358 3130 414 3180 non
429 3113 485 3172 hoo
501 3113 584 3186 dicit,
607 3111 676 3170 nibil
695 3114 723 3169 in
739 3128 864 3189 corpore
879 3112 943 3170 eius
959 3128 1026 3169 esse
1042 3109 1142 3168 ridicu·

115 3198 148 3255 19
156 3194 222 3253 lum.
253 3196 365 3254 Salsum
380 3197 466 3272 igitur
481 3197 545 3271 erit,
563 3196 641 3273 quod
657 3212 713 3253 non
729 3197 783 3254 erit
798 3194 946 3268 insulsum,
961 3193 1041 3253 velut
1057 3192 1140 3270 quod·

156 3278 220 3337 dam
243 3278 366 3355 simplex
392 3280 530 3338 orationis
551 3279 776 3354 condimentum,
800 3279 877 3357 qnod
897 3279 1017 3337 sentitur
1038 3276 1140 3335 latente

155 3362 261 3421 iudicio
282 3361 362 3420 velut
384 3362 498 3439 palato,
521 3363 686 3439 excitatque
707 3371 737 3421 et
752 3381 768 3421 a
783 3363 880 3421 taedio
895 3360 1024 3421 defendit
1040 3361 1140 3419 orado

156 3464 230 3508 nem.
263 3446 339 3507 Sane
356 3454 467 3524 tamen,
488 3455 519 3507 ut
533 3446 583 3506 ille
600 3448 629 3506 in
644 3446 716 3507 cibis
729 3446 818 3525 paulo
832 3446 980 3508 liberalius
994 3461 1141 3525 aspersus,
