2434 3925
349 184 353 197 ’
374 217 465 265 msa.
486 216 634 266 causon.
656 217 836 283 n1a.x1,1.
1034 207 1090 270 197

92 384 197 436 nutura
221 390 321 452 pamm
347 374 483 450 speciosa
506 388 638 450 quaeque
659 389 716 431 non
741 372 855 447 dicere,
883 362 908 431 s'i
931 373 1095 433 utrumlibet

91 467 178 519 esset
192 457 329 532 liberum,
349 456 563 530 maluissemus,
586 473 645 514 non
661 464 755 515 tamen
776 458 832 515 sint
846 456 982 516 indecora
998 456 1093 517 dicen·

91 542 183 602 tibus.
214 541 288 614 Quid
303 541 481 619 asperiorem
497 539 607 599 babere
623 539 746 599 frontem
761 547 859 618 potest
874 548 922 599 aut
933 541 999 617 quid
1011 553 1136 608 auresfit

92 625 241 686 bominum
256 625 348 701 magis
363 626 512 701 respuunt,
531 641 615 700 quam
631 641 694 683 curn
709 632 755 683 est
770 623 829 682 lilio
845 623 933 682 liliive
947 624 1095 686 advocatis

91 711 125 770 ln
140 718 259 769 matrem
276 705 488 788 perorandum?
516 706 679 784 Aliquando
695 716 789 767 tamen
805 725 929 767 necesse
945 716 1000 783 est,
1015 719 1046 768 ut
1066 712 1095 770 in

95 811 187 854 causa
202 791 326 852 Cluentii
342 790 447 865 Habiti.
485 790 544 850 Sed
558 802 616 849 non
630 809 746 870 semper
764 791 814 851 illa
838 791 899 866 via,
925 807 980 867 qua
997 801 1095 854 contra

94 877 210 938 Sasiam
229 874 334 937 Cicero
354 894 423 934 usus
446 883 505 943 est;
527 892 585 935 non
608 877 674 953 quia
697 892 754 935 non
768 874 818 934 ille
833 876 940 953 optime
955 877 1094 950 est,.sed

94 962 165 1038 quia
182 960 332 1038 plurimum
345 959 451 1034 refert,
471 975 526 1037 qua
544 961 572 1018 in
586 951 619 1018 re¹
636 968 666 1019 et
681 977 738 1037 quo
753 959 839 1019 modo
857 959 962 1018 laedat.
994 958 1136 1037 ltaqueou

93 1044 156 1119 illa,
173 1062 236 1105 eum
251 1044 301 1104 lilii
316 1052 402 1121 caput
416 1042 510 1121 palam
521 1044 711 1120 impugnaret,
728 1044 840 1102 fortiter
852 1042 904 1102 fuit
915 1043 1094 1121 repellenda.

94 1126 163 1188 Duo
185 1136 295 1203 tamen,
322 1145 396 1205 quae
418 1127 481 1186 sola
504 1132 690 1204 supererant,
714 1128 809 1187 divine
831 1123 935 1186 Cicero
959 1129 1094 1188 servavit.

94 1212 237 1286 Primum,
262 1230 298 1271 ne
316 1211 539 1271 oblivisceretur
553 1213 751 1287 reverentiae,
774 1228 848 1288 quae
865 1210 1030 1288 parentibus
1046 1211 1095 1271 de·

93 1293 194 1364 betur;
211 1296 314 1356 deinde
332 1304 372 1370 ut,
387 1295 520 1372 repetitis
535 1294 620 1353 altius
636 1297 746 1368 causis,
762 1294 981 1371 diligentissime
999 1303 1094 1354 osten·

94 1379 192 1455 deret,
208 1396 293 1457 quam
307 1379 351 1454 id,
370 1378 447 1456 quod
463 1387 525 1438 erat
541 1381 570 1437 in
584 1387 703 1438 matrem
719 1379 857 1454 dicturus,
874 1395 931 1437 non
945 1388 1095 1456 oporteret

94 1463 183 1523 modo
199 1464 262 1522 lieri
277 1464 329 1523 sed
346 1464 431 1521 etiam
447 1479 571 1521 necesse
586 1471 676 1522 esset.
699 1463 848 1540 Primaque
864 1462 937 1522 haec
951 1464 1137 1541 expositi063

96 1547 166 1621 tuit,
193 1564 353 1624 quanquam
372 1546 407 1605 ad
424 1555 605 1623 praesentem
624 1548 821 1624 quaestionem
836 1547 905 1606 nihil
923 1546 1094 1625 pertinebat

97 1630 183 1691 Adeo
204 1633 233 1690 ln
256 1648 343 1690 causa
364 1629 475 1690 difficili
489 1638 575 1707 atque
592 1630 733 1709 perplexa
749 1630 817 1689 nihil
838 1631 917 1709 prius
932 1631 1096 1690 intuendum

97 1715 236 1788 credidit,
259 1732 342 1792 quarn
362 1713 429 1791 quid
450 1713 579 1773 deceret.
617 1712 699 1773 Fecit
718 1715 813 1792 itaque
840 1731 944 1773 nomen
969 1718 1096 1792 parentis

97 1815 156 1858 aon
171 1798 230 1858 lilio
246 1798 432 1872 invidiosum,
451 1797 505 1857 sed
519 1798 591 1875 ipsi,
607 1798 635 1856 in
651 1816 734 1875 quarn
749 1797 906 1857 dicebatur.
941 1797 1041 1857 Potest
1056 1800 1138 1864 ta·'64

97 1900 164 1941 men
175 1882 327 1960 aliquando
343 1891 434 1941 mater
449 1891 478 1940 et
492 1883 520 1940 in
535 1899 566 1940 re
582 1881 694 1941 leviore
709 1891 757 1940 aut
771 1884 861 1941 minus
875 1882 979 1940 infeste
996 1891 1095 1942 eontra

98 1966 187 2026 lilium
210 1976 303 2032 stare,
331 1975 389 2025 tum
415 1966 509 2025 lenior
533 1976 619 2044 atque
646 1967 823 2026 summissior
847 1966 963 2027 decebit
991 1968 1094 2026 oratio.

97 2049 171 2111 Nam
198 2059 228 2110 et
254 2050 459 2111 satisfaciendo
486 2059 535 2110 aut
561 2058 687 2109 nostram
712 2053 868 2109 minuemus
893 2050 1026 2110 invidiam
1048 2059 1096 2110 aut

99 2136 184 2194 etiarn
203 2136 232 2193 in
252 2134 396 2194 diversum
420 2152 483 2194 eam
504 2135 724 2204 transimennum
750 2144 779 2193 et
801 2136 825 2192 si
846 2136 974 2211 grauiter
994 2133 1095 2193 dolere

100 2218 187 2277 lilium
208 2218 301 2295 palarn
320 2218 421 2277 luerit:
452 2219 588 2278 credetur
607 2217 713 2278 abesse
738 2217 774 2278 ab
797 2232 835 2277 eo
857 2218 970 2296 eulpam
988 2218 1095 2296 detque

100 2302 176 2362 ultro
192 2301 375 2364 miserabilis.
405 2300 548 2361 Avertere
566 2318 683 2379 quoque
700 2304 728 2361 in
741 2302 815 2362 alios
832 2305 938 2361 crimen
953 2301 1049 2378 decet,
1065 2310 1137 2366 ut65

99 2386 200 2446 fraude
220 2385 379 2463 aliquorum
400 2386 513 2445 concita
533 2385 684 2462 credatur,
706 2396 749 2462 et,
771 2388 863 2446 omnia
878 2403 931 2445 nos
947 2403 1095 2463 passuros,

99 2470 167 2531 nibil
186 2487 291 2549 aspere
312 2469 456 2544 dicturos,
481 2469 658 2544 testandum,
682 2479 728 2545 ut,
745 2471 855 2530 etiamsi
871 2487 928 2529 non
944 2487 1097 2548 possumus

100 2555 270 2629 conviciari,
288 2554 367 2613 nolle
382 2554 539 2613 videamur.
572 2552 682 2628 Etiam,
704 2554 811 2632 siquid
827 2553 1016 2614 obiiciendum
1032 2554 1096 2627 erit,

101 2637 225 2697 cilicium
239 2645 285 2697 est
300 2639 412 2715 patroni
421 2681 430 2711 ,
445 2646 477 2696 ut
491 2636 519 2696 id
536 2637 596 2696 lilio
612 2638 701 2696 invito
717 2639 769 2698 sed
787 2639 843 2698 lide
858 2646 982 2715 cogente
998 2638 1097 2696 iacere

102 2721 242 2781 credatur.
274 2721 316 2782 lta
335 2722 442 2799 poterit
467 2731 589 2799 uterque
611 2720 730 2781 laudari.
762 2721 845 2794 Quod
867 2721 903 2781 de
923 2729 1012 2780 matre
1028 2721 1096 2795 dixi,
1144 2725 1151 2740 '

102 2803 137 2863 de
152 2814 274 2883 utroque
291 2815 410 2884 parente
426 2806 625 2884 accipiendum
641 2814 695 2864 est.
725 2804 797 2865 Nam
811 2807 885 2865 inter
900 2814 998 2882 patres
1014 2806 1098 2863 etiam

102 2887 251 2966 filiosque,
274 2907 337 2949 cum
359 2890 561 2948 intervenisset
577 2890 784 2966 emancipatio,
808 2889 948 2965 litigatum
964 2889 1037 2947 scio.
1067 2887 1140 2946 lndd

103 2970 165 3030 aliis
186 2988 301 3050 quoque
323 2972 583 3052 propinquitatibus
606 2973 823 3032 custodiendum
845 2980 906 3047 est,
930 2981 961 3031 ut
974 2973 1054 3030 inviti
1069 2980 1099 3030 et

101 3058 266 3115 necessario
283 3065 312 3115 et
329 3074 417 3135 parce
439 3056 596 3116 iudicemur
614 3056 737 3124 dixisse;
760 3057 852 3132 magis
863 3065 966 3116 autem
986 3063 1034 3114 aut
1048 3057 1098 3114 mi·

102 3155 170 3213 nus,
198 3148 229 3198 ut
254 3141 359 3218 cuique
385 3157 530 3219 personae
554 3139 677 3199 debetur
697 3141 870 3199 reverentia.
912 3138 1021 3199 Eadem
1044 3156 1108 3217 pro¹

103 3220 211 3282 libertis
236 3223 376 3283 adversus
400 3234 540 3304 patronos
561 3223 754 3283 observantia.
789 3222 827 3282 Et
850 3232 881 3282 ut
903 3223 1001 3283 semel
1015 3223 1098 3303 plura

104 3305 294 3384 complectar,
316 3324 458 3386 nunquam
477 3307 594 3369 decebit
611 3310 655 3368 sic
677 3307 816 3367 adversus
836 3308 911 3368 tales
927 3326 1016 3384 agere
1031 3325 1098 3385 per·

104 3404 203 3464 sonas,
230 3392 374 3469 quomodo
403 3402 502 3453 eontra
528 3409 581 3451 nos
606 3393 653 3468 agi
675 3390 710 3451 ab
737 3391 896 3451 bominibus
922 3392 1098 3451 condicionis

104 3473 230 3535 eiusdem
249 3476 346 3552 iniquo
368 3477 461 3536 animo
485 3476 672 3537 tulissemus.'
690 3474 854 3536 Praestatur
876 3476 932 3537 boc
947 3474 1139 3552 aliquandodt
