2434 3925
318 208 766 279 msu.onuuon.nrn.vr1,a.
992 200 1029 261 13

12 376 158 427 strorum
181 364 295 443 quidam
315 367 561 427 concertaticam.
605 365 750 426 Interdum
771 368 799 425 in
819 366 942 443 aliquam
962 384 1029 444 per-

12 469 147 525 sonam,
165 467 239 527 quae
255 457 336 507 extra
351 449 503 509 discrimen
518 449 614 509 iudicii
632 459 692 526 est,
711 450 896 524 transfertur,
913 458 941 508 et
957 450 1028 509 alias

11 544 141 595 certam
163 533 234 592 alias
262 534 414 599 incertam;
444 543 489 608 et,
515 542 578 592 cum
597 543 724 610 certam,
752 543 799 592 aut
824 536 852 592 in
875 535 1028 594 extrariam
1037 538 1071 589 10

10 629 75 678 ant
95 619 126 676 in
140 618 247 696 ipsius,
273 618 321 694 qui
335 618 424 694 petit,
443 618 631 687 voluntatem.
663 616 694 676 in
710 616 811 695 quibus
827 618 927 675 similis
942 626 1029 695 atque

8 706 46 761 in
75 693 305 781 ἆντικατηγορίᾳ
323 717 527 778 personarum,
550 719 715 775 causarum,
734 710 896 760 ceterorum
913 717 1028 778 compa·

9 787 103 847 ratio
130 794 188 844 est:
212 793 243 843 ut
267 782 370 844 Cicero
390 802 443 863 pro
459 785 574 844 Vareno
596 785 626 843 in
651 785 786 845 familiam
808 783 1028 859 Ancharianam,

9 887 80 949 pro
100 869 212 929 Scauro
235 869 312 927 circa
329 878 449 927 mortem
469 868 616 945 Bostaris,
640 869 668 927 in
684 877 803 929 matrem
820 877 955 928 avertens
973 868 1027 926 cri·

9 972 112 1029 men,
128 952 205 1010 facit.
224 950 277 1010 Est
292 953 376 1011 etiam
387 951 457 1012 illud
468 952 534 1012 huic
550 954 722 1012 contrarium
740 953 962 1029 cbmparationis
976 961 1067 1027 gell

10 1056 99 1106 nus,
125 1036 224 1113 inquo
241 1044 361 1114 uterque
377 1054 393 1095 a
410 1054 443 1094 se
461 1035 568 1095 factum
587 1054 654 1095 esse
671 1037 754 1105 dicit;
774 1045 803 1095 et
817 1035 904 1110 illud,
921 1036 949 1093 in
970 1052 1026 1112 quo

10 1139 84 1181 non
100 1136 246 1199 personae
262 1121 337 1178 inter
357 1138 390 1179 se
406 1120 458 1179 sed
479 1121 560 1198 ipsae
574 1139 623 1179 res
640 1121 828 1196 colliduntur,
849 1119 954 1193 idest,
971 1136 1028 1201 non

11 1216 92 1265 uter
121 1203 242 1278 fecerit,
266 1205 319 1263 sed
346 1214 439 1263 utrum
461 1204 567 1263 factum
595 1206 641 1263 sit.
679 1203 751 1264 Cum
777 1206 813 1267 de
835 1203 913 1264 facto
938 1212 968 1262 et
990 1203 1027 1262 de

12 1297 149 1350 auctore
169 1295 298 1363 constat,
322 1287 357 1347 de
374 1290 466 1348 animo
483 1289 584 1366 quaeri
599 1296 707 1366 potest.

111 1370 195 1430 Nunc
220 1371 255 1431 de
281 1372 410 1449 singulis.
455 1369 525 1431 Cum
548 1373 659 1450 pariter
684 1381 820 1449 negatur,
844 1372 901 1432 hoc
922 1372 1025 1433 modo:

12 1455 220 1517 Adulter-tum
240 1474 301 1515 noc
327 1456 463 1517 commisi
469 1477 484 1525 ;
515 1454 722 1534 fpronnidem
735 1473 794 1517 nnc
811 1457 963 1539 affectavi.
995 1454 1027 1514 ln

14 1539 127 1601 caedis
155 1556 189 1598 ao
215 1540 348 1598 veneficii
373 1539 467 1601 causis
496 1539 635 1618 frequens
665 1549 710 1600 est
735 1540 785 1600 illa
812 1540 932 1600 divisio:
958 1536 1068 1601 Non12

14 1632 69 1686 ert
84 1624 226 1702 factum·
248 1631 276 1685 et
290 1625 318 1683 ci
332 1624 523 1701 estfactum,
547 1643 602 1702 epo
619 1643 679 1685 con
692 1624 763 1703 sect.
805 1624 879 1700 Sed,
903 1643 967 1683 oum
985 1624 1026 1683 di·
1128 1697 1129 1700 Ἴ

16 1710 134 1768 cimus:
160 1705 261 1768 Proba
281 1707 427 1768 bominem
440 1709 590 1784 occisum,
612 1708 790 1767 accusatoris
805 1715 911 1766 tantum
926 1716 1026 1785 partes

15 1801 108 1857 sunt;
136 1807 152 1849 a
173 1808 225 1849 reo
240 1791 309 1851 nibil
332 1790 388 1850 dici
411 1800 510 1850 contra
527 1799 644 1869 praeter
661 1792 773 1869 aliquas
793 1791 917 1850 fortasse
933 1792 1026 1867 suspi-

15 1877 128 1934 ciones
144 1883 258 1950 potest,
284 1893 355 1953 quas
378 1892 518 1952 spargere
535 1892 618 1952 quam
632 1876 755 1934 maxime
769 1877 849 1933 varie
870 1873 1026 1951 oportebit,

17 1960 109 2038 quia,
133 1958 159 2016 si
182 1978 265 2017 unum
284 1958 390 2037 aliquid
413 1959 581 2041 affirmaris,
602 1958 781 2038 probandum
803 1966 848 2016 est
871 1967 919 2018 aut
940 1974 1026 2016 causa

16 2042 256 2122 periclitandum.
292 2043 364 2101 Nam
380 2062 441 2101 cum
455 2045 529 2101 inter
539 2042 582 2119 id,
602 2044 679 2121 quod
695 2043 730 2102 ab
742 2043 925 2116 adversario,
942 2049 971 2100 et
986 2040 1025 2115 id,

17 2126 104 2205 quod
120 2143 138 2184 a
157 2126 434 2205 nobispropositum
449 2136 511 2201 est,
528 2129 690 2204 quaeritur,
713 2127 826 2186 videtur
840 2127 938 2204 utique
954 2125 1026 2184 alte-

15 2229 85 2270 rum
101 2227 215 2278 verum;
237 2212 275 2269 ita
296 2228 416 2286 everso,
438 2228 495 2289 quo
517 2210 710 2287 defendimur,
730 2212 871 2289 reliquum
887 2219 947 2283 est,
969 2226 1025 2286 quo

17 2295 190 2373 premimur.
226 2294 265 2352 At
281 2313 344 2355 cum
367 2297 529 2373 quaerimus
552 2294 588 2353 de
606 2295 857 2375 ambiguissignis
879 2294 1025 2354 cruditatis
1036 2298 1069 2351 13

16 2387 49 2438 et
62 2379 188 2452 veneni,
207 2378 276 2437 nibil
291 2379 404 2438 tertium
420 2387 480 2447 est;
497 2378 623 2457 ideoque
634 2388 755 2457 utraque
766 2397 850 2456 pars,
868 2377 944 2457 quod
958 2393 1025 2455 pro·

14 2463 139 2541 posuit,
166 2469 269 2521 tuetur.
310 2462 427 2522 Interim
445 2471 539 2522 autem
556 2481 593 2522 cx
614 2482 646 2523 re
664 2465 826 2541 quaeritur,
849 2462 1028 2540 veneficium

13 2546 118 2626 fuerit
132 2561 174 2605 on
188 2548 350 2608 cruditos?
372 2565 435 2605 cum
451 2547 546 2625 aliqua
565 2565 602 2605 ex
619 2548 682 2624 ipsa
698 2549 769 2607 citra
784 2564 938 2624 personam
954 2562 1025 2624 quo·

15 2648 82 2709 que
105 2639 272 2704 argumenta
294 2630 443 2690 ducuntur.
482 2630 586 2690 Refert
606 2633 698 2706 enim,
715 2632 875 2690 convivium
890 2647 1026 2708 praeces·
1035 2633 1069 2687 14
1103 2698 1106 2703 ἱ

15 2714 96 2773 serit
111 2730 148 2771 an
161 2715 291 2789 tristitia,
308 2714 392 2773 labor
406 2732 442 2772 an
454 2716 560 2788 otium,
575 2715 675 2790 vigilia
690 2734 725 2773 an
736 2716 828 2793 quies.
850 2714 940 2773 Aetas
956 2729 1025 2790 quo·

16 2815 81 2876 que
98 2797 177 2870 eius,
201 2799 248 2875 qui
270 2800 372 2876 periit,
393 2798 547 2858 discrimen
560 2798 640 2857 facit.
676 2798 819 2872 Interest,
836 2796 930 2855 subito
946 2796 998 2855 def
1015 2827 1025 2837 ·

17 2881 99 2941 cerit
114 2897 150 2939 an
165 2879 299 2958 longiore
317 2882 483 2941 valetudiue
502 2891 688 2961 consumptus
706 2885 752 2942 sit.
788 2881 920 2940 Liberior
934 2879 1026 2938 adhuc

17 2966 46 3023 in
73 2972 225 3041 utramque
254 2974 365 3042 partem
391 2966 565 3043 disputatio,
592 2968 617 3024 si
641 2975 747 3025 tantum
776 2964 868 3026 subita
897 2980 974 3022 mors
998 2964 1027 3020 in

20 3048 223 3126 quaestionem
237 3052 324 3107 venit.
361 3049 476 3108 Interim
494 3069 531 3109 ex
549 3067 676 3128 persona
691 3049 823 3127 probatio
844 3049 887 3106 rei
903 3048 1020 3125 petitur,
1032 3053 1063 3106 15

19 3142 49 3190 ut
68 3140 228 3208 propterea
243 3133 382 3193 credibile
400 3136 437 3192 sit
456 3152 598 3193 venenum
614 3134 720 3208 fuisse,
742 3134 806 3210 quia
824 3132 963 3191 credibile
982 3139 1026 3188 est

20 3216 56 3275 ab
75 3214 133 3272 boc
147 3213 254 3275 facturn
268 3218 456 3293 veneficium,
474 3219 523 3277 vel
539 3226 648 3278 contra.

112 3294 182 3358 Cum
202 3318 273 3360 vero
295 3302 331 3361 de
351 3319 403 3361 reo
420 3311 449 3361 et
464 3301 500 3361 de
515 3303 594 3361 facto
613 3300 773 3380 quaeritur:
796 3298 933 3359 naturalis
953 3298 1025 3357 ordo

23 3392 87 3457 est,
112 3391 143 3440 ut
164 3385 243 3462 prius
265 3385 371 3444 factum
393 3404 460 3445 esse
482 3395 636 3445 accusator
656 3383 778 3464 probet,
807 3384 912 3443 deinde
934 3401 950 3441 a
972 3397 1024 3440 reo

23 3468 143 3527 factum.
182 3469 213 3527 Si
237 3477 332 3527 tamen
355 3468 455 3548 plures
478 3471 506 3528 in
525 3486 651 3548 persona
672 3468 859 3547 probationes
878 3466 1023 3526 habuerit:
