2434 3925
353 203 442 251 mrsu.
455 202 684 251 coruom-nm.
696 204 769 270 vm,
780 202 806 253 n.
1037 193 1079 258 49

81 358 244 421 communis
264 356 393 433 pluribus
414 357 518 415 inuno
541 357 637 435 aliquo
659 357 747 417 babet
760 375 863 417 nornen
878 361 1026 437 eximium,
1048 371 1080 423 ut

80 460 201 503 carmen
221 440 342 499 funebre
363 441 481 518 proprie
503 444 616 501 maenio
637 451 665 500 et
686 441 900 501 tabernaculum
921 444 1001 504 ducis
1021 464 1078 507 aa·

49 565 53 578 r
78 527 205 605 purete.
245 522 333 597 ltem,
350 523 427 600 quod
443 540 590 584 commune
606 535 652 584 est
671 534 700 583 et
716 526 778 584 aliis
794 543 913 602 nomen,
929 529 1078 589 intellectu

81 610 172 669 alicui
193 608 236 665 rei
251 607 438 684 peculiariter
453 606 599 682 tribuitur,
622 617 654 666 ut
667 609 772 669 orbem
786 609 904 669 Romam
922 614 1077 689 accipimus
1092 669 1096 685 ‚

82 702 114 752 et
128 691 252 753 venales
266 692 397 749 novicios
413 698 442 749 et
459 688 616 752 Corinthio
636 708 720 760 aera;
748 710 810 751 cnm
828 695 883 752 sint
901 692 989 752 urbes
1004 695 1077 754 aliae
1113 693 1115 704 '

82 793 201 854 quoqne
218 783 246 833 et
261 774 375 833 venalia
390 774 477 832 multa
492 783 521 833 et
536 783 592 834 tarn
607 792 705 834 aurum
722 785 751 835 et
766 786 913 853 argentum
929 794 1011 854 quarn
1026 797 1076 837 aes

82 858 271 918 Corinthium.
315 857 373 917 Sed
387 875 424 916 ne
441 859 469 915 iu
483 858 526 916 bis
545 858 658 935 quidem
675 860 764 917 virtus
781 862 904 918 oratoris
917 861 1075 938 inspicitur.

82 945 123 1002 At
137 942 207 1001 illud
223 942 277 999 iarn
292 958 349 1006 non
360 940 544 1000 mediocriter
559 941 751 1019 probandum,
765 943 841 1019 quod
854 943 911 1003 hoo
923 945 1006 1002 etiarn
1019 945 1106 1006 lau-9

1 1027 4 1032 '
82 1027 145 1086 dari
159 1024 247 1083 modo
261 1024 352 1099 solet,
370 1034 399 1082 nt
415 1027 532 1101 proprie
548 1024 666 1099 dictum,
682 1026 710 1085 id
727 1035 786 1101 est,
804 1044 859 1105 quo
875 1026 943 1086 nihil
958 1029 1078 1087 inveniri

82 1110 178 1188 possit
201 1108 501 1184 significantius:
528 1116 558 1166 ut
580 1106 652 1167 Cato
680 1108 765 1184 dixit,
794 1108 826 1180 C.
847 1108 1012 1171 Caesarem
1035 1113 1079 1172 od

82 1193 279 1253 evertendam
291 1193 523 1268 rempublicam
537 1193 671 1253 sobrium
686 1195 874 1264 occeseiooe;
895 1203 926 1252 ut
939 1193 1077 1271 Virgilius

83 1278 249 1338 deductum
269 1293 411 1350 carmen,
431 1283 460 1333 et
475 1275 610 1334 Horatius
626 1295 730 1337 acrem
745 1278 849 1337 tibiam
863 1276 1076 1341 Hannibalem·

82 1361 268 1437 praedirum.
306 1358 337 1417 ln
352 1376 409 1435 quo
425 1360 510 1417 modo
528 1358 598 1417 illud
616 1377 730 1437 quoque
747 1370 791 1419 est
808 1379 824 1420 a
839 1360 1006 1438 quibusdam
1021 1369 1076 1421 tra·
1085 1367 1119 1419 10

82 1444 171 1503 ditum
186 1443 296 1520 proprii
307 1460 399 1517 genus
417 1460 454 1500 ex
469 1443 609 1520 appositis
626 1439 769 1522 (epitheta
781 1444 944 1523 dicuntur):
960 1454 990 1503 ut
1000 1444 1076 1505 Dul-

83 1524 363 1588 domesticorum
380 1527 519 1586 dentibus
533 1527 622 1586 albas.
665 1525 709 1586 De
727 1545 784 1605 qno
804 1546 914 1605 genere
935 1528 992 1588 alio
1009 1528 1076 1587 loco

82 1609 233 1670 dicendum
248 1618 302 1668 est.
345 1608 437 1667 Etiam
452 1626 526 1686 quae
543 1608 618 1668 bene
635 1612 772 1670 translata
787 1622 867 1687 sunt,
889 1614 1006 1689 propria
1021 1614 1076 1671 dici

82 1693 189 1753 solent.
226 1692 341 1751 lnterim
356 1702 465 1766 autem,
481 1710 554 1769 quae
570 1702 634 1751 sunt
648 1696 676 1752 in
691 1712 806 1772 quoque
818 1696 991 1772 praecipua,
1008 1712 1075 1773 pro·
1083 1699 1118 1753 11

81 1778 137 1857 prii
154 1776 248 1835 locum
260 1777 418 1853 accipiunt,
438 1784 468 1833 ut
483 1774 588 1835 Fabius
603 1779 678 1836 inter
693 1778 791 1856 plures
806 1780 1003 1855 imperatorias
1018 1780 1076 1837 vir·

81 1871 160 1923 tutes
179 1858 344 1922 Coactator
361 1868 405 1919 est
424 1859 596 1939 appellatus.

168 1945 290 2006 Possunt
311 1945 403 2005 videri
425 1942 530 2018 rerba,
552 1961 624 2022 quae
644 1943 709 2023 plus
729 1943 890 2021 significant
909 1963 993 2022 quam
1013 1944 1075 2004 elo-

49 2067 66 2075 ·-
83 2041 222 2110 emuntur,
249 2032 276 2088 iu
297 2038 379 2107 parte
394 2029 527 2106 ponenda
545 2030 774 2106 perspicuitatis;
802 2028 979 2087 intellectum
1002 2031 1076 2088 enim

81 2116 226 2174 adiuvant.
267 2112 332 2189 Ego
352 2122 444 2172 tarnen
461 2110 595 2170 libentius
618 2112 764 2190 emphasin
779 2112 925 2171 retulerim
941 2112 975 2172 ad
992 2130 1075 2172 orna·
1137 2128 1139 2135 ¹

81 2209 141 2258 tum
158 2199 312 2272 orationis,
334 2197 401 2274 quia
420 2212 496 2270 non,
513 2204 544 2253 ut
558 2195 750 2272 intelligatur,
773 2196 878 2271 eflicit,
895 2195 947 2254 sed
963 2196 1074 2276 utplus

82 2282 270 2357 intelligatur.
441 2348 445 2355 ¹

167 2364 206 2423 At
224 2363 442 2423 obscuritas·
460 2363 491 2422 lit
512 2365 597 2423 etiam
611 2362 708 2422 verbis
725 2363 827 2422 abusu
847 2364 981 2422 remotis:
1002 2372 1033 2421 ut
1052 2363 1076 2421 si
1084 2367 1117 2423 12

83 2449 303 2508 commentarios
314 2449 377 2525 quis
392 2447 557 2525 pontificum
573 2456 602 2506 et
616 2448 807 2507 vetustissima
823 2447 943 2507 foedera
961 2455 990 2506 et
1005 2463 1075 2505 exo·

83 2533 160 2592 letos
180 2540 323 2590 scrutatus
345 2541 480 2591 auctores
502 2533 529 2591 id
551 2534 643 2610 ipsum
664 2539 744 2609 petat
767 2549 804 2589 ex
826 2531 885 2605 his,
914 2548 989 2608 quae
1010 2529 1076 2589 inde

83 2616 277 2689 contraxerit,
294 2614 371 2692 quod
385 2632 442 2673 non
456 2615 662 2691 intell‘gnntur.
694 2614 766 2673 Hinc
782 2616 855 2673 enirn
873 2613 960 2691 aliqui
974 2614 1075 2673 lamam

83 2698 251 2759 eruditionis
266 2698 417 2773 affectant,
439 2707 470 2757 ut
489 2698 627 2776 quaedam
646 2698 702 2757 soli
718 2699 794 2757 scire
814 2697 971 2757 videantur.
1012 2696 1118 2758 Fal-ta

31 2854 33 2858 ¹
83 2784 142 2843 lunt
167 2784 251 2841 etiam
271 2780 361 2841 verba
374 2782 424 2841 vel
443 2781 611 2858 regionibus
632 2781 799 2859 quibusdam
819 2783 910 2857 magis
927 2779 1074 2839 familiaria

81 2867 129 2926 vel
145 2868 245 2924 artium
260 2867 393 2943 propria,
409 2875 439 2924 ut
454 2863 604 2927 Atabulus
615 2862 720 2924 ¹ventus
736 2875 765 2924 et
784 2866 863 2924 navis
883 2866 1029 2924 roecurte
1045 2870 1075 2922 et

82 2952 109 3009 in
126 2949 201 3008 malo
225 2946 385 3009 Cosanum.
425 2948 505 3022 Quae
520 2948 569 3008 vel
586 2947 700 3008 vitanda
714 2948 789 3026 apud
810 2947 931 3006 iudicem
946 2947 1075 3022 ignarum

83 3032 319 3109 significationum
341 3049 438 3091 earum
462 3032 511 3091 vel
531 3031 744 3109 interpretanda
770 3039 848 3102 sunt,
876 3031 949 3088 siout
968 3031 997 3088 in
1017 3029 1073 3105 bis,

84 3135 156 3196 quae
174 3117 384 3191 homonyma
399 3126 553 3175 vocantur:
574 3125 622 3191 ut,
642 3114 763 3175 Tauros
777 3114 877 3172 animal
892 3114 928 3171 sit
943 3130 978 3172 an
991 3129 1073 3172 mons

83 3218 117 3259 an
132 3202 244 3277 signum
260 3203 289 3259 in
309 3200 393 3260 coelo
411 3218 446 3259 an
464 3217 566 3259 nomeu
581 3198 702 3258 bominis
720 3215 755 3256 an
775 3192 856 3257 radin
872 3196 998 3274 arboris,
1020 3196 1075 3255 nisi

84 3286 243 3345 distinctum
260 3300 318 3341 non
334 3283 520 3360 intelligetur.

165 3366 232 3426 Plus
247 3376 341 3425 tamen
364 3375 408 3425 est
424 3366 607 3427 obscuritatis
622 3366 649 3425 in
666 3372 801 3424 contextu
819 3373 848 3423 et
863 3365 1117 3425 continuationem

83 3451 222 3510 sermonis
238 3459 267 3508 et
283 3450 382 3527 plures
396 3450 481 3510 modi.
527 3449 623 3524 Quare
638 3466 692 3510 nec
707 3449 743 3508 sit
757 3457 814 3508 tam
828 3449 947 3525 longus,
965 3457 995 3506 ut
1009 3463 1074 3506 eum

121 3554 152 3592 ιι.
161 3553 188 3592 u.
201 3553 311 3601 cerunt.
327 3537 360 3592 II.
888 3533 907 3591 4
