2434 3925
350 229 440 277 rusr.
453 228 602 278 oasroo.
615 229 684 276 uro.
696 230 718 295 1,
729 226 756 280 o.
1007 219 1048 279 45

52 385 271 463 prehenduntur
293 402 309 443 a
332 385 464 443 curiosis.
496 382 542 443 Ex
559 400 616 459 quo
632 383 700 443 mihi
719 386 794 445 inter
815 386 936 446 virtutes
954 404 1047 464 gram·

51 473 150 531 matici
175 468 328 531 habebitur
350 468 445 546 aliqua
467 470 591 527 nescire.

330 621 374 671 DE
392 619 518 672 OFFICIO
538 619 752 671 GRAMMATICI.
773 639 775 642 ·

139 718 191 780 lx.
228 717 265 779 llt
287 718 384 779 linitae
407 720 522 797 quidem
546 728 612 779 sunt
638 729 736 798 partes
765 720 856 795 duae,
880 739 952 799 quas
974 722 1048 782 haec

47 803 201 884 professio
224 804 397 882 pollicetur,
420 803 449 863 id
476 812 522 863 est
539 806 613 863 ratio
637 804 773 881 loquendi
795 813 823 863 et
840 809 984 865 enarratio
999 825 1048 866 au·

6 897 7 988 q
49 897 181 963 ctorum,
206 906 324 965 quarum
348 888 427 947 illam
449 888 637 950 methodicen
657 889 731 948 hanc
753 888 916 949 historicen
931 900 1046 949 vocant.

5 1023 7 1062 χ,
48 971 229 1032 hdiiciamus
250 981 345 1030 tamen
366 990 466 1031 eorum
484 990 571 1031 curae
591 973 730 1050 quaedam
750 971 863 1031 dicendi
881 974 1046 1050 primordia,

49 1055 157 1133 quihus
175 1064 286 1115 aetates
304 1057 427 1116 nondum
444 1054 591 1115 rhetorem
607 1058 756 1135 capientes
774 1058 929 1115 instituant.
957 1056 1071 1133 tguurt

48 1139 166 1217 Aesopi
184 1138 326 1213 fabellas,
350 1158 424 1217 quae
445 1138 551 1199 fabulis
570 1141 775 1199 nutricularum
793 1141 925 1218 proxime
944 1160 1046 1200 succe·

49 1223 138 1298 dunt,
161 1241 279 1283 narrare
303 1241 436 1283 sermone
459 1242 533 1302 puro
554 1232 583 1283 ct
605 1223 675 1283 nihil
695 1242 728 1283 se
752 1225 973 1301 supramodum
997 1243 1046 1284 ex·

50 1307 192 1382 tollente,
221 1306 325 1368 deinde
352 1308 472 1368 eandem
494 1308 686 1386 gracilitatem
713 1308 781 1368 stilo
803 1310 924 1386 exigere
948 1311 1046 1369 condi-

49 1401 150 1460 scant;
166 1409 269 1450 versus
282 1393 373 1470 primo
389 1393 521 1468 solvere,
538 1410 605 1452 mox
616 1394 730 1452 mutatis
743 1392 840 1451 verbis
852 1395 1045 1472 interpretari,

49 1484 109 1534 tum
132 1474 302 1555 paraphrasi
324 1476 459 1535 audacius
478 1486 611 1552 vertere,
634 1486 736 1556 quaet
755 1476 889 1537 breviare
907 1480 1046 1554 quaedam

50 1567 81 1618 et
104 1576 250 1619 exornare
275 1559 357 1619 salvo
383 1561 469 1620 modo
494 1571 599 1639 poetae
625 1579 713 1620 seusu
738 1563 920 1638 permittitur.
962 1561 1071 1635 Queat

50 1660 126 1722 opus
143 1644 229 1702 etiam
245 1647 447 1703 consummatis
463 1645 681 1724 professoribus
697 1644 816 1704 difficile
832 1646 880 1721 qui
896 1647 1046 1705 commode

49 1729 237 1802 tractaverit,
255 1730 415 1805 cuicunque
431 1729 569 1789 discendo
584 1730 720 1788 sulliciet.
745 1730 913 1789 Sententiae
929 1748 1045 1807 quoque

50 1820 80 1870 et
103 1810 204 1871 chriae
226 1820 256 1870 et
277 1811 444 1888 ethologiae
466 1813 605 1873 subiectis
627 1815 768 1873 dictorum
791 1812 948 1872 rationibus
971 1815 1046 1891 apud

49 1896 257 1973 grammaticos
280 1895 456 1972 scribantur,
487 1899 552 1976 quia
577 1899 685 1956 initium
710 1915 748 1955 ex
776 1896 902 1956 lectione
925 1897 1044 1964 ducunt;

50 1997 173 2058 quorum
192 1982 315 2040 omnium
333 1981 433 2039 similis
453 1990 498 2040 est
515 1984 605 2056 ratio,
629 1981 721 2040 forma
740 1980 872 2056 diversa,
895 1984 960 2058 quia
981 2000 1046 2040 sen·

48 2067 140 2125 tentia
162 2065 333 2124 universalis
359 2074 404 2123 est
427 2082 503 2140 vox,
536 2065 685 2142 ethologia
712 2066 846 2143 personis
874 2067 1045 2124 continetur.

49 2146 203 2208 chriarum
223 2148 306 2226 plura
327 2167 437 2225 genera
459 2149 622 2209 traduntur:
649 2166 734 2207 unum
756 2148 850 2208 simile
872 2150 1070 2224 sententiae,4

49 2232 129 2311 quod
150 2241 196 2292 est
212 2235 337 2311 positum
355 2235 383 2291 in
397 2251 473 2293 voce
488 2235 628 2313 simplici,
651 2231 737 2293 Dicit
754 2234 823 2308 itte,
847 2241 910 2308 aut,
933 2232 1046 2295 Dicere
1154 2302 1162 2313 ,

47 2317 188 2383 tolcham
215 2317 350 2392 alterum,
375 2317 451 2395 quod
474 2328 518 2378 est
540 2321 568 2378 in
589 2317 811 2397 respondendo,
835 2315 1048 2396 Interroputus

47 2402 116 2475 itte,
132 2400 196 2475 vel,
213 2420 282 2461 cum
295 2401 354 2461 hoc
369 2402 398 2460 ei
411 2403 525 2462 dictum
541 2412 636 2477 erret,
653 2403 832 2482 re.rpondtt,·
853 2403 966 2460 tertium
981 2401 1047 2461 huic

48 2501 106 2544 non
121 2484 270 2559 dissimile,
285 2504 354 2545 cum
368 2487 437 2562 qula
448 2487 576 2548 dtuirsct
587 2489 723 2564 aliquid:
736 2488 786 2548 oet
797 2486 931 2564 sederet.
954 2485 1070 2551 Etiam5

48 2571 75 2628 in
99 2570 229 2647 ipsorum
251 2570 335 2628 lactis
359 2588 425 2629 esse
448 2569 555 2629 chriam
577 2580 692 2648 putant,
715 2580 746 2630 ut
769 2568 893 2642 Crates,
916 2589 985 2630 cum
1001 2572 1045 2629 tn-

49 2653 173 2714 doctum
192 2671 322 2730 puerum
339 2655 479 2728 vidisset,
498 2657 716 2733 paedaqopum
737 2657 802 2716 dus
822 2654 997 2733 pere-ruscit-
1018 2662 1046 2712 et

49 2736 127 2798 aliud
151 2752 244 2814 paene
268 2755 321 2815 par
346 2739 388 2812 ei,
412 2739 487 2815 quod
512 2746 607 2798 tamen
630 2740 733 2799 eodem
757 2742 871 2798 nomine
894 2736 1046 2817 appellare

49 2839 108 2881 non
135 2821 240 2880 audent
270 2821 322 2882 sed
342 2821 439 2880 dicunt
466 2823 612 2903 χρειῶδες,
643 2832 673 2883 nt
695 2821 783 2899 Milo,
812 2841 900 2901 quem
921 2823 1045 2884 vitutum

48 2913 230 2967 armaverat
248 2905 349 2985 ferre,
371 2914 493 2967 tuorum
508 2907 639 2986 ferebat.
672 2907 704 2967 ln
725 2907 769 2966 his
792 2905 921 2966 omnibns
946 2916 975 2966 et
996 2907 1044 2966 de·

49 2989 167 3048 clinatio
190 3007 244 3067 per
264 2991 384 3050 eosdem
406 2991 518 3050 ducitur
539 3009 642 3066 casus,
669 3000 698 3050 et
719 3000 776 3051 tam
798 2992 939 3052 factorum
962 3010 1045 3070 quarn

49 3072 192 3131 dictorum
215 3077 288 3133 ratio
312 3083 366 3134 est.
397 3072 632 3134 Narratiuuculas
656 3077 786 3153 apoetis
809 3073 972 3135 celebratas
993 3094 1069 3147 no·5

50 3157 235 3216 titiac'causa
255 3176 312 3217 non
328 3157 512 3234 eloquentiae
536 3160 699 3218 tractandas
720 3167 800 3236 puto.
830 3157 935 3218 Cetera
955 3163 1043 3220 maio-

50 3241 89 3297 ris
106 3242 205 3317 operis
223 3259 258 3300 ac
275 3244 392 3320 spiritus
407 3240 498 3302 Latini
515 3241 649 3301 rhetores
668 3242 857 3319 relinquendo
878 3247 1044 3303 necessaria

50 3323 243 3397 grammaticis
258 3325 404 3394 lecerunt;
420 3324 523 3386 Graeci
538 3328 630 3403 magis
645 3343 765 3406 operum
780 3344 897 3387 suorum
913 3336 942 3387 et
957 3345 1044 3387 onera

51 3415 79 3465 et
100 3405 216 3466 modum
237 3418 349 3468 norunt.
