2434 3925
175 212 218 277 60
490 227 852 287 annumeremur

175 380 344 441 abundantia
361 391 389 441 et
406 385 544 442 arcessita
560 390 590 440 ct
602 382 756 441 exultantia
772 380 824 440 sub
842 380 918 440 idem
933 398 1038 441 nomen
1054 384 1186 444 cadunt.

175 464 308 543 Denique
333 458 495 543 κακόζηλον
519 474 656 540 vocatur,
683 464 818 544 quidquid
848 475 893 524 est
922 466 997 525 ultra
1022 468 1186 542 virtutem,

177 550 309 626 quotiens
338 551 481 625 ingenium
512 549 618 608 iudicio
648 559 728 624 earet
761 558 790 607 et
817 551 918 627 specie
947 548 1016 608 boni
1049 550 1182 624 fallitur,

176 634 297 691 omniurn
312 635 340 692 in
356 633 520 710 eloquentia
534 634 666 691 vitiorum
678 634 841 711 pessimum.
867 632 938 691 Nam
955 642 1054 692 cetera
1071 653 1180 712 parum

135 723 168 778 st
177 719 314 792 vitantur,
330 716 388 777 boc
403 718 519 794 petitur.
561 716 614 775 Est
630 726 725 775 autem
740 725 829 776 totum
846 718 875 775 in
890 717 1067 776 elocutione.
1104 717 1179 777 Nam

176 819 272 861 rerum
291 802 359 861 uitia
381 810 445 859 sunt
468 801 600 874 stultum,
630 816 793 875 commune,
817 802 1004 875 contrarium,
1029 820 1176 879 superva-

177 903 273 953 cuum;
296 894 430 962 corrupta
452 886 544 943 oratio
559 886 588 942 in
604 883 702 942 verbis
721 885 841 942 maxime
860 886 1042 961 impropriis,
1065 886 1175 945 redon

176 967 317 1043 dantibus,
339 968 597 1047 comprehensione
613 966 748 1043 obscura,
767 969 977 1045 compositione
991 968 1107 1043 fracta
1126 987 1173 1028 vo-

177 1070 241 1110 cum
267 1053 399 1115 similium
424 1061 472 1112 aut
499 1052 693 1148 ambiguarum
715 1051 818 1129 puerili
841 1054 1004 1129 captatione
1026 1056 1173 1112 consistit.

134 1134 228 1199 ssttst
243 1144 338 1195 autem
353 1153 436 1196 omne
452 1128 615 1212 κακόζηλον
633 1136 731 1212 utique
746 1134 864 1211 falsum,
885 1137 1068 1195 etiamsinon
1090 1154 1173 1195 omne

177 1219 280 1279 falsum
295 1213 472 1297 κακόζηλον
498 1218 657 1278 cacozelon
679 1236 750 1278 vero
775 1228 835 1293 est,
858 1218 935 1295 quod
958 1219 1062 1278 dicitur
1076 1220 1172 1293 aliter,

178 1321 260 1382 quam
275 1321 307 1362 se
324 1313 423 1363 natura
438 1301 525 1361 babet
541 1311 570 1363 et
585 1320 669 1380 quarn
688 1312 804 1381 oportet
822 1311 851 1361 et
867 1320 950 1379 quam
965 1312 1009 1362 sat
1024 1313 1083 1363 est.
1120 1304 1172 1365 To·

177 1387 263 1445 tidem
279 1395 372 1446 autem
386 1386 541 1465 generibus
554 1388 745 1465 corrumpitur
760 1387 863 1460 oratio,
876 1395 947 1463 quot
957 1395 1086 1448 ornatur.
1118 1388 1173 1448 Sed

178 1470 213 1529 de
235 1470 290 1529 bac
311 1481 393 1548 parte
411 1479 440 1530 ct
460 1472 488 1530 in
509 1469 566 1528 alio
581 1470 665 1529 nobis
680 1488 772 1549 opere
787 1470 899 1547 plenius
914 1470 1019 1530 dictum
1035 1480 1082 1530 est
1103 1482 1134 1531 et
1147 1474 1174 1531 in

176 1553 233 1613 boc
249 1572 338 1633 saepe
358 1563 496 1614 tractatur
516 1562 545 1612 et
567 1554 659 1614 adbuc
682 1563 836 1633 spargetur
855 1553 984 1619 omnibus
1002 1554 1089 1615 locis.
1121 1555 1172 1614 Lo·

178 1646 299 1715 quentcs
321 1641 395 1699 enim
418 1639 453 1698 de
477 1647 576 1697 ornatu
600 1638 720 1698 subinde
729 1655 835 1717 quae
856 1640 913 1697 sint
931 1637 1046 1698 vitanda
1067 1640 1174 1699 similia

177 1722 327 1782 uirtutibus
345 1722 424 1797 uitia,
442 1722 579 1782 dicemus.

136 1814 170 1870 59
261 1808 332 1906 Supt
355 1807 485 1867 inornata
507 1815 536 1866 et
559 1806 647 1866 baec:
671 1806 748 1883 quod
770 1805 845 1865 male
869 1805 1039 1904 dispositum
1061 1815 1124 1882 est,
1143 1807 1171 1866 id

178 1881 425 1969 ἀνοικονόμητόν
454 1891 530 1969 quod
551 1890 626 1949 male
648 1890 813 1967 figuratum,
840 1880 906 1950 id'
889 1884 1070 1970 ασχήματον·
1095 1890 1171 1969 quod

178 1975 253 2035 male
275 1977 465 2050 collocatum
489 1976 516 2034 id
539 1969 759 2035 κακοσύνθετον
779 1984 895 2034 vocant.
940 1975 997 2035 Sed
1021 1973 1058 2033 dc
1073 1974 1170 2053 dispo

178 2060 282 2118 sitione
303 2060 437 2127 diximus;
461 2059 497 2118 de
513 2060 612 2134 liguris
630 2068 659 2118 et
680 2061 888 2137 compositione
904 2059 1040 2119 dicemus.
1072 2063 1167 2138 Σωρι·

177 2145 248 2219 σμὸς
279 2161 394 2222 quoque
422 2144 585 2222 appellatur
611 2142 749 2220 quaedam
775 2142 861 2202 mixta
889 2161 926 2201 ex
950 2144 1028 2201 varia
1059 2144 1170 2201 ratione

177 2227 335 2303 linguarum
351 2229 459 2304 oratio,
474 2236 504 2286 ut
523 2229 547 2285 si
566 2227 671 2286 Atticis
688 2225 805 2301 Dorica,
821 2226 930 2300 Ionica,
947 2226 1070 2285 Aeolica
1085 2228 1170 2285 etiam

135 2309 252 2377 dodicta
275 2311 441 2370 confundas.
489 2308 541 2370 Cui
564 2309 656 2369 simile
679 2312 776 2369 vitium
796 2320 840 2370 est
863 2312 937 2388 apud
959 2327 1028 2384 nos,
1055 2310 1079 2367 si
1107 2311 1169 2387 quis

177 2393 306 2454 sublimia
323 2394 485 2470 humilibus,
500 2404 600 2454 veteru
618 2396 711 2468 novis,
727 2396 842 2471 poetica
857 2393 1024 2471 vulgaribus
1038 2395 1167 2452 misceat.

176 2476 209 2536 ld
232 2479 306 2537 anim
326 2478 384 2538 tale
398 2488 569 2554 monstrum,
591 2478 677 2556 quale
700 2478 834 2537 Horatius
856 2480 884 2537 in
899 2479 988 2555 prima
1005 2486 1085 2555 parte
1105 2477 1168 2536 libri

177 2561 213 2622 de
229 2571 291 2621 arte
307 2564 423 2643 poetica
438 2563 531 2639 lingit:

326 2644 465 2707 Humano
487 2648 581 2724 capiti
598 2647 748 2707 ceruicem
762 2647 862 2725 pictor
873 2647 1017 2723 equinam

325 2728 457 2809 lumpero
470 2732 498 2791 si
517 2731 598 2805 uelit,

178 2823 207 2874 et
223 2824 321 2875 cetera
339 2832 376 2874 ex
392 2816 513 2873 diversis
528 2815 636 2874 naturis
652 2812 793 2872 subiiciat.

137 2910 171 2964 61
263 2897 431 2958 Ornatum
453 2908 513 2972 est,
537 2896 614 2975 quod
631 2899 787 2975 perspicuo
811 2915 845 2957 ac
866 2894 1011 2974 probabili
1032 2895 1094 2975 plus
1112 2903 1163 2954 est.

178 2979 247 3040 Eius
262 2985 346 3060 primi
360 2991 424 3041 sunt
439 2981 544 3058 gradus
559 2983 588 3040 in
603 2998 639 3039 eo
657 2981 733 3060 quod
748 2980 822 3040 velis
839 2979 1041 3058 exprimendo,
1057 2980 1164 3052 tertius,

180 3067 227 3142 qui
242 3065 315 3126 haec
333 3066 463 3125 nitidiora
480 3066 577 3140 iaciat,
595 3065 673 3142 quod
689 3066 806 3143 proprie
819 3065 926 3124 dixeris
943 3082 983 3122 cu
994 3063 1086 3122 ltnm.
1112 3061 1163 3120 lta·

172 3166 236 3225 que
259 3144 474 3248 ἐνόρηειαν,
498 3150 578 3208 ouius
598 3151 627 3206 in
648 3149 813 3226 praeceptis
834 3149 1004 3207 narrationis
1019 3146 1075 3205 leci
1089 3163 1164 3204 men-

178 3234 296 3308 tionem,
313 3235 377 3311 quia
394 3233 458 3311 plus
474 3243 518 3292 est
534 3231 676 3291 evidentia
690 3231 750 3307 vel
768 3240 798 3290 ut
813 3233 860 3292 alii
875 3232 981 3306 dicunt,
998 3246 1163 3307 repraesen-

179 3317 249 3374 tatio
265 3334 348 3393 quam
360 3318 567 3394 perspicuitas
588 3325 618 3374 et
635 3316 705 3375 illud
723 3325 817 3394 patet,
840 3315 897 3374 hoc
913 3334 945 3374 se
962 3298 1213 3392 quodammodo

137 3414 173 3468 62
181 3398 316 3474 ostendit
332 3402 406 3457 inter
424 3409 587 3458 ornamenta
603 3416 751 3476 ponamus.
789 3398 892 3475 Magna
913 3401 1002 3458 virtus
1024 3406 1081 3470 est,
1105 3413 1160 3471 res,

181 3483 334 3562 dequibus
352 3482 510 3560 loquimur,
534 3482 612 3543 clare
634 3492 736 3560 atque,
758 3490 788 3542 ut
804 3501 882 3542 cerm
876 3484 1061 3558 videantur,
1079 3496 1161 3539 enun-

1117 3752 1121 3759 v
