2434 3925
140 246 142 249 v
160 165 220 226 106
475 176 511 223 u.
528 175 605 222 nnn.
623 174 843 234 occurrerem

159 341 188 390 et
206 331 326 408 contigit
340 338 500 406 utrumque.
532 327 617 402 Quod
632 346 689 388 non
706 329 902 402 inseruissem,
918 328 1029 387 veritus
1045 327 1163 406 opinio·

159 434 225 475 nem
240 416 409 488 iactantiae,
431 414 485 471 nisi
501 412 627 490 probare
644 412 814 487 voluissem,
831 414 858 470 in
874 411 939 470 loro
956 428 1074 489 quoque
1090 429 1163 471 esse

115 499 202 564 'tobis
219 498 316 574 liguris
331 497 437 556 locum.
468 495 615 569 Quaedam
632 499 728 571 etiam,
748 514 822 573 quae
834 494 959 573 probare
975 513 1033 554 non
1048 498 1161 573 possis,

158 584 249 659 ligura
264 583 360 659 potius
377 580 541 658 spargenda
564 589 638 639 sunt.
670 580 779 639 Haeret
802 581 876 638 enim
900 596 1104 657 nonnunquam
1120 589 1162 640 te·

158 666 294 727 lumillud
306 664 465 738 occultum,
483 673 511 723 et
522 664 579 723 hoc
591 666 674 741 ipso,
691 663 768 742 quod
782 681 839 722 non
852 672 983 741 apparet,
1000 665 1087 722 eximi
1105 682 1162 724 non

157 758 271 829 potest;
288 750 312 808 si
325 748 400 808 idem
414 747 493 808 dicas
510 747 618 825 palam:
636 757 664 808 et
680 747 843 807 defenditur
859 755 888 805 et
904 746 1085 824 probandum
1105 758 1159 808 est.
1203 750 1204 755 ’

116 845 150 900 76
242 830 312 892 Cum
341 840 436 891 autem
469 830 565 890 obstat
595 831 679 890 uobis
708 847 890 910 personae
919 835 1158 903 reverentia,

129 930 131 937 ’
158 917 252 996 (quod
273 915 429 975 secundum
457 916 605 992 posuimus
634 917 748 995 genus)
770 924 849 974 tanto
872 917 982 974 cautius
1004 913 1158 975 dicendum

158 1010 212 1076 est,
230 1008 335 1078 quanto
355 998 477 1058 validius
498 998 592 1057 bonos
613 998 722 1058 inhibet
743 999 837 1075 pudor
858 1016 942 1076 quem
964 1008 1068 1058 metus.
1107 999 1160 1059 Hic

156 1101 228 1144 vero
245 1094 416 1160 tegeremus
439 1081 540 1157 iudex,
564 1082 643 1159 quod
659 1084 799 1157 sciamus,
827 1091 856 1141 et
875 1081 966 1142 verba
982 1085 1011 1141 ui
1035 1078 1159 1160 quadam
1204 1132 1205 1153 2

157 1170 286 1227 veritatis
308 1168 486 1243 erumpentia
517 1166 619 1226 ‘credat
644 1183 795 1226 coercere.
844 1164 916 1226 Nam
937 1175 1043 1243 quanto
1066 1168 1159 1226 minus

159 1261 206 1311 aut
222 1252 287 1330 ipsi,
306 1253 333 1309 in
353 1267 426 1327 quos
442 1250 578 1324 dicimus,
592 1260 648 1309 aut
670 1250 780 1310 iudices
795 1259 844 1309 aut
859 1251 1028 1309 assistentes
1045 1249 1159 1309 oderint

117 1336 232 1400 libanu
247 1332 438 1394 maledicendi
453 1333 617 1410 lasciviam,
641 1336 666 1392 si
681 1335 761 1393 velle
775 1351 829 1393 nos
847 1331 987 1393 credaut?
1014 1333 1074 1392 Aut
1089 1334 1158 1412 quid

158 1422 290 1491 interest,
307 1416 452 1496 quomodo
468 1416 589 1492 dicatur,
607 1437 671 1477 cum
685 1427 714 1478 et
727 1436 776 1477 res
796 1427 826 1477 et
841 1420 950 1476 animus
965 1414 1157 1493 intelligitur?

160 1503 235 1575 Quid
251 1502 372 1562 dicendo
389 1501 512 1578 denique
534 1501 719 1579 proficimus,
740 1504 795 1561 nisi
814 1510 845 1560 ut
862 1501 957 1579 palam
979 1503 1032 1576 sit,
1057 1501 1156 1561 iacere

158 1604 222 1661 nos,
239 1586 316 1665 quod
332 1586 387 1663 ipsi
402 1585 524 1644 sciamus
535 1602 593 1644 non
609 1604 677 1645 esse
694 1582 877 1645 iaciendum?
900 1584 987 1663 Atqui
999 1588 1157 1664 praecipuo

158 1674 259 1749 prima,
277 1669 380 1749 quibus
395 1671 569 1747 praecipere
584 1687 756 1747 coeperam,
772 1679 903 1747 tempora
919 1668 975 1728 boc
990 1670 1061 1728 vitio
1076 1669 1156 1730 labo·

158 1763 264 1813 rarunt.
304 1752 447 1814 Dicebant
471 1755 546 1811 enim
563 1753 689 1814 libenter
723 1753 797 1812 tales
822 1755 1056 1830 controversias,
1083 1771 1155 1831 quae

116 1837 333 1903 78dilficultatis
350 1839 443 1914 gratia
458 1837 592 1915 placent,
616 1856 680 1897 cum
702 1839 758 1896 sint
777 1837 867 1897 multo
889 1836 1048 1896 faciliores.
1086 1836 1155 1897 Nam

157 1931 266 1984 rectum
281 1940 373 2000 genus
388 1920 542 2000 approbari
557 1923 612 1981 nisi
626 1923 754 1981 maximis
765 1921 873 1981 viribus
886 1938 943 1980 non
955 1930 1068 2000 potest;
1085 1921 1155 1982 baec

158 2006 336 2068 deverticula
352 2015 380 2065 et
395 2006 540 2065 anfractus
555 2007 678 2082 suffugia
693 2014 758 2065 sunt
769 2006 948 2080 infirmitatis,
965 2008 1056 2084 utqui
1072 2024 1154 2067 cursu

158 2109 258 2169 parum
273 2091 382 2166 valent,
397 2090 474 2149 llexu
490 2090 618 2165 eludunt,
636 2108 699 2149 cum
709 2091 793 2164 haec,
811 2108 884 2167 quae
900 2090 1063 2165 affectatur,
1081 2091 1154 2150 ratio

158 2175 362 2234 sententiarum
381 2191 438 2232 non
452 2174 555 2251 procul
571 2192 587 2232 a
606 2176 718 2234 ratione
739 2174 853 2233 iocandi
873 2173 1038 2236 abhorreat.
1069 2173 1153 2233 Adiu-

158 2267 207 2317 vat
225 2260 325 2331 etiam,
341 2258 418 2335 quod
437 2257 549 2317 auditor
563 2258 672 2334 gaudet
686 2258 867 2335 intelligere,
892 2266 921 2316 et
941 2258 1020 2318 iavet
1039 2258 1163 2334 ingenio·

118 2350 211 2405 79suo
228 2342 328 2401 etalio
348 2343 463 2403 dicente
481 2360 514 2400 se
532 2341 637 2402 laudat.
669 2342 769 2419 ltaque
785 2359 842 2401 nou
857 2341 965 2417 solum,
987 2344 1011 2400 si
1028 2359 1153 2419 persona

159 2424 288 2485 obstaret
303 2434 402 2484 rectae
415 2426 551 2500 orationi,
574 2425 653 2504 (quo
669 2428 697 2485 in
712 2439 823 2502 genere
838 2427 954 2504 saepius
971 2425 1056 2485 modo
1072 2444 1154 2504 quam

159 2510 257 2585 liguris
273 2525 347 2586 opus
364 2510 424 2587 est)
441 2509 633 2568 decurrebant
647 2510 681 2569 ad
693 2510 850 2586 schemata,
869 2508 922 2568 sed
938 2508 1083 2569 iaciebant
1098 2509 1154 2569 illis

159 2593 254 2653 locum
270 2595 365 2667 etiam,
380 2592 428 2651 ubi
445 2592 559 2652 inutiles
575 2611 610 2652 ac
625 2594 752 2653 nefariae
769 2602 883 2653 essent:
903 2602 934 2652 ut
948 2596 973 2652 si
988 2603 1088 2671 pater,
1108 2595 1154 2672 qui

159 2677 290 2736 infamem
305 2677 333 2735 in
348 2685 466 2735 matrem
482 2676 568 2735 lilium
583 2687 700 2737 secreto
717 2678 890 2752 occidisset,
907 2695 974 2737 reus
990 2676 1085 2737 malae
1098 2686 1154 2736 tra·

118 2762 293 2821 Sdctationis
308 2760 482 2820 iacularetur
492 2762 520 2819 in
529 2778 650 2820 uxorem
665 2761 789 2838 obliquis
805 2764 965 2821 sententiis.
998 2759 1070 2820 Nam
1088 2760 1153 2840 quid

123 2899 127 2908 ,
158 2846 305 2923 impurius,
326 2862 409 2922 quam
423 2845 576 2903 retinuisse
588 2841 696 2904 talem?
719 2844 793 2918 Quid
805 2862 893 2923 porro
903 2855 959 2904 tam
972 2848 1152 2919 contrarium,

160 2946 244 3006 quarn
261 2946 336 3003 eum,
353 2930 401 3006 qui
415 2938 584 3003 accusetur,
601 2931 667 3006 quia
684 2947 821 2987 summum
842 2930 924 2989 nelas
937 2931 1103 3006 suspicatus
1119 2929 1153 2989 dc

160 3028 252 3070 uxore
268 3013 416 3087 videatur,
441 3013 612 3071 confirmare
627 3012 655 3071 id
670 3013 733 3090 ipsa
748 3012 934 3087 defensione,
953 3013 1030 3090 quod
1045 3012 1153 3073 diluen-

160 3093 225 3153 dum
241 3092 307 3154 est?
340 3094 379 3153 At
401 3097 426 3154 si
448 3096 571 3155 iudicum
592 3105 738 3156 sumerent
762 3099 900 3156 animuin:
924 3098 1048 3171 scirent,
1072 3114 1153 3174 quam

161 3178 299 3237 eiusmodi
315 3180 455 3238 actionem
470 3179 554 3239 laturi
569 3197 626 3237 non
638 3179 773 3248 luissent3
789 3181 937 3258 multoque
953 3183 1037 3239 etiam
1051 3183 1153 3257 minus,

119 3270 152 3324 81
161 3279 224 3320 cum
239 3263 268 3321 in
283 3270 418 3339 parentes
434 3262 622 3322 abominanda
643 3265 758 3322 crimina
781 3273 996 3341 spargerentur.
1033 3262 1069 3323 Et
1085 3281 1152 3341 quu-

163 3355 246 3405 tenus
263 3345 319 3404 huc
331 3346 496 3422 incidimus,
518 3346 606 3424 paulo
629 3346 694 3424 plus
716 3347 826 3406 scholis
850 3348 959 3407 demus.
994 3345 1065 3407 Nam
1082 3356 1110 3406 et
1126 3348 1153 3405 in

161 3429 205 3490 his
221 3429 360 3491 educatur
374 3438 487 3507 orator,
507 3438 536 3490 et
553 3431 582 3489 in
597 3447 649 3508 eo,
668 3430 811 3510 quomodo
826 3431 1012 3507 declamatur,
1029 3431 1153 3510 positum
