2434 3925
155 237 197 299 42
466 251 830 312 amnemamnem

113 406 269 484 miogenis
292 406 404 466 concidi
427 414 457 467 et
478 407 629 465 comminui
651 406 751 467 oredo.
784 408 843 468 Sed
863 407 932 467 nibil
955 425 993 469 ex
1011 426 1157 485 gramma·

155 493 212 550 tica
234 493 382 565 nocuerit,
404 491 459 549 nisi
481 490 559 567 quod
580 509 793 568 supervacuum
815 502 869 551 est.
908 492 953 551 An
975 493 1041 552 ideo
1059 495 1158 574 minor

156 584 202 633 est
218 573 256 634 Μ.
276 573 386 634 Tullius
405 582 519 650 orator,
542 575 619 651 quod
636 575 712 635 idem
729 577 798 634 artis
816 576 900 635 huius
916 576 1157 654 diligentissimus

155 659 209 718 fuit
230 667 260 717 et
280 659 309 716 in
329 658 389 717 filio
411 658 457 735 (ut
480 658 613 736 epistolis
636 661 772 738 apparet)
799 669 882 719 recte
904 660 1042 737 loquendi
1063 679 1157 739 asper

157 760 273 821 quoque
301 738 441 801 exactori
478 750 527 801 aut
552 744 609 802 vim
633 740 666 802 G.
691 742 825 802 Caesaris
847 744 998 821 inegerunt
1024 744 1092 804 editi
1114 745 1157 803 de

114 827 288 903 35analogia
309 824 395 885 libri?
417 826 550 885 antideo
572 829 663 885 minus
685 827 810 886 Messala
832 829 953 903 nitidus,
976 830 1042 906 quia
1064 846 1154 905 quos·

155 911 219 970 dam
239 920 316 970 totos
338 910 456 970 libellos
482 926 539 968 uon
557 910 655 969 verbis
677 911 762 970 modo
784 913 905 988 singolis
927 912 1085 971 sedetiam
1106 913 1155 971 lit-

155 997 227 1054 teris
248 992 346 1054 dedit‘l
378 993 444 1053 Non
461 993 576 1053 obstant
592 994 648 1054 hae
670 995 840 1074 disciplinae
863 1014 916 1075 per
934 996 1001 1055 illas
1019 996 1155 1056 euntibus

155 1079 208 1139 sed
229 1080 306 1140 circa
327 1078 393 1138 illas
415 1077 611 1137 haerentibus.
1075 1113 1077 1116 -

239 1244 325 1305 Vlll..
362 1245 504 1323 Superest
530 1245 661 1322 lectio,
690 1248 719 1306 in
747 1265 803 1325 qna
831 1265 904 1327 puer
927 1257 958 1307 ut
985 1248 1074 1322 sciat,
1102 1245 1154 1305 ubi

156 1329 336 1408 suspendere
357 1331 492 1407 spiritum.
508 1329 629 1406 debeat,
652 1347 710 1408 quo
735 1330 803 1391 loco
822 1351 939 1391 versum
961 1332 1152 1407 distinguere,

156 1414 205 1473 ubi
225 1412 373 1473 claudatur
393 1430 513 1489 sensus,
536 1414 611 1473 unde
630 1417 764 1493 incipiat,
788 1416 902 1494 quando
924 1415 1081 1476 attollenda
1102 1414 1154 1473 vel

158 1497 355 1557 summittenda
371 1499 407 1555 sit
423 1513 498 1573 vox,
522 1498 603 1575 quid,
627 1516 742 1576 quoque
761 1500 838 1560 llexu
860 1500 944 1578 quid,
967 1499 1081 1574 lentius,
1103 1517 1152 1558 ce·

158 1582 265 1656 lerius,
296 1582 483 1657 concitatius,
510 1580 604 1640 lenius
631 1582 797 1644 dicendum:
825 1585 1025 1644 demonstrari
1042 1584 1096 1641 nisi
1123 1584 1153 1641 in

131 1683 249 1744 cupere
266 1667 332 1743 ipso
349 1681 405 1724 non
423 1674 530 1744 potest.
562 1665 655 1726 Unum
671 1677 715 1727 est
731 1670 835 1745 igitur,
855 1668 939 1746 quod
950 1670 979 1727 in
997 1667 1052 1726 bac
1067 1675 1153 1744 parte

158 1751 348 1829 praecipiam:
382 1749 420 1809 Ut
447 1752 540 1810 omnia
566 1751 621 1808 ista
649 1751 748 1811 iacere
777 1754 887 1831 possit,
913 1752 1067 1827 intelligat.
1110 1750 1155 1809 Sit

158 1842 252 1894 autem
273 1835 415 1912 inprimis
436 1834 523 1894 lectio
543 1835 635 1894 virilis
653 1844 763 1895 etcum
781 1838 923 1895 suavitate
943 1835 1065 1913 quadam
1085 1851 1154 1910 gra·

156 1920 218 1996 vis,
242 1927 270 1979 et
285 1935 342 1978 non
358 1919 471 1999 quidem
488 1936 594 1999 prosae
612 1920 729 1996 similis,
753 1922 820 1998 quia
836 1930 865 1980 et
881 1937 996 1980 carmen
1010 1928 1055 1979 est
1072 1928 1102 1978 et
1120 1936 1154 1978 se

158 2013 265 2084 poetae
293 2022 399 2063 canere
419 2013 574 2072 testantur3
604 2014 778 2064 nontamen
799 2007 828 2065 in
851 2007 991 2064 canticum
1011 2003 1154 2063 dissoluta

156 2106 212 2148 nec
234 2088 374 2167 plasmate
397 2088 443 2166 (ut
465 2106 539 2147 nunc
558 2105 574 2146 a
596 2087 747 2167 plerisque
767 2090 813 2168 lit)
836 2090 1012 2156 effeminata;
1036 2086 1072 2145 de
1095 2103 1153 2165 quo

157 2190 267 2250 genere
285 2173 392 2249 optimc
412 2168 446 2231 0.
465 2170 620 2231 Gaesarem
642 2181 852 2250 praetextatum
873 2173 966 2233 adbuc
982 2172 1154 2251 ‘accepimus

132 2257 281 2318 3dixissez
312 2254 348 2315 Si
368 2264 492 2332 contos,
512 2256 592 2316 male
614 2265 743 2326 cautam·
771 2258 800 2317 si
819 2259 912 2336 lepis,
934 2265 1052 2317 cautas.
1091 2254 1155 2314 Neo

158 2341 410 2418 prosopopoeias,
438 2347 467 2398 ut
489 2339 658 2417 quibusdam
681 2341 795 2418 placet,
823 2342 858 2401 ad
881 2342 1021 2401 comicum
1042 2357 1153 2398 morem

159 2425 335 2502 pronuntiari
351 2424 454 2490 velim;
474 2442 543 2483 esse
560 2433 654 2483 tamen
674 2423 781 2484 flexum
798 2425 954 2503 quendam,
978 2440 1035 2501 quo
1055 2422 1153 2481 distin·

134 2516 280 2584 lguantur
300 2506 335 2567 ab
357 2508 408 2582 iis,
430 2510 458 2566 in
475 2507 577 2586 quibus
592 2517 680 2587 poeta
696 2525 822 2587 persona
841 2528 893 2569 sua
908 2516 1013 2567 utetur.
1048 2504 1154 2566 Cetera

88 2601 90 2605 ’
159 2592 352 2651 admonitione
377 2609 479 2669 magna
512 2600 615 2668 egent,
644 2594 672 2651 in
700 2594 815 2671 primis,
842 2602 873 2652 ut
900 2596 1019 2652 tenerae
1041 2599 1153 2650 mentes

159 2684 361 2755 tracturaeque
378 2676 479 2750 altius,
502 2675 639 2753 quidquid
659 2676 777 2735 rudibus
795 2685 824 2737 et
843 2679 965 2737 omnium
985 2677 1093 2752 ignaris
1113 2677 1153 2734 in·

57 2822 60 2827 ,
160 2759 285 2835 sederit,
307 2777 364 2819 non
379 2760 465 2819 modo
481 2777 556 2838 quae
571 2760 679 2821 diserta
698 2760 751 2820 sed
766 2760 815 2820 vel
832 2763 924 2838 magis
942 2777 1017 2838 quae
1031 2758 1153 2819 honesta

160 2853 239 2920 sunt,
262 2845 382 2905 discant.

136 2942 154 2994 5
242 2927 372 3007 Ideoque
398 2928 505 3006 optime
531 2929 688 2988 institutum
710 2936 772 3004 est,
800 2936 831 2987 nt
857 2927 893 2987 ab
915 2927 1041 2986 Homero
1067 2935 1153 3005 atque

102 3041 104 3047 1
159 3011 291 3088 Vergilio
310 3012 398 3072 lectio
413 3014 571 3091 inciperet,
595 3029 755 3091 quanquam
772 3011 807 3071 ad
828 3011 1032 3089 intelligendas
1055 3027 1154 3069 eorum

159 3097 281 3155 virtutes
308 3097 434 3156 lirmiore
455 3097 560 3157 iudicio
589 3112 664 3173 opus
686 3104 746 3163 est;
776 3096 829 3155 sed
854 3096 923 3155 huic
946 3097 990 3154 rei
1018 3103 1156 3172 superest

161 3187 290 3256 tempus,
313 3198 408 3258 neque
425 3182 499 3239 enim
516 3179 607 3240 semel
625 3179 766 3256 legentur.
801 3178 917 3239 Interim
935 3188 964 3238 et
980 3177 1154 3238 sublimitate

161 3263 272 3322 heroici
296 3266 427 3323 carminis
449 3265 556 3324 animos
583 3272 717 3340 assurgat
738 3273 768 3323 et
789 3282 828 3322 ex
847 3262 1039 3340 magnitudine
1059 3277 1172 3321 rerum·

138 3349 291 3426 lispiritum
307 3347 391 3407 ducat
409 3355 438 3406 et
457 3349 570 3425 optimis
584 3346 734 3406 imbuatur.
767 3347 859 3407 Utiles
877 3346 1062 3424 tragoediae,
1077 3345 1156 3405 alunt

162 3440 192 3490 et
208 3431 305 3507 lyrici3
329 3433 353 3490 si
371 3434 507 3490 tamenin
523 3430 567 3488 his
585 3448 643 3489 non
660 3440 793 3491 auctores
812 3431 897 3490 modo
918 3430 971 3490 sed
989 3432 1073 3488 etiam
1091 3447 1155 3508 par-

161 3524 207 3575 tes
229 3517 326 3596 operis
348 3516 494 3594 elegeris,
516 3531 580 3575 nam
599 3523 629 3574 et
647 3513 750 3576 Graeci
772 3515 894 3577 licenter
908 3514 997 3575 multa
1017 3521 1048 3573 et
1064 3512 1154 3573 llora·
