2434 3925
156 176 218 239 258
486 185 848 246 ercammarum

156 361 237 420 num,
260 343 326 422 qnia
341 341 384 403 llti
397 340 463 422 ipse
477 359 535 402 nou
552 341 675 417 suflicit,
691 348 740 400 aut
755 339 859 419 aliquis
875 358 913 401 ex
929 357 967 400 eo
985 359 1110 419 genere
1131 343 1180 404 ad·

155 437 335 503 vocatorum,
354 428 402 504 qui
413 444 447 486 so
457 444 515 487 nou
526 444 618 507 posse
631 443 721 503 agere
734 425 919 494 confitentum
936 425 1054 486 deinde
1067 428 1182 489 iaciunt

154 512 185 572 id
199 512 277 591 quod
293 521 338 571 est
353 513 382 571 in
399 511 513 588 agendo
531 510 739 571 difficillimum.
769 508 842 569 Nam
856 511 905 589 qui
920 510 1085 588 iudicare,
1110 514 1181 591 quid

155 595 318 672 dicendum,
335 594 403 673 quid
418 594 668 670 dissimulandum,
687 594 756 672 qoid
770 593 972 654 declinandum
988 599 1181 669 mutandum,

156 681 321 757 lingendum
336 680 421 739 etiam
432 681 479 756 sit,
496 687 604 759 potest,
622 697 675 738 cor
685 695 743 737 uon
754 678 791 738 sit
806 687 921 739 orator:
936 680 1080 757 quaudo,
1100 682 1179 762 quod

128 765 301 832 odiffieilius
319 772 381 839 est,
409 771 556 824 oratorem
576 759 668 824 faciti
700 763 735 823 lli
758 779 848 841 porro
868 779 926 822 non
945 773 1067 824 tantum
1087 785 1178 827 noce

155 858 236 925 rent,
258 850 283 908 si
296 849 389 907 omnia
403 849 583 924 scriberent,
600 849 641 908 uti
658 857 743 924 gesta
759 856 833 906 sunt.
864 846 947 907 Nunc
962 851 1138 911 consiliam
1154 860 1178 909 et

157 933 275 994 colores
293 932 429 992 adiiciunt
445 941 475 993 et
492 932 590 1010 aliqua
612 933 714 1010 peiora
729 933 827 1006 veris,
852 930 926 1010 quae
941 932 1095 1012 plerique
1113 955 1179 995 euru

155 1025 351 1097 acceperunt,
373 1024 482 1076 motare
497 1017 580 1077 neias
597 1016 706 1076 babent
724 1025 754 1075 et
768 1015 849 1075 velut
864 1016 990 1077 tbemata
1007 1020 1041 1077 in
1060 1020 1179 1081 scbolis

156 1104 251 1181 posita
267 1101 440 1161 custodiant.
472 1100 586 1160 Deinde
603 1100 859 1179 deprehenduntur
872 1111 902 1160 et
917 1112 1062 1178 oausam,
1090 1123 1178 1184 quan

156 1186 271 1246 discere
288 1203 326 1245 ex
338 1187 398 1244 suis
408 1184 600 1264 litigatoribus
613 1186 777 1261 noluerunt,
794 1203 833 1244 ex
847 1185 1026 1245 adversariis
1041 1187 1177 1248 discunt.

128 1269 288 1336 tbiberum
302 1270 389 1347 igitur
403 1269 503 1329 demus
519 1279 585 1329 ante
602 1271 697 1330 omnia
712 1271 763 1343 iis,
786 1286 908 1347 quorum
927 1271 1090 1346 negotium
1110 1275 1176 1345 erit,

156 1364 269 1432 ternpus
284 1371 319 1413 ac
336 1354 449 1429 locum,
471 1353 715 1432 exhortemurque
733 1353 825 1429 ultro,
843 1362 873 1413 ut
891 1356 985 1413 onnia
1004 1358 1177 1431 quamlibet

155 1438 283 1498 verbose
299 1446 328 1496 et
344 1437 419 1497 unde
433 1438 534 1497 volent
548 1440 674 1517 repetita
692 1456 729 1498 ex
750 1447 883 1515 tempore
905 1450 1073 1515 exponant.
1111 1441 1174 1500 Non

114 1535 121 1553 ·
157 1524 231 1581 enim
252 1530 309 1581 tam
331 1521 417 1581 obest
439 1523 538 1582 audire
558 1540 740 1600 supervacua
758 1540 841 1599 quam
861 1524 998 1599 ignorare
1022 1543 1174 1586 necessa-

128 1609 209 1671 8ria.
238 1605 420 1684 Frequenter
442 1614 535 1665 autem
558 1615 588 1666 et
608 1608 712 1666 vulnus
731 1616 760 1667 et
780 1606 938 1666 remedium
953 1608 991 1664 iu·
1003 1607 1040 1666 iis
1069 1620 1173 1670 orator

156 1691 301 1765 inveniet,
319 1708 394 1769 quae
415 1691 553 1768 litigatori
574 1692 603 1749 in
623 1700 752 1751 neutram
768 1699 880 1768 partem
901 1689 1011 1750 habere
1032 1711 1170 1754 momen·

157 1784 214 1835 tum
232 1774 411 1835 videbantur.
441 1774 505 1836 Nec
528 1784 606 1836 tanta
628 1778 664 1835 sit
685 1785 786 1836 acturo
805 1776 963 1835 memoriae
984 1775 1122 1855 fiducia,
1145 1787 1170 1837 nt

157 1858 343 1919 subscribere
359 1860 455 1920 audita
471 1861 580 1937 pigeat.

241 1943 304 2004 Nec
319 1944 411 2005 semel
426 1943 542 2005 audisse
558 1946 594 2004 sit
609 1944 696 2013 satis;
719 1945 870 2023 cogendus
886 1944 987 2006 eaden
1005 1946 1168 2008 iterumne

157 2030 275 2108 saepius
290 2029 389 2088 dicere
403 2029 542 2106 litigator,
559 2045 618 2090 non
629 2029 723 2089 solum
733 2032 801 2109 quia
813 2030 944 2108 effugere
957 2031 1058 2108 aliqua
1075 2034 1166 2111 priua

157 2115 340 2191 expositione
367 2122 540 2191 potuerunt,
574 2116 746 2192 praesertim
772 2114 916 2174 bominem
943 2114 1042 2194 (quod
1075 2135 1165 2196 saepe

158 2199 268 2274 evenit)
291 2198 469 2276 imperitum,
491 2198 652 2258 sedetiam
674 2208 705 2257 ut
727 2197 867 2274 sci'amus,
892 2217 927 2258 an
948 2199 1051 2259 eadem
1078 2202 1162 2262 dieat.

127 2280 272 2343 9Plurimi
296 2284 370 2341 enim
392 2284 565 2343 mentiuntur
585 2291 631 2357 et,
662 2291 795 2361 tanquan
818 2300 875 2342 nou
896 2283 1020 2343 doceant
1041 2302 1163 2346 causan

157 2364 209 2424 sed
226 2375 326 2441 agant,
343 2383 401 2425 non
417 2376 448 2426 ut
464 2386 527 2427 curn
544 2377 667 2445 patrono
684 2368 736 2426 sed
751 2377 782 2426 ut
798 2386 862 2426 cum
879 2368 973 2427 iudice
989 2368 1161 2446 loquuntur.

157 2447 342 2527 Quapropter
357 2469 499 2531 nunquam
514 2452 761 2511 satiscredendum
773 2461 828 2527 est,
842 2452 894 2512 sed
906 2453 1059 2529 agitandus
1074 2454 1161 2513 omni·

116 2532 209 2596 lobus
232 2532 323 2592 modis
346 2543 375 2594 et
395 2535 552 2595 turbandus
571 2545 600 2594 et
618 2537 794 2598 evocandos.
827 2534 899 2596 Nam
916 2546 947 2596 ut
961 2536 1090 2596 medicis
1109 2555 1160 2598 noa

156 2618 325 2695 apparentia
349 2619 435 2678 modo
463 2621 530 2679 vitia
552 2621 678 2681 curanda
705 2629 770 2680 snut
797 2620 959 2680 sedetiam
985 2622 1160 2682 invenienda

156 2718 231 2780 quae
248 2701 355 2780 latent,
377 2720 468 2781 saepe
483 2705 554 2782 ipsis
571 2722 623 2779 ea,
644 2707 692 2783 qui
708 2705 825 2764 sanandi
840 2714 922 2780 sunt,
940 2705 1158 2766 occulentibus:

155 2787 195 2846 ita
216 2783 372 2846 advocatus
388 2787 486 2866 plora,
509 2806 592 2867 quan
608 2790 814 2863 ostenduntur,
841 2791 973 2867 aspiciat.
1003 2788 1080 2849 Nam
1100 2807 1158 2851 cun

156 2872 226 2930 satis
247 2872 276 2929 in
299 2872 440 2932 audiendo
463 2874 619 2951 patientiae
641 2874 830 2951 impenderit:
853 2877 882 2934 in
902 2875 987 2934 aliam
1006 2891 1116 2934 rursus
1136 2875 1158 2933 ei

156 2970 312 3031 personam
326 2957 529 3020 transeundum
544 2965 604 3032 est,
627 2959 814 3037 agendusque
830 2959 1029 3034 adversarius,
1048 2976 1155 3039 propo·

156 3038 280 3099 nendum
296 3041 433 3119 quidquid
448 3044 562 3101 omnino
584 3043 748 3118 excogitari
766 3052 865 3102 contra
880 3051 993 3120 potest,
1017 3042 1155 3122 quidquid

157 3123 262 3200 recipit
279 3124 307 3182 iu
319 3125 459 3184 eiusmodi
473 3126 687 3205 disceptatione
699 3135 808 3186 natura.
834 3126 1060 3203 Interrogandus
1074 3144 1153 3206 quan

118 3204 343 3268 llinlestissime
359 3227 394 3269 ac
409 3211 592 3288 premendus.
623 3208 696 3269 Nam
711 3211 776 3270 dom
790 3214 883 3270 omnia
899 3212 1083 3289 quaerimus,
1109 3213 1153 3272 ali·

159 3289 274 3368 quaudo
290 3292 326 3351 ad
339 3311 456 3369 verum,
472 3293 520 3353 ubi
534 3296 647 3353 minime
664 3297 898 3372 expectavimus,
914 3296 1112 3373 pervenimus.

243 3373 276 3435 ln
296 3393 404 3435 summa
424 3379 548 3455 optimus
564 3388 609 3439 est
625 3381 652 3437 in
666 3379 805 3440 discendo
821 3388 959 3459 patronus
979 3378 1149 3439 incredulos

159 3457 299 3522 Promittit
315 3460 388 3520 enim
405 3461 532 3538 litigator
549 3464 653 3541 omnia,
670 3471 776 3523 testem
791 3463 940 3543 populun,
959 3464 1150 3543 paratissimas
