2434 3925
167 234 225 298 148
257 273 261 283 -
470 250 508 297 n.
530 246 608 296 sno.
631 248 851 309 cornutorum

163 403 303 478 mirabor,
319 402 433 463 Latinos
446 404 537 478 tnagis
553 402 707 462 indulsisse
722 405 924 481 compositioni
942 422 1025 482 quam
1036 404 1176 483 Atticos,

109 496 221 565 146quo
237 490 328 546 minus
344 489 373 546 in
387 486 484 545 verbis
502 485 625 546 habeant
639 488 784 545 varietatis
802 496 831 546 et
845 491 971 564 grutiae;
990 507 1047 549 nec
1068 491 1174 553 vitium

165 572 301 645 dixerim,
318 573 342 630 si
358 569 462 630 Cicero
478 587 494 629 o
510 569 707 628 Demosthene
723 571 838 647 paulum
853 574 881 629 in
896 572 951 631 hoc
967 582 1051 650 purte
1073 573 1172 632 desci-

164 657 214 713 vit.
259 655 317 714 Sed
333 672 406 732 quoe
422 656 458 712 sit
472 652 633 712 differentia
648 656 738 712 nostri
755 653 916 733 Graecique
931 657 1096 732 sermonis,
1123 675 1170 715 ex·
1211 684 1212 715 t

129 731 132 735 ’
164 737 518 815 plicabitsummusliber.
829 778 833 786 -
1211 730 1212 819 l

247 819 424 899 Compositio
438 822 516 898 (num
528 822 612 879 linem
623 822 771 898 imponere
784 839 906 898 egresso
918 823 1095 884 destinatum
1111 844 1167 885 mo·

165 906 230 964 dum
249 906 384 965 volumini
408 905 529 983 festino)
548 904 636 964 debet
655 922 721 963 esse
744 905 883 981 hernosto,
910 907 1049 981 iucunde,
1077 913 1165 968 vario.

107 988 233 1050 147Eius
251 997 310 1048 tres
326 997 422 1067 partes
439 988 528 1064 ordo,
546 990 726 1063 coniunctio,
749 1007 891 1048 numerus.
938 990 1022 1050 Ratio
1040 993 1165 1052 inedie

163 1074 277 1147 ctione,
295 1072 491 1148 detractione,
507 1074 678 1138 mutatione:
699 1091 767 1132 usus
780 1091 834 1151 pro
851 1085 949 1134 uatum
963 1093 1080 1149 rerum,
1098 1095 1165 1156 quas

163 1155 296 1214 dicimos:
320 1174 388 1215 curn
404 1173 522 1233 magna,
537 1165 568 1214 ut
582 1157 725 1216 sentiendi
742 1166 828 1234 etque
842 1159 997 1236 eloquendi
1015 1161 1102 1237 prior
1118 1163 1163 1226 sit;

163 1238 351 1298 dissimulatio
369 1257 455 1299 cume
472 1240 645 1318 praecipua,
666 1250 696 1299 ut
717 1243 825 1301 numeri
841 1252 945 1321 sponte
963 1242 1088 1303 fluxisse
1112 1262 1165 1303 non

164 1324 296 1382 arcessiti
312 1331 341 1381 et
356 1324 449 1384 coacti
465 1341 532 1382 esse
552 1323 712 1383 videantur.
816 1378 819 1385 ⁴

514 1532 767 1539 ——---——·--*-
778 1533 786 1537 .

440 1642 442 1651 ’
526 1684 705 1749 LIBER
744 1686 789 1750 x.

161 1815 238 1866 Libro
255 1806 351 1864 decimo
370 1815 432 1865 hoec
449 1817 619 1866 continentur:
640 1815 677 1866 De
690 1806 918 1881 copiuvenborum.
956 1816 1027 1875 Quae
1041 1817 1161 1883 legendo„

196 1884 242 1943 Qui
262 1884 413 1934 Graecorum
435 1887 545 1934 maxime
567 1885 678 1950 legendi,
720 1884 768 1942 Qui
790 1886 968 1937 Romanorum.
1014 1887 1053 1935 De
1080 1890 1162 1937 imita-

195 1953 272 2006 tione.
301 1953 429 2013 Quomodo
448 1954 617 2007 scribendum.
648 1952 778 2011 Quomodo
796 1954 989 2004 emendandum.
1021 1953 1095 2014 Quae
1114 1974 1162 2007 mr-

195 2024 264 2072 xime
280 2023 422 2075 scribenda.
456 2021 493 2073 D'e
510 2025 672 2089 cogitatione.
708 2024 839 2095 Quomodo
857 2023 1037 2088 extemporalis
1052 2023 1162 2076 facilitas

195 2100 299 2158 peretur
316 2099 341 2141 et
359 2094 522 2142 contineatur.

480 2245 522 2294 DE
543 2243 639 2295 corin
657 2242 846 2296 VERBORUM.

223 2357 246 2419 l.
268 2339 328 2421 Set
349 2356 422 2416 haec
442 2357 596 2435 eloquendi
618 2365 794 2436 praecepta,
822 2356 896 2415 sicut
921 2357 1080 2432 cognitioni
1102 2365 1161 2417 snut

162 2442 343 2516 necessaria,
361 2441 399 2500 ito
416 2444 551 2502 nonsatis
564 2441 598 2501 ud
611 2444 667 2500 vim
683 2440 796 2501 dicendi
811 2438 924 2514 volent,
940 2442 994 2498 nisi
1011 2440 1069 2498 illis
1087 2441 1160 2499 iirma

162 2527 300 2605 quaedam
313 2524 452 2601 facilitas,
470 2544 543 2603 quae
559 2525 635 2604 apud
651 2524 779 2585 Graecos
795 2522 851 2597 ἕξις
866 2525 1044 2599 nominatur,
1061 2542 1157 2585 acces·

161 2612 248 2679 serit;
280 2610 315 2671 ad
337 2626 420 2686 quam
442 2609 596 2669 scribendo
617 2609 682 2689 plus
701 2626 737 2668 nn
752 2608 877 2685 legendo
899 2606 1075 2667 addicendo
1097 2627 1159 2668 cou-
1211 2613 1212 2618 ’

161 2694 286 2768 feratur,
305 2693 403 2753 solere
419 2694 518 2772 quaeri
532 2696 605 2753 scio.
651 2692 736 2766 Quod
754 2702 834 2751 esset
849 2692 979 2769 diligenti
994 2691 1079 2750 nobis
1097 2712 1159 2752 exa·

162 2778 322 2839 minandum
343 2794 426 2852 curu,
445 2778 469 2835 si
488 2778 617 2856 qualibet
633 2794 731 2837 eorum
746 2795 841 2836 rerum
857 2792 1009 2854 possemus
1024 2794 1082 2835 una
1098 2794 1159 2835 esse

133 2864 300 2923 tcontenti.
341 2860 448 2920 Verum
473 2863 512 2921 itu
541 2870 607 2921 sunt
634 2863 710 2921 inter
731 2879 765 2920 se
794 2878 925 2920 connexu
951 2869 980 2919 et
1007 2860 1158 2920 indiscreto

162 2949 272 3023 omnia,
287 2955 334 3021 ot,
349 2947 374 3005 si
389 2944 456 3025 quid
471 2963 509 3004 ex
522 2946 565 3006 his
583 2943 723 3021 deluerit,
743 2946 847 3004 irustru
862 2946 900 3003 sit
914 2946 942 3003 in
958 2945 1065 3003 ceteris
1084 2944 1158 3004 labo·
1211 3005 1212 3018 ¹

161 3039 261 3089 ratum.
305 3028 376 3089 Nam
399 3047 493 3107 neque
508 3030 602 3089 solida
619 3039 705 3107 etque
721 3029 839 3088 robusta
856 3028 942 3087 fuerit
963 3045 1087 3107 unquam
1103 3029 1157 3088 elo·

163 3114 296 3189 quentia,
322 3114 376 3172 nisi
399 3113 486 3172 multo
508 3114 575 3173 stilo
597 3115 675 3172 vires
695 3114 856 3191 acceperit;
884 3122 913 3171 et
938 3114 1008 3171 citra
1029 3111 1156 3171 lectionis

162 3196 325 3273 exemplum
344 3196 427 3257 labor
449 3197 499 3257 ille
525 3215 628 3257 coneus
652 3207 769 3256 rectore
784 3197 853 3256 lluit.
892 3195 947 3269 Qui
963 3203 1057 3279 autem
1077 3198 1155 3270 sciet,

163 3296 220 3357 quo
236 3296 368 3357 quaeque
389 3281 445 3339 sint
458 3280 544 3341 modo
560 3280 697 3355 dicendo,
720 3281 774 3339 nisi
789 3290 883 3339 tumen
903 3281 931 3338 iu
947 3281 1098 3356 procinctu
1112 3296 1155 3358 po·

162 3370 308 3440 ratamque
324 3361 360 3422 od
375 3380 474 3422 omnes
498 3382 582 3424 cusos
603 3362 735 3423 habuerit
753 3364 962 3442 eloquentium,
985 3362 1065 3421 velut
1085 3362 1154 3422 cluu-

133 3447 202 3507 3sis
218 3445 529 3506 thesaurisonoutiabn.
548 3501 551 3505 .
566 3445 631 3507 Non
646 3456 785 3507 autemut
801 3448 925 3526 quidque
940 3448 1096 3524 praecipue
1110 3463 1154 3504 ne

163 3532 397 3607 cessationem,
421 3531 464 3589 sic
486 3530 520 3590 ad
538 3530 719 3590 efficiendum
735 3540 880 3590 oratorem
899 3532 1012 3589 maximi
1032 3530 1153 3608 protinus

1206 3599 1212 3674 l
