2434 3925
182 175 242 238 174
484 184 852 248 msaneunurnnaur

179 342 329 421 incipiant;
349 357 409 420 quo
427 341 589 420 pudendum
606 350 652 401 est
668 342 770 418 magis,
787 338 1035 403 sidilbcultatem
1051 341 1139 405 facit
1151 342 1183 404 dt

179 427 279 486 ctrina.
310 425 376 486 Non
391 443 463 502 ergo
479 444 596 506 semper
608 435 741 504 putemus
758 426 894 502 optimum
912 443 980 484 esse
997 428 1096 504 quod
1115 428 1180 489 latet:

178 511 408 570 immutescamus
426 510 544 587 alioqui,
567 511 592 569 si
607 509 677 568 nihil
692 509 842 569 dicendum
856 508 1006 584 videatur,
1033 512 1103 571 nisi
1123 510 1179 591 qud

136 601 169 658 17
178 611 234 652 non
247 595 413 653 invenimus.
448 592 601 653 Diversum
620 602 671 652 est
687 592 753 652 buic
774 609 873 651 eorum
886 593 1003 668 vitium,
1025 597 1175 674 quiprint

178 677 334 738 decurrere
350 695 404 755 ner
418 680 565 737 materiam
581 677 648 737 stilo
665 694 748 755 quam
765 676 951 736 velocissimo
967 677 1087 738 volunt
1106 689 1174 739 etse

152 798 155 807 ·
178 770 299 840 quentes
320 761 448 821 calorem
469 770 555 839 atque
576 762 711 840 impetum
733 779 771 819 ex
790 769 922 838 tempore
937 760 1098 831 scribunt;
1124 764 1172 824 ban
1194 840 1195 843 Ἴ

176 847 285 908 rilocm
299 854 414 905 vocant
456 843 601 923 Repetunt
622 844 725 905 deinde
743 852 773 903 et
787 853 961 923 componunt
977 863 1062 923 quae
1081 848 1171 907 effnde

175 939 252 998 rant;
269 931 321 990 sed
339 928 427 988 verba
441 928 625 989 emendantur
640 938 669 989 et
680 930 843 1006 nemerim
816 930 933 988 manet
924 948 952 988 ιιι
963 929 1060 989 rebus
1078 941 1170 991 temen

134 1014 324 1091 18congestis
350 1031 424 1091 qnae
444 1014 496 1073 luit
513 1013 626 1073 levitas.
667 1013 799 1073 Protinus
822 1029 894 1089 ergo
916 1012 1065 1073 adbibere
1094 1034 1170 1075 curan

175 1099 284 1159 rectius
305 1099 359 1156 erit
380 1105 466 1175 atque
490 1096 525 1156 ab
546 1097 626 1156 initio
653 1098 695 1156 sic
721 1114 795 1177 opus
815 1097 940 1171 ducere,
959 1104 991 1156 ut
1008 1098 1196 1159 caelandm

175 1198 233 1240 non
251 1198 289 1240 ex
313 1183 427 1257 integro
452 1180 647 1240 fabricandum
670 1181 715 1239 sit.
755 1180 918 1258 Aliquando
941 1190 1041 1240 tamen
1060 1184 1169 1243 affectu

176 1283 341 1344 sequemur,
358 1267 386 1324 in
401 1264 533 1342 quibust
532 1282 583 1323 ere
599 1264 665 1342 plus
681 1264 762 1325 calor
778 1282 862 1342 quam
879 1264 1029 1341 diligentia
1047 1267 1146 1326 valet.
1196 1282 1197 1303 ¹

259 1350 335 1408 Satis
349 1356 469 1426 apparet
484 1364 521 1407 ex
533 1365 580 1423 eo,
598 1348 675 1425 quod
687 1348 760 1408 banc
772 1347 957 1408 scribentium
967 1348 1170 1426 negligentiae

134 1439 169 1497 19
176 1432 289 1507 damno,
306 1432 372 1510 quid
388 1432 424 1491 de
437 1431 494 1491 illis
510 1431 674 1492 dictandi
696 1431 807 1491 deliciis
825 1434 954 1492 sentiam.
981 1430 1059 1492 Nam
1074 1436 1106 1493 in
1119 1433 1170 1494 stilo

177 1516 291 1593 quidem
308 1515 463 1593 quamlibet
483 1525 640 1593 properato
663 1515 711 1576 dat
731 1516 855 1593 aliquam
874 1516 1048 1592 cogitationi
1073 1535 1171 1578 moran

175 1616 233 1658 non
254 1617 436 1676 consequens
459 1599 638 1659 celeritatem
665 1600 727 1659 eius
747 1617 860 1667 manus;
891 1599 942 1659 ille
968 1600 1013 1658 cui
1036 1600 1172 1661 dictamus
1197 1622 1198 1667 ι

176 1690 275 1760 urget,
298 1693 385 1761 atque
407 1685 519 1742 interim
539 1684 628 1761 pudet
649 1684 734 1742 etiam
755 1683 884 1743 dubitare
907 1692 954 1742 aut
971 1685 1172 1745 resisteretur

133 1776 283 1830 tomutare
299 1769 381 1845 quasi
397 1769 543 1826 conscium
560 1768 728 1827 infirmitatis
746 1776 863 1827 nostrae
878 1767 1020 1827 timentes.
1053 1768 1124 1842 Quo
1139 1770 1171 1841 fit,

175 1860 205 1910 ut
225 1868 282 1910 non
297 1852 376 1911 rudia
398 1861 504 1910 tanturn
527 1859 556 1909 et
571 1852 689 1912 fortuita
706 1852 758 1911 sed
778 1853 933 1930 impropria
954 1851 1092 1927 interim,
1114 1854 1171 1913 dun

175 1936 239 1996 sola
255 1944 300 1995 est
321 1936 510 1995 connectendi
532 1937 672 1995 sermonis
691 1936 847 2013 cupiditas,
865 1934 996 2010 effluant,
1022 1953 1102 2013 quae
1123 1954 1170 1997 uec

174 2019 361 2080 scribentium
380 2038 477 2080 curam
491 2038 547 2079 nec
563 2020 717 2079 dicentium
728 2023 863 2099 impetum
880 2029 1109 2098 consequantur.
1138 2022 1168 2080 At

174 2105 250 2164 idem
268 2104 329 2179 ille,
350 2106 397 2182 qui
409 2105 535 2181 excipit,
552 2105 577 2163 si
592 2104 702 2163 tardior
715 2106 744 2163 in
758 2103 912 2164 scribendo
929 2113 976 2163 aut
990 2105 1134 2164 Incertior
1147 2107 1167 2162 ir

175 2187 300 2264 legendo
319 2189 399 2248 velut
418 2187 576 2247 offensator
591 2187 659 2248 luit:
676 2186 819 2246 inhibetur
836 2205 947 2263 cursus,
965 2196 1052 2265 atque
1072 2191 1166 2260 omnis,

175 2288 249 2348 quae
265 2280 342 2347 erat,
366 2280 528 2351 conceptae
548 2275 651 2331 mentis
674 2273 794 2330 intentio
815 2289 895 2331 mora
909 2280 939 2330 et
955 2273 1099 2332 interdurn
1119 2276 1166 2332 ire

131 2366 163 2418 21
174 2354 275 2414 cundia
290 2358 442 2414 excutitur.
481 2353 551 2414 'lum
571 2355 638 2431 illa,
660 2373 735 2434 quae
752 2354 883 2415 altiorem
900 2357 984 2415 animi
1004 2364 1114 2415 motum
1127 2374 1167 2415 se

174 2445 297 2515 quuntur
307 2455 440 2517 quaeque
452 2440 515 2518 ipsa
527 2440 648 2498 animum
659 2439 868 2518 quodammodo
881 2441 1036 2514 concitant,
1052 2458 1167 2517 quorun

174 2530 219 2580 est
231 2522 339 2581 iactare
354 2540 481 2597 manum,
504 2530 644 2600 torquere
658 2522 781 2598 vultum,
803 2524 893 2582 sinum
915 2533 944 2583 et
965 2522 1041 2582 latus
1060 2526 1166 2583 interim

173 2605 344 2683 obiurgare,
361 2623 495 2684 quaeque
510 2606 626 2666 Persius
644 2615 734 2682 notat,
753 2625 817 2666 cum
832 2607 936 2667 leviter
951 2607 1065 2667 dicendi
1081 2625 1166 2685 genos

171 2689 323 2767 significat,

199 2771 265 2834 Nec
277 2776 422 2853 pluteum,
438 2773 546 2853 inquit,
565 2775 668 2837 coedit
681 2792 738 2835 nec
754 2774 910 2836 demorsos
922 2775 1006 2853 copi
1018 2793 1143 2854 umqum,

129 2859 255 2920 btetiam
270 2857 391 2918 ridicula
406 2868 486 2933 sunt,
508 2859 563 2916 nisi
584 2877 648 2918 cum
670 2859 727 2917 soli
742 2875 848 2917 snmus.
889 2856 1022 2937 Denique
1035 2868 1066 2918 ut
1080 2857 1165 2918 semel

173 2942 249 3018 quod
274 2952 319 3001 est
342 2943 570 3020 potentissimum
592 2943 701 3018 dicam,
724 2951 868 3002 secretum
891 2944 920 3001 in
935 2942 1069 3002 dictando
1085 2944 1163 3021 perit.

74 3049 77 3054 ·
173 3023 269 3102 Atque
291 3025 413 3086 liberum
436 3025 551 3085 arbitris
575 3027 670 3085 locum
693 3035 722 3085 et
744 3044 827 3103 quam
842 3025 1009 3085 altissimum
1027 3026 1162 3086 silentium

172 3107 364 3168 scribentibus
379 3112 508 3169 maxime
517 3112 674 3170 convenire
686 3126 770 3169 nemo
781 3108 964 3169 dubitaverit.
996 3108 1062 3168 Non
1074 3119 1160 3169 tamen

171 3192 301 3269 protinus
318 3193 466 3269 audiendi,
489 3195 537 3271 qui
559 3194 680 3253 credunt
700 3195 888 3272 aptissima
865 3195 893 3252 in
909 3193 965 3253 boc
987 3210 1104 3254 nemora
1120 3193 1159 3253 sil·

171 3291 292 3351 vasque,
309 3276 387 3353 quod
402 3277 450 3336 illa
468 3278 545 3337 coeli
560 3270 690 3353 libertas,
709 3277 839 3338 locorum
850 3265 1007 3336 amoenitas
1021 3276 1157 3337 sublimen

129 3359 293 3430 23animum
314 3368 343 3418 et
364 3358 523 3420 beatiorem
541 3363 670 3440 spiritum
691 3370 802 3440 parent.
845 3359 913 3420 Mihi
935 3370 1014 3421 certe
1030 3361 1159 3420 iucundus

171 3442 219 3505 bic
239 3444 330 3522 magis
352 3460 436 3523 quam
454 3444 613 3506 studiorum
637 3445 768 3509 bortatur
792 3444 906 3508 videtur
929 3462 997 3506 csse
1021 3462 1157 3507 secessas.
