2434 3925
366 192 455 241 msc.
469 194 617 243 caenon.
630 197 698 242 cra.
710 197 743 259 n,
756 195 781 247 1.
1010 186 1068 247 149

65 351 128 410 erit
147 349 293 409 momenti.
324 345 396 407 Nam
414 357 495 409 certe
510 367 573 407 cum
588 351 625 408 sit
640 351 668 407 in
685 349 849 427 eloquendo
865 355 988 430 positum
1004 371 1067 414 ora·

65 434 144 493 toris
160 432 297 505 officium,
314 431 411 491 dicere
427 441 492 492 ante
516 433 608 492 omnia
624 442 684 508 est,
701 442 788 510 atque
803 435 869 494 hinc
883 438 990 495 initium
1006 439 1068 496 eius

65 519 141 577 artis
162 517 253 576 fuisse
279 517 458 576 manifestum
479 525 539 583 est;
568 517 727 593 proximam
747 517 849 578 deinde
874 521 1067 595 imitationem,

64 601 254 659 novissimam
269 599 414 659 scribendi
430 616 546 678 quoque
569 600 754 676 diligentiam.
792 602 851 662 Sed
872 612 902 661 ut
925 606 1099 680 pervenirid

66 685 107 744 ad
125 700 233 742 summa
249 684 303 742 nisi
319 701 357 742 ex
371 685 520 761 principiis
535 700 592 741 non
609 693 722 760 potest:
750 687 788 744 ita
811 686 989 763 procedente
1013 689 1069 747 iam

66 785 163 845 opere
183 767 296 826 minima
316 767 452 845 incipiunt
474 785 541 826 esse
561 784 635 846 quae
661 769 749 845 prima
776 779 849 828 sunt.
890 770 997 830 Verum
1015 788 1068 830 nos

66 850 140 925 non,
158 850 301 929 quomodo
317 851 505 910 instituendus
521 860 634 925 orator,
650 850 707 911 boc
727 851 794 911 loco
811 854 944 921 dicimus;
961 873 1024 914 nam
1040 855 1068 914 id

68 935 188 1015 quidem
215 942 263 993 aut
285 935 361 992 satis
385 944 432 994 aut
462 943 542 994 certe
569 935 610 993 uti
631 936 774 1011 potuimus
795 936 900 997 dictum
929 947 988 1006 est;
1016 938 1069 998 sed

67 1018 196 1092 athleta,
219 1019 267 1094 qui
289 1034 388 1077 omnes
404 1019 458 1076 iam
472 1017 658 1095 perdidicerit
679 1036 695 1078 a
715 1031 907 1098 praeceptore
922 1039 1067 1095 numeros,

67 1119 128 1181 quo
155 1119 265 1178 genere
292 1104 506 1161 exercitationis
538 1101 573 1161 ad
603 1105 758 1163 certamina
783 1106 996 1183 praeparandus
1021 1108 1067 1165 sit.

66 1185 162 1262 Igitur
177 1203 251 1258 eum,
267 1187 315 1262 qui
332 1203 381 1244 res
392 1186 521 1245 invenire
535 1195 564 1244 et
579 1183 735 1263 disponere
747 1188 830 1261 sciet,
846 1189 936 1248 verba
953 1206 1069 1267 quoque

67 1278 99 1328 et
124 1267 250 1344 eligendi
279 1278 308 1327 et
329 1268 493 1329 collocandi
513 1271 654 1329 rationem
674 1274 858 1348 perceperit,
886 1274 1066 1347 instruamus,

27 1348 44 1357 ”
67 1370 126 1431 qua
143 1353 256 1411 ratione
272 1352 350 1430 quod
366 1352 498 1413 didicerit
518 1353 617 1414 lacere
633 1356 855 1433 quamoptime,
883 1373 966 1435 quarn
986 1357 1067 1416 facil·

67 1437 137 1497 lime
153 1437 256 1512 possit.

98 1578 107 1605 Ι
153 1514 227 1578 Num
244 1536 316 1596 ergo
332 1519 446 1580 dubium
464 1529 524 1596 est,
546 1521 614 1599 quin
629 1524 656 1581 ei
670 1522 751 1582 velut
769 1540 842 1600 opes
859 1524 914 1591 sint
929 1524 1095 1600 quaedam5

67 1603 231 1682 parandae,
253 1603 356 1680 quibus
376 1605 433 1678 uti,
454 1604 617 1682 ubicunque
644 1605 838 1666 desideratum
864 1609 932 1681 erit,
954 1605 1067 1684 possiti
1185 1610 1187 1615 ’

67 1685 132 1746 Eae
148 1696 278 1746 constant
300 1689 408 1765 copia
428 1705 547 1746 rerum
571 1707 612 1747 ac
629 1688 831 1748 verborum.
863 1689 921 1749 Sed
935 1708 982 1749 res
998 1707 1095 1768 pro-(5

68 1773 151 1850 priae
165 1779 230 1829 sunt
247 1773 387 1848 cuiusque
403 1789 525 1845 causae,
549 1780 597 1831 aut
614 1775 910 1849 pauciscommunes,
933 1773 1023 1833 verba
1039 1776 1067 1833 in

67 1855 218 1913 universas
234 1854 375 1931 paranda;
399 1872 473 1931 quae
496 1856 520 1912 sl
541 1857 568 1913 in
585 1855 672 1914 rebus
687 1856 807 1932 singulis
824 1865 922 1915 essent
943 1857 1067 1933 singula,

67 1939 207 1998 minorem
229 1955 326 1999 curam
344 1938 535 2017 postularent,
554 1956 616 1998 nam
633 1949 735 2000 cuncta
751 1957 818 1999 sese
835 1957 897 2000 curn
912 1941 983 2019 ipsis
1000 1958 1067 2018 pro·

69 2024 144 2082 tinus
162 2022 249 2081 rebus
265 2022 413 2082 offerrent.
447 2024 505 2083 Sed
521 2040 584 2082 curn
605 2025 661 2082 sint
676 2024 739 2083 aliis
755 2024 810 2083 alia
829 2033 876 2083 aut
892 2026 984 2100 magis
1000 2031 1067 2101 pro·

70 2108 132 2183 pria
148 2116 195 2165 aut
209 2107 300 2183 magis
316 2101 416 2166 ornata
431 2116 479 2165 aut
495 2106 559 2184 plns
576 2106 731 2167 efficientia
744 2116 792 2166 aut
804 2107 904 2166 melius
921 2107 1067 2167 sonantia:¹

70 2188 176 2249 debent
191 2208 258 2249 esse
276 2207 333 2249 non
348 2189 442 2249 solum
456 2200 523 2250 nota
536 2192 629 2250 omnia
647 2191 699 2250 sed
721 2193 748 2250 in
767 2200 900 2268 promptu
920 2201 1022 2268 atque,
1038 2200 1069 2252 ut

70 2274 109 2333 ita
127 2273 230 2347 dicam,
248 2276 275 2332 in
291 2284 461 2353 conspectu,
477 2284 523 2349 ut,
542 2293 606 2333 cum
626 2292 658 2333 se
674 2274 778 2334 iudicio
797 2275 918 2336 dicentis
934 2275 1068 2335 ostende·

70 2359 140 2431 rint,
158 2357 253 2417 facilis
272 2376 309 2416 ex
324 2358 368 2417 his
386 2360 557 2436 optimorum
581 2359 618 2417 sit
639 2358 755 2418 electio.
796 2358 833 2419 Et
850 2377 924 2437 quae
938 2359 1014 2418 idem
1030 2361 1096 2431 sit

70 2441 239 2518 gnificarent
255 2442 360 2501 solitos
383 2444 445 2501 scio
467 2443 616 2516 ediscere,
639 2459 695 2520 quo
714 2442 827 2502 lacilius
851 2452 879 2502 et
900 2452 1068 2502 occurreret

70 2544 153 2585 unnrn
168 2543 206 2584 ex
224 2525 369 2603 pluribus,
388 2535 433 2600 et,
455 2543 518 2585 curn
535 2535 633 2588 essent
648 2528 692 2585 usi
707 2527 821 2604 aliquo,
846 2530 870 2586 si
884 2527 974 2587 breve
995 2528 1067 2585 intra

70 2611 192 2686 spatium
206 2628 305 2668 rursus
322 2609 551 2685 desideraretur,
576 2610 757 2686 ellugiendae
778 2610 958 2688 repetitionis
973 2612 1067 2687 gratia

71 2702 215 2752 sumerent
236 2692 331 2768 aliud,
354 2711 411 2771 quo
432 2694 507 2753 idem
530 2694 652 2771 intelligi
678 2703 789 2772 posset.
833 2693 918 2767 Quod
940 2712 1003 2752 cum
1023 2701 1068 2752 est

1 2851 2 2862 ἵ
51 2835 53 2838 ,
70 2775 183 2855 puerile
206 2785 235 2836 et
256 2778 402 2837 cuiusdam
421 2778 545 2837 inlelicis
567 2795 676 2856 operae
694 2787 751 2836 tum
767 2779 852 2837 etiam
868 2777 937 2836 utile
953 2793 1066 2853 parum3

70 2859 180 2921 turbam
194 2861 268 2920 enirn
284 2870 390 2920 tantum
406 2870 583 2938 congregat,
600 2878 638 2920 ex
652 2879 708 2939 qua
725 2863 787 2921 sine
804 2861 966 2921 discrimine
981 2876 1066 2918 occu·

70 2952 120 3023 pet
136 2944 295 3020 proximum
310 2944 456 3022 quodque.

153 3024 243 3084 Nobis
261 3037 355 3088 autem
372 3030 454 3106 copia
477 3046 540 3097 cum
556 3028 661 3088 iudicio
676 3027 801 3105 paranda
824 3035 869 3086 est
891 3029 947 3086 vim
969 3027 1096 3089 orandis

71 3128 126 3171 non
141 3109 351 3171 circulatoriam
366 3112 576 3171 volubilitatem
598 3111 805 3189 spectantibus.
841 3110 872 3169 ld
888 3120 981 3170 autem
999 3128 1066 3169 con·

72 3194 883 3272 sequemuroptimalegendoatqueaudiendo.
913 3193 1067 3254 Norenim

72 3278 164 3338 solum
180 3278 292 3336 nomina
313 3279 375 3355 ipsa
397 3297 493 3338 rerum
510 3296 721 3355 cognoscemus
742 3276 797 3337 bac
813 3296 898 3353 cura,
925 3278 977 3338 sed
1000 3278 1066 3356 quid

74 3377 187 3440 quoque
203 3359 270 3418 loco
287 3362 323 3419 sit
340 3363 524 3438 aptissimum.
556 3360 692 3420 Omnibus
711 3360 857 3420 enimiere
869 3362 966 3421 verbis
983 3368 1093 3439 prae-9
1112 3391 1122 3400 ¹

9 3469 14 3476 ·
74 3455 117 3506 ter
133 3460 235 3523 pauca,
253 3461 327 3521 quae
345 3454 409 3505 sunt
424 3445 714 3524 parum-verecunda,
729 3446 898 3506 lucratione
911 3446 994 3504 locus
1010 3453 1062 3503 est.
