2434 3925
85 246 87 251 ,
155 194 176 254 2
468 208 505 254 m.
518 206 596 253 naa.
609 173 829 267 unumunurm

153 359 256 440 Neque
272 362 375 421 infitias
391 379 445 436 eo,
469 362 608 439 quaedam
626 379 709 436 esse,
731 378 806 438 qnae
822 361 1012 421 demonstrari
1027 363 1160 441 possint,

154 462 247 523 eaque
262 463 318 505 non
334 446 469 505 omittam.

236 528 259 588 l.
295 531 338 591 Sit
358 530 461 606 igitur,
481 538 512 589 ut
527 547 615 607 supra
630 529 800 605 significavi,
823 529 961 589 divisio
976 546 1074 588 rerum
1093 530 1160 607 plu-

152 615 225 683 rium
240 614 268 672 in
290 613 434 690 singulas,
458 615 615 690 partitio
638 614 813 689 singularum
833 615 862 673 in
881 622 980 691 partes
1001 614 1158 689 discretio,

154 697 245 756 ordo
272 707 353 756 recta
376 697 516 775 quaedam
543 696 700 756 collocatio
723 696 867 776 prioribus
893 698 1045 775 sequentia
1066 716 1158 757 aune-

154 790 252 857 ctens,
277 783 481 858 dispositio
503 780 580 839 utilis
601 798 697 840 rerum
719 799 754 841 ac
774 783 896 860 partium
911 781 939 840 in
955 781 1043 840 locos·
1057 782 1156 841 distri·

124 865 241 927 abutio.
280 866 340 925 Sed
362 866 586 940 meminerimus,
619 866 711 943 ipsam
737 865 955 943 dispositionem
980 864 1156 943 plerumque

153 949 276 1009 utilitate
291 951 408 1025 mutari,
428 967 483 1008 nec
499 949 619 1008 eandem
634 967 751 1027 semper
765 951 884 1031 primam
899 949 1104 1026 quaestionem
1120 968 1156 1011 ex

153 1042 275 1111 utraque
295 1043 378 1112 parte
398 1034 583 1093 tractandam.
632 1031 719 1092 Cuius
744 1035 804 1109 rei,
832 1043 863 1092 ut
894 1042 995 1092 cetera
1016 1033 1157 1113 exempla

152 1127 349 1198 praeteream,
371 1116 583 1177 Demosthenes
607 1133 724 1196 quoque
745 1127 831 1196 atque
852 1116 1014 1176 Aeschines
1030 1126 1157 1195 possunt

140 1213 221 1261 'esse
241 1202 429 1278 documento,
454 1204 483 1263 in
497 1201 604 1260 iudicio
625 1198 822 1280 ctesiphontis
837 1201 981 1261 diversum
997 1204 1093 1261 secuti
1110 1219 1155 1261 or·

153 1287 258 1361 dinem,
275 1304 339 1345 cum
354 1294 508 1345 accusator
524 1303 540 1344 a
554 1286 633 1361 iure,
650 1301 708 1365 quo
726 1285 877 1345 videbatur
896 1286 1059 1363 potentior,
1085 1304 1154 1346 eoe-

152 1370 243 1449 perit,
263 1379 401 1448 patronus
424 1371 517 1430 omnia
537 1387 632 1447 paene
647 1379 712 1430 ante
728 1372 771 1431 ins
787 1371 934 1448 posuerit,
957 1368 1060 1447 quibus
1081 1371 1153 1430 iudi·

123 1465 218 1519 :tuem
239 1455 401 1532 quaestioni
421 1454 519 1530 legum
534 1463 732 1532 praepararet.
770 1454 856 1516 Aliud
877 1456 951 1512 enim
973 1453 1020 1515 alli
1041 1453 1153 1513 docere
1203 1471 1204 1490 ¹

151 1539 231 1616 prius
258 1538 392 1615 expedit,
421 1538 529 1615 alioqui
550 1556 668 1616 semper
693 1540 826 1616 petitoris
847 1537 965 1597 arbitrio
987 1538 1152 1606 diceretur;

151 1620 276 1699 denique
301 1624 329 1680 in
357 1624 543 1682 accusatione
568 1631 680 1700 mutua,
704 1641 767 1681 cum
793 1640 826 1680 se
853 1630 975 1700 uterque
1001 1621 1152 1698 defendat,

150 1708 316 1784 priusquam
338 1707 533 1767 adversarium
555 1717 673 1785 arguat,
695 1708 820 1766 omnium
839 1723 935 1765 rerum
957 1723 1083 1777 necesse
1109 1716 1153 1766 est

152 1790 282 1850 ordinem
298 1809 365 1851 esse
385 1791 539 1851 diversum.
574 1790 678 1868 lgitnr,
694 1792 762 1870 quid
778 1793 842 1869 ipse
856 1792 910 1849 sim
925 1798 1055 1865 secutus,
1072 1792 1152 1868 quod

149 1876 253 1953 partim
279 1878 446 1954 praeceptis
472 1878 574 1953 partim
604 1884 770 1954 usurpatum
798 1875 910 1935 ratione
940 1891 1150 1951 cognoveram,

151 1976 279 2037 promam
293 1979 349 2020 uec
364 1979 486 2039 unquam
501 1960 687 2021 dissimulavi.

122 2051 141 2106 4
155 2060 162 2083 ¹
236 2043 306 2103 Erat
320 2045 387 2104 mibi
403 2063 488 2105 curae
504 2047 532 2104 in
548 2046 754 2104 controversiis
768 2042 932 2104 forensibus
943 2059 1032 2102 nosse
1045 2046 1151 2119 omnia,

152 2129 278 2206 quaein
305 2146 392 2189 cansa
423 2138 618 2188 versarentur.
661 2129 732 2189 Nam
755 2130 783 2188 in
806 2127 908 2188 schola
930 2137 1010 2186 certa
1033 2137 1100 2186 sunt
1123 2137 1152 2187 et
1203 2188 1204 2209 ,

151 2228 244 2289 pauca
260 2220 289 2271 et
300 2221 365 2271 ante
377 2212 617 2273 declamationem
629 2223 821 2292 exponuntur,
834 2230 908 2290 quae
920 2209 1035 2288 θέματα
1047 2210 1151 2271 Graeci
1203 2224 1204 2245 t

150 2304 266 2372 vocant,
280 2293 385 2355 Cicero
398 2299 567 2375 proposita.
605 2295 677 2357 Cum
697 2298 770 2357 haec
788 2299 817 2356 in
834 2304 994 2373 conspectu
1013 2295 1150 2374 quodam·

151 2378 237 2438 modo
254 2379 484 2456 collocaveram,
508 2398 566 2440 non
580 2380 672 2442 minus
687 2398 742 2461 pro
757 2383 879 2441 adversa
896 2389 979 2457 parte
997 2398 1082 2457 quam
1097 2397 1150 2457 pro
1203 2394 1204 2481 p

123 2475 215 2524 tmen
237 2462 409 2540 cogitabam.
450 2463 487 2523 m
514 2467 634 2544 primum
656 2465 764 2544 [qnod
785 2483 842 2525 non
862 2464 981 2524 difficile
1003 2465 1080 2523 dictu
1105 2472 1150 2522 est

84 2604 88 2612 ,
150 2546 203 2605 sed
223 2555 318 2606 tamen
332 2557 398 2607 ante
415 2551 508 2608 omnia
525 2550 711 2630 intuendum)
738 2548 962 2624 constituebam,
985 2548 1053 2626 qnid
1074 2556 1148 2607 utra·

151 2649 208 2709 qne
219 2649 286 2709 pars
300 2631 391 2691 vellet
408 2633 546 2708 efficere,
569 2643 628 2693 tum
648 2651 702 2711 per
726 2635 809 2712 quid,
832 2634 889 2693 hoc
903 2633 999 2691 modo.
1033 2628 1148 2708 cogita-

150 2714 309 2793 bam,·quid
321 2717 441 2794 primum
455 2719 564 2796 petitor
579 2718 701 2778 diceret.
734 2718 766 2779 Id
778 2727 826 2778 aut
842 2717 1009 2778 confessum
1024 2724 1086 2774 erat
1102 2725 1149 2775 aut

122 2809 380 2863 licontroversum.
416 2803 447 2862 Si
463 2803 643 2862 confessum:
666 2821 722 2863 non
737 2812 853 2881 poterat
868 2801 906 2861 ibi
922 2819 989 2860 esse
1006 2801 1147 2878 quaestio.

150 2883 317 2945 Transibam
333 2903 404 2962 ergo
421 2886 457 2945 ad
473 2904 645 2965 responsum
661 2889 749 2965 partis
766 2887 895 2962 alterius,
911 2880 986 2945 idem
1001 2883 1146 2950 intuebar;

149 2984 349 3046 nonnunquam
365 2971 467 3046 etiam,
492 2972 570 3050 quod
585 2972 652 3032 inde
673 2970 872 3045 obtinebatur,
895 2970 1061 3029 confessum
1076 2977 1145 3027 erat.

149 3048 205 3110 Ubi
220 3051 340 3130 primum
356 3059 496 3133 coeperat
511 3072 569 3114 non
585 3059 757 3115 convenire:
781 3057 912 3133 quaestio
931 3052 1086 3113 oriebatur.
1116 3051 1146 3111 ld

148 3136 207 3194 tale
228 3146 289 3196 est:
316 3135 466 3200 Occidisti
484 3140 650 3211 bominem
673 3138 800 3206 Occidi.
842 3137 998 3204 convenia
1020 3146 1145 3196 transeo.

120 3219 299 3282 illationem
315 3222 438 3282 reddere
456 3223 543 3283 debet
559 3242 643 3299 reus,
667 3241 755 3302 quare
776 3225 925 3284 occiderit.
956 3219 1144 3294 Adulteram,

149 3306 256 3382 inquit,
280 3324 349 3365 cum
370 3309 515 3368 adultera
535 3310 679 3370 occidere
700 3309 779 3372 licet.
817 3307 926 3385 Legem
947 3325 1014 3367 esse
1039 3314 1144 3365 certum
1203 3336 1204 3367 4

130 3387 205 3448 est.
245 3388 372 3449 Tertium
395 3392 450 3450 iam
470 3391 575 3469 aliquid
595 3392 747 3452 videndum
764 3401 824 3468 est,
847 3395 876 3452 iu
892 3408 949 3470 quo
964 3409 1061 3470 pugna
1079 3407 1144 3449 con·

149 3475 249 3536 sistat.
276 3471 345 3536 Non
357 3474 483 3553 fuerunt
499 3477 652 3547 adulteri·
668 3475 819 3554 Fuerunt,
838 3478 986 3557 quaestio:
1011 3474 1047 3535 de
1069 3474 1143 3537 iacto
