2434 3925
329 210 758 300 rnsn.onnnou.·1,1o.v1,'1.
980 224 1043 287 257

45 388 115 452 Non
129 390 302 452 mehercule
316 390 439 468 quidem
453 391 619 468 faciebam,
634 391 692 454 sed
704 392 751 452 cic
766 388 925 470 scripsisti.
942 388 1043 455 Ecce!

46 486 75 536 et
92 493 176 552 mam
191 476 283 553 potuit
298 474 539 533 truculentissime
552 492 616 533 enm
632 477 755 552 aspexit.
799 473 874 538 Illud
887 479 1085 554 praecipuast

45 558 235 633 monendum,
250 576 286 616 ne
303 560 366 635 quis
382 560 436 616 nisi
456 559 570 616 summis
585 561 693 634 ingenii
712 558 820 617 viribus
836 559 871 618 ad
887 561 1042 621 movendas
1061 566 1067 585 '

45 644 180 703 lacrimas
196 642 316 718 aggredi
337 642 455 709 audeat;
470 660 533 701 nam
550 650 580 701 ut
601 651 647 700 est
665 642 753 718 longe
773 643 1041 705 vehementissimus

44 728 116 800 bie,
140 744 203 784 cum
219 725 353 800 invaluit,
372 725 509 784 affectus:
525 727 579 800 ita,
592 728 617 784 si
634 725 703 785 nihil
719 725 823 801 eflicit,
840 736 935 804 tepet;
958 745 1042 804 quem

43 809 150 869 melius
161 809 287 868 infirmus
299 818 381 869 actor
390 810 483 868 tacitis
495 810 619 868 iudicum
631 810 852 886 cogitationibus
864 811 1040 887 reliquisset.

43 893 119 953 Nam
137 901 166 951 et
185 893 281 951 vultus
304 901 333 951 et
347 909 405 952 vox
421 895 527 970 etipsa
544 893 593 951 illa
617 896 733 953 excitati
754 894 797 952 rei
812 895 904 953 iacies
919 894 1084 961 ludibrio45

45 980 134 1037 etiam
160 977 330 1054 plerumque
351 986 421 1035 'sunt
444 976 621 1052 hominibus,
647 995 720 1055 qnos
746 995 803 1038 non
828 987 1040 1056 permoverunt.

45 1059 147 1134 Quare
168 1062 301 1119 metiatur
320 1078 355 1119 ac
376 1061 531 1136 diligenter
550 1063 683 1120 aestimet
706 1062 784 1120 vires
811 1079 877 1120 suas
898 1070 980 1121 actor
1001 1070 1041 1138 et,

44 1152 183 1222 quantum
204 1160 275 1202 onus
297 1143 442 1203 subiturus
463 1146 515 1218 sit,
537 1144 693 1221 intelligat;
714 1145 784 1203 nihil
805 1143 892 1204 babet
913 1147 968 1205 ista
993 1162 1042 1204 res

43 1228 171 1288 medium
193 1228 245 1287 sed
262 1237 310 1288 aut
329 1227 460 1287 lacrimas
476 1237 602 1287 meretur
617 1238 665 1287 aut
682 1230 778 1288 risum.

132 1309 197 1370 Non
221 1320 316 1370 autem
344 1328 526 1370 commovere
552 1321 657 1371 tantum
689 1315 963 1372 miserationem
991 1312 1084 1382 sedan

45 1396 134 1456 etiam
146 1395 335 1454 discutere
348 1395 458 1472 epilogi
469 1405 513 1454 est
525 1398 671 1474 proprium
683 1414 745 1455 cnm
756 1399 886 1456 oratione
899 1397 1042 1470 continua,

46 1497 124 1558 quae
145 1488 239 1537 motos
260 1479 385 1538 lacrimis
404 1479 515 1538 indices
529 1480 564 1539 ad
584 1481 718 1539 iustitiam
739 1480 858 1539 reducat
880 1490 937 1539 tum
959 1481 1043 1538 etiam

45 1562 217 1642 quibusdam
231 1562 340 1621 urbane
356 1562 458 1637 dictis,
476 1564 561 1641 quale
579 1573 624 1622 est
641 1562 722 1624 Dete
741 1581 838 1641 putero
854 1582 982 1642 panem,
1005 1582 1043 1622 ae

41 1649 147 1728 ploret
152 1668 166 1715 ,·
184 1655 213 1705 et
225 1647 395 1724 corpulento
411 1647 564 1723 litigatori,
578 1649 658 1706 cuius
669 1647 867 1722 adversarius,
881 1649 948 1705 item
960 1664 1042 1724 puer,
1049 1661 1083 1716 47

45 1733 128 1791 eirca
142 1730 252 1789 iudices
269 1738 331 1789 erat
347 1730 383 1790 ab
398 1731 539 1790 advocato
556 1731 645 1791 latus:
678 1729 760 1802 Quid
773 1731 913 1808 faciam?
934 1749 990 1808 epo
1014 1738 1043 1789 te

45 1816 191 1877 buiumre
204 1833 265 1875 noo
277 1831 411 1892 possam.
456 1814 514 1874 Sed
529 1814 602 1873 baec
615 1822 777 1873 tamennon
789 1813 896 1872 debent
911 1831 978 1872 esse
992 1813 1042 1870 mi-

44 1899 130 1961 mica.
176 1896 276 1976 ltaque
294 1916 350 1956 nec
366 1897 445 1957 illum
459 1897 657 1976 probaverim,
672 1915 833 1975 quanquam
848 1899 923 1955 inter
944 1897 1042 1954 claris·

45 1985 137 2043 simos
160 1984 203 2040 sni
227 1984 366 2060 temporis
388 1991 520 2041 oratores
543 1982 612 2058 init,
639 1984 702 2059 qni,
725 1982 823 2059 pneris
844 1982 872 2039 in
896 1981 1066 2059 epilogum.

45 2067 214 2146 prodactis,
231 2065 306 2125 talos
323 2067 391 2124 iecit
417 2067 448 2124 in
468 2065 605 2140 medium,
627 2082 700 2143 quos
722 2064 764 2124 illi
788 2065 914 2143 diripere
935 2079 1042 2139 coepe·

44 2159 125 2217 ront;
142 2167 263 2227 namque
278 2149 353 2209 haec
369 2151 432 2227 ipsa
446 2150 617 2209 discriminis
630 2151 674 2208 sni
689 2150 849 2225 ignorantia
868 2148 962 2226 potuit
976 2163 1042 2205 esse

44 2231 234 2300 miserabilis;
258 2250 352 2310 neque
374 2233 468 2308 illum,
489 2234 554 2311 qui,
579 2251 643 2293 oum
667 2242 748 2293 esset
773 2242 907 2292 cruentus
929 2231 1085 2310 gladins48

45 2317 82 2379 ab
97 2325 270 2377 accusatore
287 2317 434 2394 prolatus,
454 2335 511 2396 quo
531 2319 554 2376 is
579 2317 723 2377 hominem
741 2316 884 2395 probabat
903 2317 1042 2387 occisum,

46 2401 143 2461 subito
167 2418 204 2460 ex
224 2401 371 2460 subselliis
394 2404 561 2461 atterritus
583 2402 671 2478 fugit,
701 2410 745 2477 et,
778 2404 874 2479 eapite
900 2407 1044 2477 exparte

45 2485 164 2559 velato,
182 2502 244 2542 cum
256 2484 292 2552 ad
308 2485 448 2561 agendum
464 2504 501 2545 ex
516 2484 596 2545 turba
613 2487 830 2565 prospexisset,
842 2484 1041 2559 interrogavit,

46 2588 90 2630 aa
103 2569 167 2629 iam
180 2570 231 2629 ille
245 2587 314 2630 cum
331 2570 435 2645 plodio
456 2572 652 2631 recessisset?
690 2568 772 2628 Fecit
794 2570 868 2627 enim
884 2569 972 2647 risum
991 2564 1043 2625 sed

45 2652 187 2712 ridiculus
207 2652 269 2711 init.
314 2651 518 2713 Discutiendae
541 2662 637 2713 tamen
659 2655 788 2712 oratione
814 2651 955 2711 eiusmodi
980 2655 1085 2709 soe-49

45 2753 119 2810 nae,
145 2737 323 2814 egregieque
354 2733 475 2812 Cicero,
504 2737 551 2814 qui
585 2734 684 2796 contra
714 2738 866 2813 imaginem
900 2732 1042 2797 Saturnini
1142 2785 1145 2790 ,

44 2835 102 2899 pro
133 2818 250 2879 Rabirio
282 2821 411 2895 graviter
444 2829 473 2879 et
504 2829 603 2879 eontra
635 2822 782 2895 iuvenem,
818 2821 897 2878 cuins
924 2815 1043 2874 subinde

44 2903 151 2962 vulnus
172 2904 200 2961 in
223 2903 328 2963 iudicio
343 2903 561 2980 resolvebatur,
583 2920 637 2982 pro
657 2903 773 2964 Vareno
801 2903 888 2961 multa
912 2901 983 2960 dixit
997 2917 1043 2957 nr·

44 2987 133 3047 bane.

129 3070 200 3130 Sunt
229 3081 258 3130 et
282 3073 324 3130 illi
351 3073 477 3132 leniores
501 3071 623 3150 epilogi,
650 3069 752 3148 quibus
774 3067 942 3128 adversario
962 3068 1086 3130 satis-50

46 3155 187 3228 iacimus,
208 3156 233 3213 si
255 3156 331 3215 forte
353 3158 390 3215 sit
412 3158 472 3215 eius
488 3173 615 3234 persona
634 3149 717 3229 talis,
739 3163 769 3212 nt
783 3153 826 3211 illi
843 3151 983 3211 debeatur
998 3170 1043 3211 re·

46 3240 196 3313 verentia,
215 3247 263 3298 aut
281 3258 344 3299 cum
362 3243 452 3299 amice
469 3240 575 3317 aliquid
592 3254 804 3298 commonemus
823 3246 853 3295 et
870 3236 905 3296 ad
922 3243 1043 3295 eoncor-

47 3323 123 3383 diam
134 3322 291 3383 hortamur.
314 3323 398 3395 Quod
410 3334 455 3383 est
467 3342 558 3401 genus
569 3325 690 3399 egregie
705 3330 854 3382 tractatum
867 3339 882 3379 a
894 3320 1043 3393 Passieno,

48 3424 114 3465 oum
133 3404 277 3465 Domitiae
300 3409 399 3466 uxoris
420 3408 678 3485 suaepecnniaria
695 3405 745 3464 lite
767 3406 905 3465 adversus
926 3404 1044 3463 fratrem

49 3490 112 3551 eius
128 3489 332 3550 Aenobarbum
349 3501 465 3570 ageret;
487 3509 566 3570 nam,
588 3509 653 3552 cum
669 3490 706 3549 de
727 3488 940 3550 necessitudine
957 3487 1044 3546 multa

91 3595 122 3632 u.
133 3595 157 3633 r.
172 3595 283 3642 ovinus.
856 3571 893 3631 17
