2434 3925
371 219 808 285 rusr.onnroa.u1n.x1,1.
1020 206 1079 269 187

63 388 143 440 runt
169 376 344 454 cogitatione
368 373 614 452 complectantur,
638 372 739 433 subitis
763 392 801 434 ex
820 382 954 453 tempore
977 393 1078 436 occur-

63 472 153 524 rant.
188 460 270 533 Quod
287 456 450 519 fecisseid.
473 456 596 517 Tullium
614 458 826 517 commentariis
841 460 930 536 ipsius
946 469 1077 537 apparet.

53 547 138 607 ·Sed
155 545 286 605 feruntur
301 543 422 602 aliorum
437 558 554 619 quoque
570 550 599 600 et
613 542 721 601 inventi
736 542 825 617 iorte,
841 550 871 602 ut
886 559 939 604 eos
954 543 1081 603 dicturus

68 631 205 710 quisque
222 635 442 705 composuerat,
461 628 532 684 etin
547 624 640 686 libros
657 626 777 701 digesti,
793 634 823 684 ut
841 643 989 685 causarum
1005 645 1080 706 quae

72 723 146 773 sunt
164 720 280 772 actaea
298 710 362 770 Ser·
380 708 528 787 Sulpicio,
552 711 632 768 cuius
648 718 709 769 tres
726 709 873 769 orationes
889 718 1001 777 extant;
1028 711 1080 771 sed

68 797 104 856 hi
122 797 163 856 de
181 795 285 874 quibus
300 794 405 872 loquor
421 795 616 853 commentarii
638 794 677 853 ita
693 802 757 852 sunt
781 794 894 868 exacti,
916 803 946 852 ut
963 793 998 854 ab
1015 795 1080 872 ipso

70 879 148 939 milri
165 880 197 938 in·
204 879 369 938 memoriam
385 877 562 956 posteritatis
577 876 728 937 videantur
741 895 808 936 esse
824 878 986 956 compositi.
1009 875 1121 938 Namssl

76 961 237 1022 Ciceronis
259 961 295 1022 ad
321 978 461 1040 praesens
485 959 572 1019 modo
595 969 710 1039 tempus
735 969 849 1039 aptatos
873 960 994 1020 libertus
1011 960 1079 1020 Tiro

75 1047 241 1113 contraxit;
272 1061 346 1124 quos
359 1062 417 1105 non
430 1044 497 1104 ideo
515 1041 643 1121 excuso,
668 1045 733 1122 quia
748 1062 806 1104 nou
820 1044 1039 1123 prohem‚‚sed·
1050 1053 1081 1104 ut

76 1132 138 1190 sint
153 1131 245 1207 magis
267 1128 462 1189 admirabiles.
492 1127 524 1187 In
541 1127 597 1187 hoc
614 1146 725 1206 genere
741 1146 859 1207 prorsus
876 1130 989 1207 recipio
1006 1128 1080 1188 hanc

75 1213 204 1274 brevem
220 1214 431 1273 annotationem
452 1211 648 1290 libellosque,
675 1212 723 1291 qui
743 1212 792 1272 vel
812 1230 895 1272 manu
916 1221 1078 1288 teneantur,

23 1354 26 1361 r
78 1307 111 1358 et
139 1297 176 1357 ad
205 1314 279 1375 quos
306 1297 417 1356 interim
442 1297 594 1374 respicere
621 1295 665 1355 las
691 1296 737 1354 sit.
770 1294 845 1357 Illud
872 1296 949 1374 quod
968 1295 1122 1356 Lnenas32

78 1381 227 1460 praecipit
241 1382 377 1460 displicet
391 1380 469 1454 mihi,
484 1379 534 1439 vel
549 1381 578 1439 iu
591 1379 636 1439 his
652 1397 727 1458 quae
743 1381 944 1459 scripserimus
957 1399 1080 1440 summas

79 1467 110 1524 in
132 1466 365 1524 commentarium
386 1472 416 1524 et
436 1464 530 1542 capita
554 1464 701 1529 conferre..
732 1462 813 1524 Facit
835 1466 910 1524 enim
931 1464 1079 1525 ediscendi

80 1547 292 1625 negligentiam
302 1549 376 1609 haec
391 1549 454 1625 ipsa
470 1547 573 1607 fiducia
589 1556 618 1607 et
641 1547 751 1608 lacerat
767 1566 801 1608 ac
816 1548 959 1608 deformat
974 1549 1079 1609 oratio·

81 1651 159 1692 nem.
185 1630 251 1708 Ego
264 1641 357 1692 autern
368 1650 406 1690 ne
418 1630 601 1691 scribendum
614 1632 729 1709 quidem
739 1641 819 1710 puto,
836 1631 913 1710 quod
924 1650 980 1691 non
993 1633 1079 1691 simus

81 1716 222 1776 memoria
234 1715 425 1794 persecuturi.
452 1712 525 1774 Nam
541 1715 700 1794 idqucque
719 1715 834 1792 accidit,
851 1725 881 1775 ut
895 1725 1016 1776 revocet
1025 1733 1079 1775 nos

83 1800 222 1876 cogitatio
237 1799 273 1859 ad
288 1799 337 1860 illa
353 1797 502 1859 elaborata
516 1816 572 1858 nec
588 1799 661 1858 sinat
677 1807 860 1878 praesentem
875 1799 1016 1860 iortuuam
1028 1818 1077 1858 ex·

84 1884 185 1965 periri.
216 1884 266 1959 Sic
287 1899 397 1960 anceps
420 1883 495 1942 inter
515 1891 666 1961 utrumque
687 1884 796 1943 animus
814 1892 941 1957 aestuat,
966 1901 1030 1942 cum
1051 1889 1121 1943 etita

84 1969 193 2047 scripta
208 1967 333 2045 perdidit
348 1975 378 2028 et
392 1983 450 2025 non
465 1968 577 2046 quaerit
597 1984 683 2027 noua.
713 1969 773 2029 Sed
788 1968 825 2028 de
839 1968 975 2028 memoria
991 1967 1077 2027 desti·

85 2060 228 2112 natusest
249 2051 324 2113 libro
349 2052 481 2131 proximo
496 2051 580 2111 locus
594 2069 651 2114 uec
674 2051 741 2113 huic
762 2053 836 2132 parti
853 2051 1078 2128 subiungendus,

87 2135 151 2215 quia
166 2143 230 2195 suut
246 2136 302 2196 alia
319 2137 398 2215 prius
415 2133 499 2195 nohis
517 2135 649 2197 dicenda.

431 2341 705 2351 ...ιι-ἡ...-

435 2445 713 2563 arenam.

87 2625 160 2675 Libro
177 2624 310 2675 undecimo
328 2624 392 2677 haec
415 2629 585 2680 continentur:
619 2629 657 2680 De
675 2636 734 2695 apto
756 2627 876 2688 dicendo,
904 2628 979 2690 quid,
1002 2640 1077 2688 qnam

120 2709 251 2760 personam
269 2702 294 2744 et
307 2710 360 2745 rem
372 2694 469 2758 deceat,
489 2713 538 2761 quo
555 2698 631 2750 modo
644 2698 795 2749 medendum
807 2699 840 2747 sit
853 2697 893 2756 iis,
913 2710 977 2759 quae
988 2702 1077 2743 natura

119 2776 206 2827 parum
229 2766 347 2828 speciosa
364 2774 431 2819 sunt.
463 2766 500 2817 De
518 2768 655 2832 memoria,
681 2768 727 2817 sub
751 2782 800 2829 quo
819 2766 901 2830 capite
924 2779 965 2814 ars
982 2778 1077 2813 memo·

119 2832 219 2895 uiaeque
237 2834 393 2887 exercitatio.
428 2834 466 2886 De
478 2838 695 2902 pronuntiatione,
720 2836 767 2885 sub
785 2848 833 2898 quo
857 2833 939 2897 capite
957 2832 989 2881 de
1007 2832 1077 2882 vocis

120 2907 215 2958 notura,
231 2900 263 2950 de
281 2916 342 2951 cura
360 2904 484 2969 eiusdem,
503 2905 535 2954 de
552 2915 637 2971 gestu,
656 2906 688 2955 de
706 2903 783 2963 cultu,
802 2902 862 2966 quid
879 2902 969 2963 cuique
986 2914 1077 2949 musae

120 2970 261 3029 conveniat,
281 2972 344 3033 quid
360 2974 450 3034 cuique
467 2974 548 3038 parti,
571 2983 597 3025 et
614 2974 746 3025 sententiis
765 2981 790 3023 et
807 2971 892 3021 verbis
911 2971 972 3033 quid
990 2984 1076 3032 quem·

119 3052 165 3100 que
183 3037 280 3098 deceat,
298 3040 446 3092 intuendum
462 3050 507 3093 est.

417 3179 461 3229 DE
479 3178 563 3230 ΑΡΤΕ
581 3177 733 3230 DIGENDO.

146 3302 167 3363 Ι.
188 3285 305 3378 Parata,
323 3305 396 3365 siout
410 3307 562 3385 superiore
578 3305 654 3366 libro
666 3305 837 3381 continetur,
853 3302 989 3365 facultate
1005 3302 1074 3364 scri·

89 3387 167 3448 ltendi
189 3386 394 3467 cogitandique
416 3399 445 3450 et
468 3409 505 3450 ex
521 3399 654 3469 tempore
676 3390 776 3465 etiam,
799 3406 862 3448 curn
886 3407 936 3448 res
959 3395 1074 3467 poscet,

91 3471 191 3550 orandi,
208 3472 339 3552 proxima
352 3480 396 3532 est
411 3492 490 3551 cura,
507 3483 541 3534 ut
556 3474 716 3535 dicamus
731 3481 828 3553 apte;
847 3490 931 3552 quam
942 3474 1075 3532 virtutem
