2434 3925
139 183 180 247 78
454 200 818 262 transcucurrerunt

139 363 266 416 tractare
281 356 490 434 permittamus,
514 367 546 417 nt
562 358 745 435 expatientur
760 368 789 418 et
804 359 949 436 gaudeant
965 358 1097 419 materia
1104 365 1137 418 et

111 435 222 519 dquasi
236 439 265 497 in
282 457 389 519 corpus
406 438 492 501 cant?
521 440 583 501 Erit
599 443 752 519 optimum;
774 443 827 503 sed
844 453 924 503 certe
940 445 996 503 sint
1011 443 1136 520 grandia

140 532 170 584 et
186 524 292 584 tumida
307 542 363 583 non
379 526 464 585 stulta
481 527 565 587 etiarn
587 535 618 585 et
639 526 800 598 acrioribus
821 527 937 586 oculis
928 528 1048 586 rntnenti
1063 526 1135 586 ridi·

140 607 220 674 cula;
241 615 289 683 ut,
313 610 337 666 si
354 628 409 669 ram
425 610 585 670 cedendum
603 618 648 668 est
655 611 805 689 ,implent
824 629 857 670 se
880 611 1058 670 declamator
1078 608 1135 668 ali·

140 679 269 770 quando,
291 692 356 751 dum
370 694 459 768 sciat,
483 703 513 753 ut
534 693 755 772 quadrupedes,
783 712 846 752 cnm
867 695 951 754 viridi
966 693 1073 773 pabulo
1091 693 1136 753 di·

139 783 252 834 stentue
266 784 330 834 sunt
332 778 503 853 ,sanguinis
520 778 700 837 detractione
724 787 858 837 curantur
885 787 914 837 et
929 780 973 837 sic
993 778 1029 837 ad
1047 775 1134 836 cibos

138 859 246 917 uiribus
264 861 470 920 conservandis
486 862 607 921 idoneos
623 862 760 922 redeunt:
784 863 822 921 ita
845 861 899 921 sibi
915 879 1032 941 qnoque
1049 870 1134 920 tenu·

140 942 227 1002 andas
241 943 354 1021 adipes,
371 953 401 1003 et
417 944 552 1022 quidquid
564 944 690 1003 humoris
702 946 830 1024 corrupti
846 947 1033 1020 contraxerit,
1050 946 1134 1003 emit·

111 1027 263 1102 itendum,
282 1029 307 1086 si
323 1046 390 1086 esse
406 1046 491 1087 sanus
507 1046 541 1087 ac
555 1027 691 1087 robustus
708 1030 806 1089 volet:
837 1029 955 1108 Alioqui
967 1039 1064 1088 'tumor
1080 1027 1135 1087 ille

139 1111 228 1169 inanis
245 1112 338 1189 primo
354 1111 549 1189 cuiuscunque
564 1114 627 1170 veri
648 1114 746 1191 operis
763 1123 866 1173 conatu
884 1112 1133 1191 deprehendetur.

140 1193 241 1254 Totum
263 1204 358 1254 autern
380 1195 559 1255 declamandi
580 1213 654 1274 opus
675 1198 723 1275 qui
744 1198 888 1257 diversum
911 1198 986 1256 omni
1009 1196 1096 1255 modo
1116 1213 1134 1255 a

139 1278 302 1338 forensibus
327 1280 421 1338 causis
447 1280 624 1356 existimant,
647 1281 675 1340 bi
697 1281 831 1358 proiecto
852 1301 888 1341 ne
911 1282 1051 1340 rationem
1068 1280 1134 1357 qui·

111 1363 215 1438 sdem,
233 1380 290 1440 qua
304 1363 359 1421 ista
371 1364 543 1422 exercitatio
559 1365 674 1423 inventa
686 1366 732 1440 sit,
751 1367 912 1443 pervident.
939 1364 1011 1423 Nam
1026 1365 1050 1422 si
1065 1364 1133 1422 ioro

141 1463 198 1504 non
218 1456 387 1523 praeparat:
411 1456 459 1505 aut
479 1448 616 1507 scenicae
638 1450 823 1508 ostentationi
844 1459 891 1509 aut
907 1450 1034 1508 furiosae
1049 1448 1132 1505 voci·

140 1530 274 1589 ierationi
290 1531 530 1595 simillimumest.
567 1531 642 1605 Quid
664 1533 738 1590 enim
754 1534 854 1592 attinet
869 1534 993 1594 iudicem
1007 1548 1132 1610 praepa·

141 1631 224 1689 rare,
246 1615 294 1692 qui
318 1614 413 1673 nullus
439 1623 499 1681 est;
520 1617 754 1694 narrare,-quod
777 1635 875 1676 ornnes
898 1617 990 1675 sciant
1009 1615 1130 1682 falsum;

140 1696 326 1777 probationes
349 1697 487 1758 adbibere
510 1716 632 1775 causae,
654 1700 691 1759 de
713 1718 769 1778 qua
784 1718 867 1759 nemo
884 1702 920 1759 sit
935 1699 1131 1778 pronuntiatu·

140 1779 211 1841 rus‘l
243 1781 281 1841 Et
302 1782 376 1841 haec
398 1782 512 1860 quidem
535 1784 629 1844 otiosa
651 1792 770 1851 tantum;
793 1784 870 1843 allici
891 1801 963 1843 vero
980 1792 1009 1842 et
1024 1784 1066 1841 ira
1081 1781 1133 1840 vel

139 1866 217 1925 luctu
234 1883 424 1944 permovere,
449 1867 529 1925 cuius
546 1877 591 1926 est
606 1866 737 1943 ludibrii,
759 1868 814 1927 nisi
831 1868 999 1946 quibusdam
1014 1883 1132 1944 pugnae

140 1949 300 2012 simulacris
316 1951 351 2010 ad
374 1969 474 2010 verum
492 1951 645 2012 discrimen
666 1952 817 2031 aciemque
837 1954 939 2012 iustam
963 1950 1130 2010 consuesci-

112 2032 221 2095 9mus‘i
251 2035 327 2094 Nihil
351 2052 423 2111 ergo
439 2036 513 2093 inter
529 2036 648 2096 forense
665 2055 757 2114 genus
773 2037 887 2096 dicendi
905 2045 991 2114 atque
1007 2035 1063 2093 hoc
1079 2034 1130 2092 de·

140 2121 335 2180 clamatorium
356 2115 508 2178 intererit?
546 2121 577 2180 si
598 2121 749 2199 proiectus
770 2122 863 2196 gratia
886 2121 1022 2192 dicimus,
1049 2117 1129 2176 nihil.

137 2203 308 2280 Utinamque
324 2203 409 2262 adiici
424 2202 460 2261 ad
473 2205 708 2263 consuetudinem
723 2214 835 2282 posset,
852 2213 882 2263 nt
893 2202 1053 2262 nominibus
1066 2210 1129 2260 ute·

139 2305 244 2361 remur,
262 2295 291 2345 et
307 2286 468 2364 perplexae
485 2288 576 2362 magis
592 2296 622 2346 et
637 2287 777 2364 longioris
793 2288 946 2367 aliquando
963 2296 1044 2346 actus
1060 2286 1129 2344 con·

138 2370 500 2446 troversiaeofingerentur,
518 2370 647 2431 etuerba
662 2373 689 2429 in
706 2391 758 2431 usu
774 2373 917 2438 cotidiano
930 2371 1024 2450 posita
1038 2370 1130 2428 minus

139 2457 315 2528 timeremus,
334 2461 364 2512 et
378 2455 460 2512 iocos
476 2454 607 2514 inserere
623 2458 711 2515 moris
727 2465 821 2523 esset3
839 2474 914 2534 quae
929 2472 993 2529 nos,
1010 2453 1129 2532 quamli-

138 2540 189 2599 bet
208 2556 262 2617 per
285 2538 340 2598 alia
363 2538 391 2595 in
413 2537 521 2597 scholis
544 2540 696 2599 exercitati
712 2541 814 2615 simus,
837 2542 946 2599 tirones
962 2541 990 2597 in
1005 2538 1070 2596 ioro
1088 2538 1128 2594 in·
1210 2566 1213 2577 ·

98 2627 132 2680 10
140 2624 264 2683 veniunt.
304 2623 335 2681 Si
355 2638 427 2681 vero
448 2622 476 2680 in
498 2625 721 2683 ostentationem
742 2633 925 2702 comparetur
945 2622 1128 2695 declamatio,

139 2726 210 2768 sane
225 2706 341 2787 paulum
362 2705 470 2783 aliquid
486 2707 624 2767 inclinare
641 2709 676 2767 ad
696 2708 872 2768 voluntatem
888 2707 1060 2774 audientium
1078 2704 1128 2763 de·

97 2796 130 2847 11
139 2792 248 2852 bemus.
280 2789 353 2849 Nam
368 2798 398 2849 et
413 2791 441 2847 in
455 2790 489 2848 iis
504 2790 681 2867 actionibus,
705 2810 779 2870 quae
800 2793 828 2850 in
848 2791 945 2870 aliqua
962 2792 1023 2849 sine
1041 2787 1128 2848 dubio

138 2878 261 2936 veritate
276 2883 428 2934 versantur
441 2874 493 2933 sed
510 2883 575 2934 sunt
591 2875 626 2935 ad
643 2876 814 2954 popularem
830 2885 945 2954 aptatae
959 2872 1127 2933 delectatio·

138 2978 214 3034 nem,
231 2959 332 3039 quales
347 2957 470 3034 legimns
485 2961 697 3037 panegyricos,
714 2969 861 3038 totumque
878 2960 934 3019 boc
950 2959 1127 3018 demonstra·

66 3109 70 3118 ,
138 3046 226 3104 tivum
246 3060 361 3121 ¹genus,
389 3043 560 3120 permittitur
587 3043 725 3103 adhibere
749 3044 814 3122 plus
842 3044 935 3103 cultus
958 3057 1127 3117 omnemque

139 3136 239 3203 artem,
256 3145 330 3205 quae
346 3127 438 3186 latere
451 3126 621 3204 plerumque
637 3129 665 3186 in
680 3128 792 3187 iudiciis
808 3127 907 3203 debet,
923 3144 979 3185 non
997 3123 1128 3184 confiteri

97 3214 130 3268 12
138 3212 223 3272 modo
240 3210 292 3270 sed
308 3218 455 3269 ostentare
468 3211 553 3270 etiam
565 3211 725 3271 bominibus
738 3213 766 3272 in
777 3212 834 3271 hoc
848 3211 1004 3272 advocatis
1031 3207 1127 3280 Quare

139 3294 330 3369 declamatio,
357 3295 490 3373 quoniam
510 3304 555 3354 est
576 3296 746 3355 iudiciorum
762 3292 1029 3392 consiliorumque
1020 3306 1126 3366 imago,

139 3380 238 3441 similis
254 3397 322 3439 esse
339 3378 427 3439 debet
441 3379 569 3447 veritati;
594 3381 727 3458 quoniam
745 3388 839 3439 autern
855 3379 984 3457 aliquid
976 3396 1004 3435 m
1028 3390 1061 3432 se
1078 3374 1125 3432 ha·

98 3468 131 3522 13
139 3466 189 3526 bet
209 3454 417 3542 ἐπιδεικτικὸν,
436 3463 561 3524 nonnihil
585 3464 640 3523 sibi
660 3465 760 3524 nitoris
782 3481 940 3523 assumere
978 3459 1061 3534 Quod
1085 3457 1126 3515 la·
