2434 3925
360 211 476 271 134
972 219 1044 265 Μ.
1081 218 1236 265 ΕΑΒ.
1270 217 1708 276 Qum'rmm

350 379 612 436 viventes
657 370 963 449 aliquando
1007 369 1332 445 laudamus,
1383 371 1487 432 sed
1533 371 1687 448 quod
1727 389 1854 430 rara
1897 372 2041 432 haec
2086 374 2288 433 occasio

354 469 475 534 est,
517 466 580 517 ut
618 455 825 515 referri
868 456 1090 532 possint
1132 453 1304 512 divini
1344 455 1597 515 honores
1642 462 1701 514 et
1731 455 1966 515 decreta
1997 457 2294 535 etpublice

272 553 340 606 18
355 551 576 602 statuae
629 541 990 599 constitutae.
1093 537 1249 596 Inter
1302 556 1449 615 quae
1500 541 1913 598 numeraverim
1968 542 2294 617 ingeniorum

352 633 746 698 monumenta,
781 640 927 701 quae
963 621 1214 680 saeculis
1246 622 1645 699 probarentur.
1709 621 1851 683 Nam
1881 625 2142 700 quidam,
2174 627 2314 683 sicut·

349 709 692 783 Menander,
745 708 984 765 iustiora
1039 714 1404 783 posterorum
1448 724 1614 785 quam
1665 724 1803 766 suae
1856 710 2062 767 aetatis
2116 708 2294 767 iudicia

350 803 479 854 sunt
521 792 836 852 consecuti.
923 787 1187 848 Afferunt
1237 789 1461 851 laudem
1513 787 1680 849 liberi
1733 791 2100 868 parentibus,
2153 779 2316 851 urbes'

352 875 775 950 conditoribus,
807 873 988 953 ‚leges
1032 872 1343 949 latoribus,
1395 883 1550 933 artes
1608 874 1997 934 inventoribus
2056 894 2170 936 nec
2210 892 2298 935 non

349 963 602 1021 instituta
644 975 876 1037 quoque
912 956 1275 1031 auctoribus,
1327 959 1407 1017 uti
1450 975 1483 1018 a
1523 957 1705 1017 Numa
1747 959 2008 1018 traditum
2052 960 2194 1020 deos
2224 976 2300 1020 co·

351 1045 508 1123 lere,
541 1063 573 1105 a
608 1041 905 1103 Publicola
934 1039 1125 1100 fasces
1157 1040 1380 1119 populo
1414 1044 1786 1101 summittere.

267 1136 333 1191 19
513 1127 624 1201 Qui
674 1127 854 1185 omnis
904 1126 1072 1185 etiam
1116 1126 1170 1183 in
1213 1126 1772 1203 vituperatione
1835 1127 1972 1185 ursin
2021 1127 2303 1200 cunstnbit,

348 1221 563 1272 tantum
608 1212 664 1270 in
710 1210 1014 1269 diversum:
1102 1208 1246 1267 Nam
1288 1217 1345 1267 et
1399 1209 1683 1288 turpitudo
1736 1217 1964 1275 {svnt-ris-
2009 1213 2304 1289 mpprnlnio

350 1297 540 1354 multis
581 1294 718 1369 fuit,
769 1302 826 1351 et
869 1291 1145 1370 quosdam
1180 1292 1412 1352 claritas
1446 1295 1571 1370 ipsa
1612 1297 1864 1352 notius-225
1908 1297 2061 1353 nim-..zi
2109 1301 2233 1353 vitia
2265 1302 2306 1351 nt

350 1381 567 1438 invisos
597 1378 779 1453 magis
814 1376 983 1451 fecit,
1032 1385 1091 1435 et
1132 1378 1187 1435 in
1220 1375 1587 1454 quibusdam,
1630 1387 1683 1435 ut
1736 1382 1784 1434 in
1836 1382 2033 1438 llus-isla:
2069 1382 2307 1438 irwlirmn

351 1470 474 1537 est,
529 1460 825 1539 praedicta
871 1461 1191 1537 pernicies,
1248 1469 1306 1519 et
1358 1461 1621 1539 corporis
1676 1481 1740 1518 nr
1792 1466 2049 1522 [ut-innan
2101 1466 2307 1542 quilius·

352 1545 479 1605 dam
513 1543 660 1603 mala
692 1551 1076 1621 contemptum
1097 1589 1114 1618 ,
1155 1547 1304 1602 sicut
1345 1543 1678 1618 Thersitae,
1715 1546 2062 1623 adquisiere,
2097 1550 2308 1623 quibus·

355 1627 482 1687 dam
524 1627 679 1687 bona
719 1628 870 1686 viriis
902 1637 1170 1705 corrupta
1203 1629 1393 1688 odium
1427 1627 1767 1703 attulerunt,
1810 1637 1873 1687 ut
1910 1628 2085 1689 Nirea
2127 1628 2308 1688 imbel-

266 1712 497 1788 solem,
545 1709 874 1772 Plisthenen
915 1712 1258 1789 impudicum
1301 1729 1332 1770 a
1373 1713 1563 1790 poetis
1605 1714 1953 1789 accepimus.
2053 1712 2125 1771 Et
2161 1713 2311 1772 animi
2378 1747 2380 1768 1

349 1795 585 1855 totidem
626 1796 791 1869 vitia,
847 1804 986 1873 quot
1027 1797 1268 1854 virtutes
1312 1804 1475 1871 sunt,
1528 1814 1636 1855 nec
1681 1798 1860 1855 minus
1907 1814 2075 1873 quam
2121 1798 2177 1855 in
2205 1797 2309 1855 lau·
2381 1795 2384 1855 ἶ

353 1880 514 1941 dibus
557 1878 772 1957 duplici
814 1880 1035 1938 ratione
1082 1886 1410 1938 tractantur.
1500 1878 1574 1937 Et
1624 1888 1758 1958 post
1806 1889 2047 1938 mortem
2104 1881 2308 1940 adiecta
2385 1889 2386 1900 ¹

351 1964 687 2044 quibusdam
717 1965 1022 2040 ignominia
1055 1972 1175 2038 est,
1221 1973 1281 2023 ut
1327 1961 1571 2038 Maelio,
1616 1966 1775 2023 cuius
1825 1964 2023 2024 domus
2059 1965 2189 2025 solo
2228 1983 2308 2023 ae·

353 2058 553 2127 quata,
599 2046 914 2125 Marcoque
945 2045 1189 2121 Manlio,
1237 2049 1397 2106 cuius
1425 2065 1775 2125 praenomen
1805 2065 1836 2107 a
1878 2048 2091 2108 familia
2135 2051 2307 2126 inpo-

266 2142 562 2194 21sterum
594 2139 920 2208 exemptum
953 2140 1059 2190 est.
1100 2129 1205 2202 ,Et
1235 2140 1503 2209 parentes
1535 2131 1810 2191 malorum
1847 2132 2087 2191 odimus.
2142 2132 2213 2191 Et
2234 2137 2312 2189 est

351 2213 742 2276 conditoribus
787 2212 1005 2273 urbium
1047 2214 1289 2290 infame,
1349 2217 1705 2276 contraxisse
1748 2214 1993 2293 aliquam
2037 2217 2313 2292 pernicio·

351 2317 473 2357 sam
508 2298 719 2355 ceteris
754 2305 1006 2372 gentem,
1041 2297 1223 2375 qualis
1257 2306 1345 2357 est
1374 2300 1587 2375 primus
1609 2296 1874 2357 Iudaicae
1901 2299 2313 2376 superstitionis

353 2389 585 2447 auctor;
639 2389 696 2439 et
732 2378 1116 2440 Gracchorum
1147 2381 1314 2458 leges
1345 2381 1591 2450 invisae;
1644 2391 1701 2440 et
1740 2383 1787 2440 si
1824 2381 1976 2459 quod
2010 2392 2102 2441 est
2136 2400 2313 2440 exem·

352 2463 511 2544 plum
535 2463 792 2524 deforme
828 2467 1077 2541 posteris
1109 2465 1393 2541 traditum,
1428 2465 1599 2542 quale
1631 2465 1965 2525 libidinosus
1998 2468 2089 2524 vir
2119 2466 2317 2525 Perses

268 2551 409 2610 22in
451 2547 691 2607 muliere
723 2545 911 2608 Samia
941 2549 1240 2608 instituere
1283 2566 1452 2608 ausus
1484 2548 1692 2608 dicitur
1720 2551 1954 2627 primus.
2018 2550 2139 2609 Sed
2167 2551 2222 2607 in
2241 2549 2319 2606 vi·

319 2631 613 2712 ‚ventibus
655 2648 885 2710 quoque
929 2630 1134 2691 iudicia
1181 2632 1464 2692 hominum
1496 2631 1655 2691 velut
1688 2641 2018 2709 argumenta
2049 2641 2182 2692 sunt
2208 2649 2317 2691 mo·

350 2734 503 2791 rum,
553 2724 611 2774 et
651 2716 837 2781 hQnos
875 2724 969 2775 aut
1016 2717 1319 2792 ignominia
1361 2733 1557 2776 veram
1602 2733 1737 2776 esse
1778 2716 2004 2776 laudem
2042 2716 2141 2775 vel
2181 2718 2320 2776 vitu·

352 2801 709 2879 perationem
752 2798 977 2877 probat.
1174 2821 1178 2825 ²

271 2890 340 2943 23
514 2883 807 2943 Interesse
839 2891 1024 2942 tamen
1054 2881 1402 2942 Aristoteles
1431 2890 1622 2960 putat,
1653 2882 1749 2942 ubi
1784 2883 2032 2960 quidque
2063 2882 2323 2942 laudetur

356 2975 451 3025 aut
482 2967 857 3045 vituperetur.
946 2964 1090 3026 Nam
1121 2966 1419 3043 plurimum
1449 2967 1661 3042 refert,
1708 2969 1802 3044 qui
1843 2968 1953 3026 sint
1982 2966 2322 3026 audientium

354 3066 576 3125 mores,
607 3068 752 3128 quae
780 3050 1011 3128 publice
1041 3059 1278 3128 recepta
1315 3052 1650 3129 persuasio,
1683 3059 1743 3109 ut
1772 3050 1869 3109 illa
1902 3051 2146 3109 maxime
2179 3066 2323 3128 quae

356 3130 599 3209 probant
630 3151 761 3192 esse
791 3136 847 3193 in
879 3151 986 3210 eo,
1024 3136 1119 3211 qui
1150 3132 1502 3208 laudabitur,
1536 3134 1800 3209 credant,
1831 3143 1927 3193 aut
1960 3136 2016 3192 in
2047 3150 2120 3192 eo
2140 3178 2157 3209 ,
2192 3149 2320 3192 con·

356 3224 443 3275 tra
489 3232 655 3291 quem
699 3216 984 3293 dicemus,
1035 3235 1101 3276 ea
1145 3234 1294 3295 quae
1339 3217 1599 3277 oderunt.
1689 3217 1773 3277 Ita
1815 3234 1929 3276 non
1962 3215 2191 3278 dubium
2222 3218 2324 3276 erit

272 3298 652 3374 24iudicium,
687 3301 839 3375 quod
871 3303 1184 3361 orationem
1214 3302 1623 3378 praecesserit.
1701 3301 1963 3378 Ipsorum
1993 3302 2164 3360 etiam
2195 3318 2322 3379 per·

419 3382 651 3442 'scenda
706 3382 829 3441 laus
887 3401 1148 3460 semper,
1199 3400 1327 3441 nam
1375 3384 1431 3443 id
1482 3383 1785 3443 benivolos
1841 3384 2006 3451 facit;
2060 3386 2326 3462 quotiens

493 3485 546 3525 m
578 3466 701 3524 fieri
733 3465 981 3542 poterit,
1031 3482 1157 3525 cum
1197 3467 1472 3524 materiae
1506 3465 1746 3528 utilitate
1775 3467 2077 3545 iungenda.
2142 3466 2329 3528 Minus
