2434 3925
119 162 123 171 ’
152 174 214 238 bito
457 189 493 238 n.
513 187 591 236 nnn.
612 188 832 248 numerurm

150 344 263 419 colent,
283 342 315 403 in
334 342 500 403 amanum
518 348 755 421 perventurum
774 343 887 403 tertium
903 352 1008 405 tantum
1023 364 1081 408 non
1096 366 1145 408 ree

152 443 297 503 pugnans,
323 423 362 486 ln
383 426 471 486 donno
491 428 606 505 sartam
631 427 747 504 factum
767 429 808 488 ab
828 446 881 503 eo,
903 431 955 506 psci
977 433 1058 492 domi
1074 433 1144 511 tacit.

110 517 143 574 17
153 511 281 587 Ideoque
296 507 471 568 Aristoteles
487 512 515 569 iu
532 510 660 569 secundo
679 511 715 570 de
732 509 803 570 Arte
819 510 974 572 Rhetorica
990 514 1064 574 libro
1080 516 1144 575 ‹lili-

152 594 319 671 gentisslme
341 601 385 651 est
412 603 566 668 executus,
595 593 663 670 quid
694 596 798 670 cuique
825 597 868 654 rei
894 605 923 654 et
950 598 1016 674 quid
1039 601 1145 677 cuique

150 678 256 737 bomini
281 676 392 736 soleret
414 677 564 752 accidere,
587 685 617 735 et
634 695 704 753 quas
721 696 769 737 res
787 696 919 756 quosque
934 680 1064 741 homines
1081 685 1144 761 qui·

150 761 204 822 bus
224 761 310 820 rebus
326 770 374 819 aut
390 760 549 820 hominibus
565 760 613 819 vel
631 762 817 822 conciliasset
841 763 889 822 vel
906 763 1064 826 alienasset
1078 769 1144 845 ipsa

151 854 264 904 natura:
287 853 332 918 nt,
357 844 468 903 divitias
491 843 557 922 quill
573 853 711 921 sequatur
725 854 774 904 aut
790 845 986 921 ambitumaut
1002 852 1143 928 supersti-

150 931 272 1003 tionem,
297 928 363 1005 qnid
378 928 446 988 boni
461 927 599 1005 probent,
623 928 690 1003 qnid
711 927 776 988 mali
799 938 914 1007 petant,
938 931 1005 1008 quid
1025 934 1143 1009 milites,

150 1013 217 1090 qnid
232 1013 340 1086 rustici,
359 1029 416 1088 quo
427 1023 565 1089 'quaeque
585 1012 671 1071 modo
694 1029 742 1071 res
763 1014 846 1072 vitari
860 1014 908 1073 vel
924 1017 1021 1093 appeti
1036 1017 1141 1078 soleat.

108 1098 255 1159 leveram
275 1095 331 1154 hoc
347 1098 451 1172 exequi
468 1098 560 1161 mitto;
577 1097 721 1155 nonenim
735 1095 851 1172 longum
865 1106 969 1158 tantum
985 1100 1038 1160 sed
1056 1103 1143 1160 etiam

149 1178 328 1258 impossibile
352 1187 399 1238 aut
427 1181 521 1257 potius
546 1178 683 1238 inlinitum
707 1189 752 1239 est
781 1190 934 1258 praeterea
959 1185 1082 1261 positum
1115 1187 1144 1244 in

150 1264 290 1325 communi
308 1263 430 1321 omnium
445 1262 605 1321 intellectu.
646 1264 677 1322 Si
696 1264 759 1340 quis
775 1273 869 1323 tamen
884 1265 1108 1328 desideraverit:
1127 1288 1144 1329 a

108 1355 141 1410 19
150 1364 206 1425 quo
227 1354 357 1424 peteret,
384 1346 507 1405 ostendi.
557 1344 655 1406 Omnia
671 1346 775 1406 vautern
796 1348 961 1423 credibilia,
985 1352 1012 1409 ln
1039 1351 1143 1429 quibus

150 1448 217 1509 pars
233 1430 353 1488 maxima
373 1431 503 1489 consistit
521 1432 789 1507 argumentationis,
814 1450 851 1491 ex
873 1432 1032 1494 huiusmodi
1056 1436 1143 1494 lonti-

149 1514 202 1573 bus
218 1512 322 1572 fluunt:
345 1511 392 1573 An
414 1515 561 1575 credibile
574 1516 629 1589 sit,
645 1533 665 1574 o
679 1514 741 1592 filio
751 1523 873 1592 patrem
889 1519 1039 1596 occisum,
1056 1521 1144 1581 ince-

148 1607 226 1659 stum
238 1616 306 1657 ccum
316 1597 381 1674 litio
393 1599 602 1658 commissum?
619 1607 648 1656 et
660 1607 759 1658 contra
769 1599 943 1676 veneficium
953 1601 986 1662 ιἰι
996 1621 1143 1678 nouerca,
1212 1668 1216 1679 ,

148 1682 332 1742 adulterium
347 1683 378 1742 in
394 1682 550 1742 lenissimo
556 1702 569 1749 ,·
588 1681 638 1741 illa
656 1699 783 1759 qnoque,
798 1680 846 1743 An
861 1685 962 1744 scelus
975 1687 1079 1761 palam
1092 1688 1144 1764 fo·

150 1766 250 1826 ctam?
281 1762 330 1825 An
350 1765 465 1844 falsum
483 1773 611 1844 propter
630 1768 772 1843 empnam
788 1766 956 1828 summam?
982 1771 1048 1847 quia
1072 1788 1143 1829 suos

150 1849 274 1927 quidque
294 1848 396 1930 horum
414 1849 494 1908 velut
509 1866 605 1908 mores
627 1848 731 1917 habet;
757 1850 927 1927 plerumque
952 1861 1062 1928 temen,
1083 1871 1144 1913 non

149 1951 279 2013 semper,
296 1933 404 2011 alioqui
419 1932 574 1994 indubitata
590 1943 699 2009 essent,
718 1950 774 1993 non
789 1944 965 2011 argumenta.

106 2030 142 2081 20
232 2017 416 2077 Excutiamus
429 2035 503 2077 nunc
519 2027 749 2094 argumentorum
766 2017 888 2086 locos;
908 2037 1067 2098 quanquam
1079 2023 1143 2099 qui-

148 2101 267 2161 busdam
284 2100 313 2160 bi
331 2119 462 2179 quoque,
485 2099 639 2178 dequibus
663 2118 750 2179 snpra
775 2102 850 2175 dixi,
875 2103 1016 2163 videntur.
1045 2102 1143 2163 Locos

149 2185 266 2263 appello
285 2202 352 2259 non,
369 2195 399 2245 nt
414 2185 504 2260 vulgo
522 2202 596 2243 nnnc
612 2185 819 2261 intelliguntur,
835 2187 863 2243 in
880 2187 1019 2246 luxuriam
1045 2196 1074 2246 et
1092 2188 1142 2248 ad·

148 2268 282 2327 ulterium
296 2277 325 2327 et
342 2269 460 2335 similia;
488 2267 540 2326 sed
563 2268 677 2327 sedes
701 2279 1014 2346 argumentorum,
1033 2272 1061 2330 in
1079 2274 1143 2350 qui·

105 2363 136 2414 21
147 2352 200 2409 bus
212 2351 326 2427 latent,
350 2351 505 2430 exquibus
525 2360 590 2410 sunt
607 2352 741 2429 petenda.
774 2352 862 2427 Nam,
887 2363 918 2413 ut
939 2356 968 2413 in
988 2364 1065 2416 terra
1084 2373 1150 2417 non.

148 2436 222 2493 omni
237 2445 412 2511 generantur
431 2437 540 2509 omnia,
562 2453 617 2494 nec
641 2453 723 2495 avem
746 2445 794 2496 aut
818 2438 908 2497 leram
923 2440 1069 2516 reperias,
1092 2439 1143 2499 ubl

147 2536 281 2597 quaeque
296 2520 376 2578 nasci
393 2529 441 2578 ant
460 2520 564 2578 morari
584 2519 679 2579 soleat
696 2521 822 2597 ignarus,
845 2530 874 2580 et
888 2524 1007 2599 piscium
1025 2540 1143 2600 quoque

146 2619 255 2678 genera
272 2603 326 2663 alia
343 2603 436 2681 planis
452 2602 578 2679 gaudent
598 2603 653 2663 alia
669 2606 800 2679 saxosis,
822 2605 989 2681 regionibns
1006 2609 1090 2665 etiam
1107 2606 1142 2666 li·

146 2686 316 2765 toribusque
332 2688 457 2747 discreta
473 2695 554 2762 sunt,
580 2705 635 2746 nec
661 2686 798 2766 helopem
812 2697 912 2747 nostro
927 2691 997 2749 mari
1012 2699 1060 2749 aut
1076 2698 1142 2750 sca-

145 2788 207 2829 rum
225 2770 331 2830 ducas:
357 2771 397 2830 ita
415 2788 472 2830 non
490 2786 573 2829 omne
585 2781 789 2848 ‘argumentum
813 2771 937 2850 undique
961 2775 1039 2832 venit
1059 2774 1142 2833 idco·

103 2867 136 2919 22
147 2871 203 2931 que
219 2872 276 2914 non
293 2855 401 2933 passim
420 2855 613 2933 quaerendum
629 2865 684 2915 est.
722 2855 828 2916 blultus
853 2856 959 2935 alloqui
975 2875 1057 2917 error
1079 2867 1142 2926 est;

146 2938 288 2997 exhausto
306 2938 423 3013 labore,
443 2938 519 3017 quod
534 2956 591 2997 non
608 2941 720 2999 ratione
740 2941 938 3015 scrutabimur,
959 2958 1016 3000 non
1032 2944 1142 3019 poteri-

145 3039 207 3079 mus
223 3023 352 3081 invenire
370 3024 424 3082 nisi
445 3040 524 3082 casn.
553 3022 592 3081 At
608 3024 633 3081 si
648 3025 809 3101 scierimus,
825 3024 872 3083 ubi
889 3023 1024 3102 quodque
1039 3042 1141 3084 nasca-

146 3112 209 3164 tur:
227 3107 341 3166 eumad
358 3107 455 3167 locum
469 3115 585 3165 ventum
602 3108 668 3181 erit,
684 3108 783 3185 facile,
803 3109 880 3187 quod
900 3110 927 3167 in
944 3125 980 3168 eo
997 3117 1053 3184 est,
1073 3126 1141 3186 per·

142 3187 313 3248 videbimus.
535 3198 537 3205 '

99 3286 138 3340 23
227 3272 260 3331 lu
280 3273 379 3351 primis
397 3274 484 3350 igitur
503 3283 670 3352 argumenta
687 3293 704 3334 a
726 3292 890 3352 persona
913 3275 1043 3335 ducenda
1058 3283 1139 3341 sunta

145 3373 226 3432 cum,
244 3365 275 3416 ut
292 3357 366 3431 dixi,
389 3358 425 3416 sit
443 3357 564 3433 divisio,
590 3366 621 3417 ut
642 3359 735 3417 omnia
758 3359 786 3416 in
806 3358 879 3418 baec
897 3359 953 3418 dno
971 3360 1141 3437 partiamur,

145 3458 193 3499 res
211 3450 298 3520 atque
316 3457 475 3522 personas,
497 3451 527 3501 ut
545 3451 648 3518 cansa,
663 3450 801 3519 tempus,
821 3440 922 3519 mous,
946 3444 1082 3518 occasio,
1096 3442 1140 3501 in·
