2434 3925
173 211 235 274 260
485 225 521 272 ιι.
535 196 612 271 ule.
626 224 875 283 ouuuuuumur

170 399 271 442 mores
286 380 483 458 appellantur,
499 387 584 456 atque
599 378 664 437 iude
680 395 747 456 pars
763 395 878 477 quoque
896 379 946 439 illa
956 330 1177 461 philosophiae

143 454 266 543 θήθικὴ
284 465 400 523 moralis
422 473 466 522 est
484 464 569 522 dicta.
613 463 705 522 Sed'
697 480 789 540 ipsam
808 465 851 522 rei
871 472 1000 523 naturam
1022 470 1177 543 spectanti

171 549 236 608 mihi
254 565 311 606 ιιοιι
326 557 382 607 tam
396 565 491 608 mores
510 546 665 645 significari
685 548 817 606 videntur
835 565 919 624 ιιιιιιιιι
936 567 1054 610 mum
1068 564 1175 626 qaute-

171 634 243 695 dum
260 634 454 710 proprietam
481 648 545 689 nam
570 632 641 707 ipsis
671 631 785 706 quidem
805 633 895 689 omnis
920 630 1032 691 habitus
1060 637 1175 694 mentis

66 720 68 725 ’
172 718 341 775 continetur.
383 713 533 786 cautiores
560 714 735 773 voluntatem
763 714 918 791 complecti
944 733 1028 791 quam
1051 720 1173 777 uomina

54 863 60 875 ,
171 798 353 878 interpretari
375 799 544 859 maluerunt
583 796 714 856 Affectus
729 799 816 873 igitur
830 797 884 857 hos
900 801 1079 874 concitatos,
1098 801 1172 860 illos

171 885 257 944 utiles
271 892 356 960 atque
370 884 547 960 compositos
565 898 636 939 esse
656 881 802 948 dixerunt;
822 883 851 941 ιιι
871 881 963 940 altero
977 882 1173 943 vehementer

172 977 345 1040 commotos,
368 969 396 1025 iu
410 967 502 1025 altero
519 965 615 1031 leuem
632 964 755 1041 denique
770 964 848 1023 hos
839 983 996 1042 imperare,
1017 967 1171 1045 illosper·

86 1075 91 1085 ι
172 1051 308 1119 suadere;
326 1050 380 1109 hos
395 1050 431 1109 ad
446 1049 650 1127 perlationem,
668 1049 735 1107 illos
750 1049 787 1108 ad
801 1047 1024 1110 beniuolentiam
1042 1068 1170 1129 praeva-

131 1148 163 1199 10
172 1134 243 1194 lere
279 1133 422 1195 Adiiciunt
445 1133 557 1210 quidam
580 1134 751 1210 peritorum,
774 1126 874 1204 πάθος
899 1133 1060 1211 temporale
1086 1153 1170 1194 esse.

172 1216 257 1290 Quod
278 1227 308 1276 ut
328 1217 461 1276 accidere
488 1216 666 1292 frequentius
693 1215 802 1275 fateor:
829 1218 868 1275 ita
894 1217 1048 1278 nonnullas
1074 1219 1169 1278 credo

172 1319 240 1368 esse
257 1302 400 1398 materias,
418 1318 491 1377 quae
507 1301 670 1358 continuum
684 1299 850 1359 desiderent
870 1301 1012 1360 affectum
1043 1300 1109 1360 Nee
1126 1312 1169 1361 ta·

171 1402 236 1442 men
258 1386 348 1442 minus
371 1387 440 1444 artis
461 1392 508 1443 aut
530 1402 598 1442 usus
617 1382 646 1441 bi
665 1383 793 1445 leniores
813 1383 933 1451 babent;
952 1386 1053 1444 virium
1074 1395 1167 1463 atque

171 1469 294 1545 impetus
309 1484 365 1527 non
380 1468 542 1527 tantundem
558 1469 686 1543 exigunt.
722 1465 756 1525 Ιιι
775 1470 869 1526 causis
888 1485 960 1528 vero
975 1470 1060 1526 etiam
1074 1469 1168 1569 pluri·

172 1550 225 1609 bus
239 1561 400 1625 versantur,
417 1553 500 1610 immo
516 1551 672 1610 secundum
687 1550 827 1628 quendem
841 1552 1040 1610 intellectum
1031 1570 1060 1610 ιιι
1075 1555 1167 1612 οιιιιιι-

131 1648 163 1701 11
171 1634 233 1693 bus
264 1633 333 1695 Nam
352 1653 414 1694 cum
431 1653 467 1693 ex
482 1635 532 1694 illo
549 1643 578 1693 et
599 1634 656 1695 hoo
677 1634 744 1694 loco
767 1635 836 1694 nibil
850 1653 909 1694 non
922 1635 958 1694 ab
976 1645 1093 1695 oratore
1108 1645 1166 1696 tra·

172 1728 280 1778 otetur:
304 1718 438 1796 quidquid
464 1720 499 1778 de
515 1719 645 1777 honestis
663 1727 692 1776 et
706 1718 827 1779 utilibus
838 1719 961 1797 denique
976 1719 1119 1779 faciendis
1137 1729 1167 1779 et

172 1820 229 1862 non
243 1803 381 1863 iaciendis
396 1803 509 1877 dicitur,
526 1788 602 1878 ἦθος
623 1804 723 1861 vocari
738 1811 845 1899 potest
883 1803 1003 1876 Quidam
1020 1819 1165 1863 commen·

172 1887 314 1948 dationem
327 1895 412 1964 atque
429 1887 644 1945 excusationem
656 1887 771 1965 propria
784 1885 866 1946 buius
881 1887 969 1946 οιιιοιι
980 1896 1163 1966 putaverunt,

170 1990 225 2031 uec
241 1972 334 2030 abnuo
351 1989 417 2030 esse
432 1973 486 2029 ista
503 1969 531 2029 in
547 1969 601 2029 hac
613 1979 710 2046 parte:
733 1971 786 2031 sed
808 1987 865 2030 non
881 1972 1027 2071 conpedo,
1053 1981 1085 2031 ut
1099 1972 1164 2031 sola

130 2058 235 2119 rasim.
268 2054 342 2128 Quin
360 2055 430 2114 illud
453 2053 545 2113 adhuc
564 2054 685 2128 adiieio,
706 2048 805 2124 πάθος
832 2064 917 2131 atque
936 2042 1013 2132 ἦθος
1034 2073 1101 2114 esse
1123 2058 1162 2115 in·

170 2141 253 2198 terim
273 2156 311 2196 ex
326 2139 426 2198 eadem
440 2147 554 2240 natura,
577 2140 616 2197 ita
637 2147 667 2197 ut
693 2137 763 2197 illud
777 2139 866 2197 maius
883 2140 919 2198 sit
935 2139 992 2197 boo
1008 2141 1110 2215 minus,
1133 2147 1163 2198 ut

93 2281 99 2296 ,
172 2238 251 2280 οιιιοι
266 2215 374 2296 πάθος,
395 2223 499 2305 caritas
515 2210 607 2321 ἦθος,
630 2222 769 2281 interdum
790 2222 928 2282 diversa
919 2232 994 2281 anter
1014 2240 1066 2297 se,
1087 2224 1163 2282 sieut

171 2308 200 2364 ιιι
215 2303 349 2387 epilogis,
366 2323 430 2364 nam
448 2322 520 2382 quae
535 2299 636 2376 πάθος
650 2306 820 2380 concitauit,
839 2293 916 2383 ἦθος
930 2308 1006 2366 solet
1020 2308 1161 2382 mitigare

172 2388 290 2466 Proprie
311 2398 404 2447 tamen
425 2388 491 2447 mihi
518 2388 610 2454 buius
624 2389 745 2448 nominis
771 2390 956 2467 exprimenda
981 2399 1080 2449 natura
1106 2399 1161 2463 est,

166 2480 313 2573 quatenus
342 2471 536 2549 appellatione
568 2474 632 2549 ipsa
670 2490 728 2532 non
756 2476 825 2531 satis
855 2474 1010 2549 significari
1038 2473 1160 2532 videtur

131 2542 274 2631 13Ηθος,
296 2556 372 2633 quod
387 2556 570 2631 intelligimus
587 2556 721 2634 quodque
739 2575 755 2615 a
776 2557 935 2616 dicentibus
955 2557 1161 2630 desideramus,

172 2640 200 2699 id
220 2641 273 2697 erit
275 2640 376 2717 ,quod
391 2648 457 2699 ante
472 2641 564 2698 omnia
581 2638 709 2700 bonitate
723 2640 981 2715 commendabitur,
998 2657 1054 2699 non
1070 2639 1161 2699 solum

172 2724 239 2782 mite
260 2740 295 2782 ao
316 2723 458 2801 placidum
478 2722 530 2781 sed
556 2724 726 2802 plerumque
746 2724 879 2784 blandum
906 2734 936 2783 et
960 2725 1109 2783 humanum
1134 2731 1162 2781 et

173 2805 350 2866 audientibus
376 2806 497 2867 amabile
527 2816 612 2884 atque
639 2808 805 2881 iucundum,
839 2811 868 2867 in
893 2825 951 2885 quo
976 2807 1160 2885 exprimendo

173 2908 278 2951 summa
296 2893 386 2951 uirtus
402 2909 436 2950 ea
453 2899 513 2964 est,
538 2900 569 2949 ut
581 2891 671 2950 liuere
690 2893 782 2952 omnia
796 2909 835 2950 ex
850 2901 950 2951 natura
964 2910 1059 2949 rerum
1074 2890 1160 2950 bomi-

172 2992 295 3051 numque
306 2975 466 3049 videautur,
482 2991 538 3051 quo
550 2989 646 3033 mores
661 2975 782 3034 dicentis
799 2977 979 3035 exoratione
994 2974 1160 3052 perluceant

132 3070 166 3124 14
174 3066 202 3115 et
217 3057 424 3135 quodammodo
441 3067 643 3134 agnoscantur.
674 3057 758 3131 Quod
774 3068 819 3118 est
833 3060 895 3118 sine
909 3058 994 3120 dubio
1009 3061 1083 3117 inter
1094 3067 1170 3117 eon·

173 3143 282 3199 iurlctas
298 3144 418 3201 maxime
433 3157 591 3220 personas,
616 3144 748 3219 quotiens
762 3143 897 3217 ierimus,
914 3143 1100 3219 ignoscimus,
1117 3158 1159 3199 sa·

173 3222 344 3298 tisiacimus,
369 3244 533 3300 monemus,
557 3225 717 3303 proculab
739 3223 797 3301 ira,
820 3227 922 3304 procul
938 3226 973 3285 ab
990 3226 1067 3286 odio.
1104 3223 1159 3284 Sed

173 3316 268 3366 tamen
283 3308 339 3366 alia
353 3312 442 3386 patris
458 3309 597 3369 adversus
616 3308 720 3384 lilium,
739 3313 842 3370 tutoris
864 3310 1002 3369 adversus
1014 3308 1158 3388 pupillum,

172 3392 265 3450 mariti
286 3390 424 3451 adversus
446 3409 567 3452 uxorem
588 3392 747 3458 moderatio
769 3403 833 3460 est;
855 3392 884 3452 hi
906 3394 979 3452 enim
997 3392 1162 3472 praeierunt

175 3492 274 3534 eorum
293 3475 436 3553 ipsorum,
459 3494 475 3535 a
498 3475 601 3554 quibus
622 3476 787 3554 laeduntur,
811 3480 978 3554 caritatem,
998 3494 1092 3555 neque
1104 3475 1161 3535 alio
