<?xml version="1.0" encoding="UTF-8"?>
<!DOCTYPE html PUBLIC "-//W3C//DTD XHTML 1.0 Transitional//EN"
    "http://www.w3.org/TR/xhtml1/DTD/xhtml1-transitional.dtd">
<html xmlns="http://www.w3.org/1999/xhtml" xml:lang="en" lang="en">
 <head>
  <title>
</title>
<meta http-equiv="Content-Type" content="text/html;charset=utf-8" />
  <meta name='ocr-system' content='tesseract 3.04.00' />
  <meta name='ocr-capabilities' content='ocr_page ocr_carea ocr_par ocr_line ocrx_word'/>
</head>
<body>
  <div class='ocr_page' id='page_1' title='image "./mfabiiquintilia08bonngoog_0738.png"; bbox 0 0 2434 3925; ppageno 0'>
   <div class='ocr_carea' id='block_1_1' title="bbox 494 159 861 220">
    <p class='ocr_par' dir='ltr' id='par_1_1' title="bbox 494 159 861 220">
     <span class='ocr_line' id='line_1_1' title="bbox 494 159 861 220; baseline 0.003 -13"><span class='ocrx_word' id='word_1_1' title='bbox 494 162 531 208; x_wconf 86' lang='lat' dir='ltr'><strong>u.</strong></span> <span class='ocrx_word' id='word_1_2' title='bbox 545 161 625 208; x_wconf 80' lang='lat' dir='ltr'><strong>uun.</strong></span> <span class='ocrx_word' id='word_1_3' title='bbox 642 159 861 220; x_wconf 70' lang='lat' dir='ltr'><strong>cumanorum</strong></span> 
     </span>
    </p>
   </div>
   <div class='ocr_carea' id='block_1_2' title="bbox 111 313 1178 3502">
    <p class='ocr_par' dir='ltr' id='par_1_2' title="bbox 179 313 1177 729">
     <span class='ocr_line' id='line_1_2' title="bbox 179 313 1162 393; baseline -0.004 -17"><span class='ocrx_word' id='word_1_4' title='bbox 179 335 257 391; x_wconf 91' lang='lat' dir='ltr'><strong>mus,</strong></span> <span class='ocrx_word' id='word_1_5' title='bbox 281 313 359 393; x_wconf 95' lang='lat' dir='ltr'><strong>quod</strong></span> <span class='ocrx_word' id='word_1_6' title='bbox 378 313 526 374; x_wconf 83' lang='lat' dir='ltr'><strong>veteribus</strong></span> <span class='ocrx_word' id='word_1_7' title='bbox 541 315 759 393; x_wconf 90' lang='lat' dir='ltr'><strong>praecipueque</strong></span> <span class='ocrx_word' id='word_1_8' title='bbox 775 313 895 376; x_wconf 84' lang='lat' dir='ltr'><strong>Graecis</strong></span> <span class='ocrx_word' id='word_1_9' title='bbox 916 315 944 373; x_wconf 89' lang='lat' dir='ltr'><strong>in</strong></span> <span class='ocrx_word' id='word_1_10' title='bbox 966 335 1034 375; x_wconf 91' lang='lat' dir='ltr'><strong>usu</strong></span> <span class='ocrx_word' id='word_1_11' title='bbox 1059 331 1115 374; x_wconf 90' lang='lat' dir='ltr'><strong>non</strong></span> <span class='ocrx_word' id='word_1_12' title='bbox 1127 314 1162 372; x_wconf 80' lang='lat' dir='ltr'><strong>iri</strong></span> 
     </span>
     <span class='ocr_line' id='line_1_3' title="bbox 181 396 1164 478; baseline -0.006 -19"><span class='ocrx_word' id='word_1_13' title='bbox 181 399 274 478; x_wconf 84' lang='lat' dir='ltr'><strong>(apud</strong></span> <span class='ocrx_word' id='word_1_14' title='bbox 293 396 465 458; x_wconf 81' lang='lat' dir='ltr'>Ciceronem</span> <span class='ocrx_word' id='word_1_15' title='bbox 486 400 561 458; x_wconf 93' lang='lat' dir='ltr'><strong>enim</strong></span> <span class='ocrx_word' id='word_1_16' title='bbox 582 400 714 477; x_wconf 81' lang='lat' dir='ltr'><strong>invenio)</strong></span> <span class='ocrx_word' id='word_1_17' title='bbox 740 400 805 460; x_wconf 89' lang='lat' dir='ltr'><strong>dum</strong></span> <span class='ocrx_word' id='word_1_18' title='bbox 825 418 887 459; x_wconf 88' lang='lat' dir='ltr'><strong>rem</strong></span> <span class='ocrx_word' id='word_1_19' title='bbox 902 402 1088 459; x_wconf 80' lang='lat' dir='ltr'><strong>contineant</strong></span> <span class='ocrx_word' id='word_1_20' title='bbox 1102 407 1164 458; x_wconf 83' lang='lat' dir='ltr'><strong>etro</strong></span> 
     </span>
     <span class='ocr_line' id='line_1_4' title="bbox 181 477 1164 562; baseline 0 -22"><span class='ocrx_word' id='word_1_21' title='bbox 181 484 228 561; x_wconf 89' lang='lat' dir='ltr'><strong>pia</strong></span> <span class='ocrx_word' id='word_1_22' title='bbox 243 500 300 541; x_wconf 94' lang='lat' dir='ltr'><strong>non</strong></span> <span class='ocrx_word' id='word_1_23' title='bbox 315 482 476 542; x_wconf 71' lang='lat' dir='ltr'><strong>redundent</strong></span> <span class='ocrx_word' id='word_1_24' title='bbox 490 482 566 542; x_wconf 91' lang='lat' dir='ltr'><strong>etad</strong></span> <span class='ocrx_word' id='word_1_25' title='bbox 579 485 730 542; x_wconf 89' lang='lat' dir='ltr'><strong>victoriam</strong></span> <span class='ocrx_word' id='word_1_26' title='bbox 745 493 890 561; x_wconf 79' lang='lat' dir='ltr'><strong>spectent,</strong></span> <span class='ocrx_word' id='word_1_27' title='bbox 907 485 973 562; x_wconf 91' lang='lat' dir='ltr'><strong>quis</strong></span> <span class='ocrx_word' id='word_1_28' title='bbox 993 484 1077 543; x_wconf 88' lang='lat' dir='ltr'><strong>utile</strong></span> <span class='ocrx_word' id='word_1_29' title='bbox 1089 477 1164 557; x_wconf 77' lang='lat' dir='ltr'><strong>neget</strong></span> 
     </span>
     <span class='ocr_line' id='line_1_5' title="bbox 180 565 1166 646; baseline -0.003 -20"><span class='ocrx_word' id='word_1_30' title='bbox 180 565 297 626; x_wconf 90' lang='lat' dir='ltr'><strong>Feriunt</strong></span> <span class='ocrx_word' id='word_1_31' title='bbox 323 568 444 626; x_wconf 90' lang='lat' dir='ltr'><strong>animum</strong></span> <span class='ocrx_word' id='word_1_32' title='bbox 473 575 502 625; x_wconf 90' lang='lat' dir='ltr'><strong>et</strong></span> <span class='ocrx_word' id='word_1_33' title='bbox 530 583 587 625; x_wconf 91' lang='lat' dir='ltr'><strong>uno</strong></span> <span class='ocrx_word' id='word_1_34' title='bbox 613 567 672 626; x_wconf 86' lang='lat' dir='ltr'><strong>ictu</strong></span> <span class='ocrx_word' id='word_1_35' title='bbox 698 567 867 646; x_wconf 83' lang='lat' dir='ltr'><strong>frequenter</strong></span> <span class='ocrx_word' id='word_1_36' title='bbox 888 568 1059 645; x_wconf 89' lang='lat' dir='ltr'><strong>impellunt</strong></span> <span class='ocrx_word' id='word_1_37' title='bbox 1084 575 1114 626; x_wconf 91' lang='lat' dir='ltr'><strong>et</strong></span> <span class='ocrx_word' id='word_1_38' title='bbox 1131 567 1166 642; x_wconf 77' lang='lat' dir='ltr'><strong>ips</strong></span> 
     </span>
     <span class='ocr_line' id='line_1_6' title="bbox 180 650 1042 729; baseline -0.001 -19"><span class='ocrx_word' id='word_1_39' title='bbox 180 651 321 711; x_wconf 89' lang='lat' dir='ltr'><strong>brevitate</strong></span> <span class='ocrx_word' id='word_1_40' title='bbox 337 651 428 726; x_wconf 87' lang='lat' dir='ltr'><strong>magis</strong></span> <span class='ocrx_word' id='word_1_41' title='bbox 441 650 564 710; x_wconf 80' lang='lat' dir='ltr'><strong>haerent</strong></span> <span class='ocrx_word' id='word_1_42' title='bbox 582 658 612 709; x_wconf 89' lang='lat' dir='ltr'><strong>et</strong></span> <span class='ocrx_word' id='word_1_43' title='bbox 628 650 823 711; x_wconf 79' lang='lat' dir='ltr'><strong>delectatione</strong></span> <span class='ocrx_word' id='word_1_44' title='bbox 839 652 1042 729; x_wconf 83' lang='lat' dir='ltr'><strong>persuadent.</strong></span> 
     </span>
    </p>

    <p class='ocr_par' dir='ltr' id='par_1_3' title="bbox 139 733 1171 1233">
     <span class='ocr_line' id='line_1_7' title="bbox 139 733 1168 812; baseline -0.006 -18"><span class='ocrx_word' id='word_1_45' title='bbox 139 747 173 802; x_wconf 84' lang='lat'><strong>49</strong></span> <span class='ocrx_word' id='word_1_46' title='bbox 263 734 302 794; x_wconf 86' lang='grc' dir='ltr'>Αι</span> <span class='ocrx_word' id='word_1_47' title='bbox 328 743 392 793; x_wconf 91' lang='lat' dir='ltr'><strong>sunt</strong></span> <span class='ocrx_word' id='word_1_48' title='bbox 417 735 465 812; x_wconf 91' lang='lat' dir='ltr'><strong>qui</strong></span> <span class='ocrx_word' id='word_1_49' title='bbox 493 733 567 792; x_wconf 90' lang='lat' dir='ltr'><strong>baec</strong></span> <span class='ocrx_word' id='word_1_50' title='bbox 594 737 765 794; x_wconf 81' lang='lat' dir='ltr'><strong>excitatiora</strong></span> <span class='ocrx_word' id='word_1_51' title='bbox 792 736 911 807; x_wconf 89' lang='lat' dir='ltr'><strong>lumina,</strong></span> <span class='ocrx_word' id='word_1_52' title='bbox 940 737 1072 794; x_wconf 89' lang='lat' dir='ltr'><strong>etiamsi</strong></span> <span class='ocrx_word' id='word_1_53' title='bbox 1100 733 1168 792; x_wconf 84' lang='lat' dir='ltr'><strong>dicen</strong></span> 
     </span>
     <span class='ocr_line' id='line_1_8' title="bbox 174 815 1169 899; baseline -0.007 -20"><span class='ocrx_word' id='word_1_54' title='bbox 174 820 362 899; x_wconf 87' lang='lat' dir='ltr'><strong>permittant,</strong></span> <span class='ocrx_word' id='word_1_55' title='bbox 391 835 408 877; x_wconf 90' lang='lat' dir='ltr'><strong>a</strong></span> <span class='ocrx_word' id='word_1_56' title='bbox 436 818 644 895; x_wconf 87' lang='lat' dir='ltr'><strong>componendis</strong></span> <span class='ocrx_word' id='word_1_57' title='bbox 670 828 766 879; x_wconf 90' lang='lat' dir='ltr'><strong>tamen</strong></span> <span class='ocrx_word' id='word_1_58' title='bbox 793 818 971 878; x_wconf 90' lang='lat' dir='ltr'><strong>orationibus</strong></span> <span class='ocrx_word' id='word_1_59' title='bbox 1004 815 1169 878; x_wconf 83' lang='lat' dir='ltr'><strong>excluderis</strong></span> 
     </span>
     <span class='ocr_line' id='line_1_9' title="bbox 180 899 1170 981; baseline -0.009 -17"><span class='ocrx_word' id='word_1_60' title='bbox 180 904 363 965; x_wconf 87' lang='lat' dir='ltr'><strong>arbitrentur.</strong></span> <span class='ocrx_word' id='word_1_61' title='bbox 405 899 550 973; x_wconf 80' lang='lat' dir='ltr'><strong>Quocirca</strong></span> <span class='ocrx_word' id='word_1_62' title='bbox 576 902 643 961; x_wconf 88' lang='lat' dir='ltr'><strong>milui</strong></span> <span class='ocrx_word' id='word_1_63' title='bbox 668 921 705 962; x_wconf 90' lang='lat' dir='ltr'><strong>oe</strong></span> <span class='ocrx_word' id='word_1_64' title='bbox 734 903 781 962; x_wconf 89' lang='lat' dir='ltr'><strong>bic</strong></span> <span class='ocrx_word' id='word_1_65' title='bbox 807 903 920 981; x_wconf 91' lang='lat' dir='ltr'><strong>quidem</strong></span> <span class='ocrx_word' id='word_1_66' title='bbox 947 903 1045 962; x_wconf 89' lang='lat' dir='ltr'><strong>locus</strong></span> <span class='ocrx_word' id='word_1_67' title='bbox 1075 903 1170 960; x_wconf 76' lang='lat' dir='ltr'><strong>intacta</strong></span> 
     </span>
     <span class='ocr_line' id='line_1_10' title="bbox 181 982 1170 1064; baseline -0.008 -17"><span class='ocrx_word' id='word_1_68' title='bbox 181 986 432 1060; x_wconf 86' lang='lat' dir='ltr'><strong>estomittendus,</strong></span> <span class='ocrx_word' id='word_1_69' title='bbox 454 984 532 1064; x_wconf 95' lang='lat' dir='ltr'><strong>quod</strong></span> <span class='ocrx_word' id='word_1_70' title='bbox 553 986 653 1063; x_wconf 87' lang='lat' dir='ltr'><strong>plures</strong></span> <span class='ocrx_word' id='word_1_71' title='bbox 674 986 848 1046; x_wconf 90' lang='lat' dir='ltr'><strong>eruditorum</strong></span> <span class='ocrx_word' id='word_1_72' title='bbox 866 986 948 1046; x_wconf 89' lang='lat' dir='ltr'><strong>aliam</strong></span> <span class='ocrx_word' id='word_1_73' title='bbox 974 1005 1058 1046; x_wconf 90' lang='lat' dir='ltr'><strong>esse</strong></span> <span class='ocrx_word' id='word_1_74' title='bbox 1084 982 1170 1044; x_wconf 86' lang='lat' dir='ltr'><strong>dicend</strong></span> 
     </span>
     <span class='ocr_line' id='line_1_11' title="bbox 180 1066 1171 1148; baseline -0.009 -18"><span class='ocrx_word' id='word_1_75' title='bbox 180 1071 318 1131; x_wconf 90' lang='lat' dir='ltr'><strong>rationem</strong></span> <span class='ocrx_word' id='word_1_76' title='bbox 336 1070 420 1129; x_wconf 88' lang='lat' dir='ltr'><strong>aliam</strong></span> <span class='ocrx_word' id='word_1_77' title='bbox 436 1069 581 1130; x_wconf 89' lang='lat' dir='ltr'><strong>scribendi</strong></span> <span class='ocrx_word' id='word_1_78' title='bbox 596 1079 781 1147; x_wconf 86' lang='lat' dir='ltr'><strong>putaverunt;</strong></span> <span class='ocrx_word' id='word_1_79' title='bbox 803 1071 928 1148; x_wconf 93' lang='lat' dir='ltr'><strong>ideoque</strong></span> <span class='ocrx_word' id='word_1_80' title='bbox 943 1074 971 1129; x_wconf 93' lang='lat' dir='ltr'><strong>in</strong></span> <span class='ocrx_word' id='word_1_81' title='bbox 991 1069 1122 1146; x_wconf 85' lang='lat' dir='ltr'><strong>agendo</strong></span> <span class='ocrx_word' id='word_1_82' title='bbox 1136 1066 1171 1124; x_wconf 82' lang='lat' dir='ltr'><strong>clr-</strong></span> 
     </span>
     <span class='ocr_line' id='line_1_12' title="bbox 180 1150 1171 1233; baseline -0.007 -19"><span class='ocrx_word' id='word_1_83' title='bbox 180 1156 310 1215; x_wconf 90' lang='lat' dir='ltr'><strong>rissimos</strong></span> <span class='ocrx_word' id='word_1_84' title='bbox 334 1154 473 1231; x_wconf 87' lang='lat' dir='ltr'><strong>quosdam</strong></span> <span class='ocrx_word' id='word_1_85' title='bbox 497 1153 565 1214; x_wconf 91' lang='lat' dir='ltr'><strong>nibil</strong></span> <span class='ocrx_word' id='word_1_86' title='bbox 588 1156 752 1232; x_wconf 88' lang='lat' dir='ltr'><strong>posteritati</strong></span> <span class='ocrx_word' id='word_1_87' title='bbox 772 1157 970 1233; x_wconf 86' lang='lat' dir='ltr'><strong>mansurisque</strong></span> <span class='ocrx_word' id='word_1_88' title='bbox 992 1172 1076 1213; x_wconf 81' lang='lat' dir='ltr'><strong>mox</strong></span> <span class='ocrx_word' id='word_1_89' title='bbox 1091 1150 1171 1211; x_wconf 76' lang='lat' dir='ltr'><strong>lineri</strong></span> 
     </span>
    </p>

    <p class='ocr_par' dir='ltr' id='par_1_4' title="bbox 156 1237 1171 1399">
     <span class='ocr_line' id='line_1_13' title="bbox 156 1237 1171 1317; baseline -0.004 -20"><span class='ocrx_word' id='word_1_90' title='bbox 156 1274 158 1277; x_wconf 94' lang='lat'>-</span> <span class='ocrx_word' id='word_1_91' title='bbox 180 1239 347 1317; x_wconf 85' lang='lat' dir='ltr'><strong>reliquisse,</strong></span> <span class='ocrx_word' id='word_1_92' title='bbox 365 1246 395 1296; x_wconf 91' lang='lat' dir='ltr'><strong>ut</strong></span> <span class='ocrx_word' id='word_1_93' title='bbox 410 1237 564 1312; x_wconf 84' lang='lat' dir='ltr'><strong>Periclem,</strong></span> <span class='ocrx_word' id='word_1_94' title='bbox 582 1246 612 1297; x_wconf 93' lang='grc' dir='ltr'><strong>ιιι</strong></span> <span class='ocrx_word' id='word_1_95' title='bbox 628 1237 788 1313; x_wconf 89' lang='lat' dir='ltr'><strong>Demaden,</strong></span> <span class='ocrx_word' id='word_1_96' title='bbox 805 1256 903 1297; x_wconf 91' lang='lat' dir='ltr'><strong>rursus</strong></span> <span class='ocrx_word' id='word_1_97' title='bbox 919 1238 995 1297; x_wconf 88' lang='lat' dir='ltr'><strong>alios</strong></span> <span class='ocrx_word' id='word_1_98' title='bbox 1016 1238 1059 1298; x_wconf 85' lang='lat' dir='ltr'><strong>ad</strong></span> <span class='ocrx_word' id='word_1_99' title='bbox 1076 1247 1171 1310; x_wconf 76' lang='lat' dir='ltr'><strong>compo</strong></span> 
     </span>
     <span class='ocr_line' id='line_1_14' title="bbox 181 1322 1171 1399; baseline -0.006 -18"><span class='ocrx_word' id='word_1_100' title='bbox 181 1323 303 1382; x_wconf 91' lang='lat' dir='ltr'><strong>nendum</strong></span> <span class='ocrx_word' id='word_1_101' title='bbox 319 1323 444 1399; x_wconf 89' lang='lat' dir='ltr'><strong>optimos</strong></span> <span class='ocrx_word' id='word_1_102' title='bbox 459 1322 621 1382; x_wconf 88' lang='lat' dir='ltr'><strong>actionibus</strong></span> <span class='ocrx_word' id='word_1_103' title='bbox 636 1322 758 1381; x_wconf 91' lang='lat' dir='ltr'><strong>idoneos</strong></span> <span class='ocrx_word' id='word_1_104' title='bbox 775 1339 833 1381; x_wconf 85' lang='lat' dir='ltr'><strong>non</strong></span> <span class='ocrx_word' id='word_1_105' title='bbox 847 1322 954 1397; x_wconf 85' lang='lat' dir='ltr'><strong>fuisse,</strong></span> <span class='ocrx_word' id='word_1_106' title='bbox 970 1332 1004 1381; x_wconf 89' lang='lat' dir='ltr'><strong>ot</strong></span> <span class='ocrx_word' id='word_1_107' title='bbox 1020 1322 1171 1381; x_wconf 85' lang='lat' dir='ltr'><strong>Isocrateo:</strong></span> 
     </span>
    </p>

    <p class='ocr_par' dir='ltr' id='par_1_5' title="bbox 140 1396 1170 1821">
     <span class='ocr_line' id='line_1_15' title="bbox 140 1396 1170 1485; baseline -0.008 -15"><span class='ocrx_word' id='word_1_108' title='bbox 140 1415 337 1485; x_wconf 80' lang='lat' dir='ltr'><strong>5opraeterea</strong></span> <span class='ocrx_word' id='word_1_109' title='bbox 360 1406 387 1463; x_wconf 91' lang='lat' dir='ltr'><strong>in</strong></span> <span class='ocrx_word' id='word_1_110' title='bbox 403 1406 518 1482; x_wconf 80' lang='lat' dir='ltr'><strong>agendo</strong></span> <span class='ocrx_word' id='word_1_111' title='bbox 539 1406 603 1484; x_wconf 89' lang='lat' dir='ltr'><strong>plus</strong></span> <span class='ocrx_word' id='word_1_112' title='bbox 627 1408 748 1484; x_wconf 89' lang='lat' dir='ltr'><strong>impetus</strong></span> <span class='ocrx_word' id='word_1_113' title='bbox 771 1407 941 1485; x_wconf 89' lang='lat' dir='ltr'><strong>plerumque</strong></span> <span class='ocrx_word' id='word_1_114' title='bbox 958 1415 988 1464; x_wconf 89' lang='lat' dir='ltr'><strong>et</strong></span> <span class='ocrx_word' id='word_1_115' title='bbox 1006 1407 1121 1483; x_wconf 87' lang='lat' dir='ltr'><strong>petitas</strong></span> <span class='ocrx_word' id='word_1_116' title='bbox 1139 1396 1170 1455; x_wconf 82' lang='lat' dir='ltr'><strong>rel</strong></span> 
     </span>
     <span class='ocr_line' id='line_1_16' title="bbox 182 1488 1170 1571; baseline -0.014 -19"><span class='ocrx_word' id='word_1_117' title='bbox 182 1491 267 1571; x_wconf 86' lang='lat' dir='ltr'><strong>paulo</strong></span> <span class='ocrx_word' id='word_1_118' title='bbox 290 1490 423 1551; x_wconf 90' lang='lat' dir='ltr'><strong>licentius</strong></span> <span class='ocrx_word' id='word_1_119' title='bbox 443 1489 628 1566; x_wconf 80' lang='lat' dir='ltr'><strong>voluptates,</strong></span> <span class='ocrx_word' id='word_1_120' title='bbox 649 1490 873 1550; x_wconf 85' lang='lat' dir='ltr'><strong>commovendos</strong></span> <span class='ocrx_word' id='word_1_121' title='bbox 897 1492 970 1549; x_wconf 93' lang='lat' dir='ltr'><strong>enim</strong></span> <span class='ocrx_word' id='word_1_122' title='bbox 987 1508 1067 1549; x_wconf 90' lang='lat' dir='ltr'><strong>esse</strong></span> <span class='ocrx_word' id='word_1_123' title='bbox 1086 1488 1170 1547; x_wconf 86' lang='lat' dir='ltr'><strong>docco·</strong></span> 
     </span>
     <span class='ocr_line' id='line_1_17' title="bbox 182 1565 1167 1653; baseline -0.009 -18"><span class='ocrx_word' id='word_1_124' title='bbox 182 1577 294 1653; x_wconf 90' lang='lat' dir='ltr'><strong>dosque</strong></span> <span class='ocrx_word' id='word_1_125' title='bbox 318 1576 426 1633; x_wconf 91' lang='lat' dir='ltr'><strong>animos</strong></span> <span class='ocrx_word' id='word_1_126' title='bbox 446 1574 656 1650; x_wconf 88' lang='lat' dir='ltr'><strong>imperitorum;</strong></span> <span class='ocrx_word' id='word_1_127' title='bbox 680 1583 709 1633; x_wconf 91' lang='lat' dir='ltr'><strong>at</strong></span> <span class='ocrx_word' id='word_1_128' title='bbox 729 1574 807 1653; x_wconf 91' lang='lat' dir='ltr'><strong>quod</strong></span> <span class='ocrx_word' id='word_1_129' title='bbox 828 1573 909 1633; x_wconf 91' lang='lat' dir='ltr'><strong>libris</strong></span> <span class='ocrx_word' id='word_1_130' title='bbox 932 1574 1094 1633; x_wconf 87' lang='lat' dir='ltr'><strong>dedicatur</strong></span> <span class='ocrx_word' id='word_1_131' title='bbox 1113 1565 1167 1626; x_wconf 75' lang='lat' dir='ltr'><strong>etit</strong></span> 
     </span>
     <span class='ocr_line' id='line_1_18' title="bbox 183 1650 1168 1738; baseline -0.013 -18"><span class='ocrx_word' id='word_1_132' title='bbox 183 1659 345 1738; x_wconf 83' lang='lat' dir='ltr'><strong>exemplum</strong></span> <span class='ocrx_word' id='word_1_133' title='bbox 362 1658 463 1733; x_wconf 91' lang='lat' dir='ltr'><strong>editur,</strong></span> <span class='ocrx_word' id='word_1_134' title='bbox 480 1667 588 1717; x_wconf 88' lang='lat' dir='ltr'><strong>tersum</strong></span> <span class='ocrx_word' id='word_1_135' title='bbox 603 1676 639 1718; x_wconf 90' lang='lat' dir='ltr'><strong>ac</strong></span> <span class='ocrx_word' id='word_1_136' title='bbox 654 1658 779 1718; x_wconf 86' lang='lat' dir='ltr'><strong>limatum</strong></span> <span class='ocrx_word' id='word_1_137' title='bbox 794 1667 825 1717; x_wconf 88' lang='lat' dir='ltr'><strong>et</strong></span> <span class='ocrx_word' id='word_1_138' title='bbox 839 1659 875 1717; x_wconf 88' lang='lat' dir='ltr'><strong>ad</strong></span> <span class='ocrx_word' id='word_1_139' title='bbox 890 1659 986 1734; x_wconf 83' lang='lat' dir='ltr'><strong>legem</strong></span> <span class='ocrx_word' id='word_1_140' title='bbox 1003 1676 1043 1717; x_wconf 87' lang='lat' dir='ltr'><strong>ac</strong></span> <span class='ocrx_word' id='word_1_141' title='bbox 1059 1650 1168 1730; x_wconf 81' lang='lat' dir='ltr'><strong>regular</strong></span> 
     </span>
     <span class='ocr_line' id='line_1_19' title="bbox 183 1741 1164 1821; baseline -0.011 -18"><span class='ocrx_word' id='word_1_142' title='bbox 183 1744 372 1821; x_wconf 91' lang='lat' dir='ltr'><strong>compositum</strong></span> <span class='ocrx_word' id='word_1_143' title='bbox 394 1759 462 1800; x_wconf 89' lang='lat' dir='ltr'><strong>esse</strong></span> <span class='ocrx_word' id='word_1_144' title='bbox 487 1751 642 1819; x_wconf 82' lang='lat' dir='ltr'><strong>oportere,</strong></span> <span class='ocrx_word' id='word_1_145' title='bbox 664 1744 730 1820; x_wconf 89' lang='lat' dir='ltr'><strong>quia</strong></span> <span class='ocrx_word' id='word_1_146' title='bbox 747 1744 843 1802; x_wconf 79' lang='lat' dir='ltr'><strong>veniat</strong></span> <span class='ocrx_word' id='word_1_147' title='bbox 865 1743 1008 1817; x_wconf 83' lang='lat' dir='ltr'><strong>inmanus</strong></span> <span class='ocrx_word' id='word_1_148' title='bbox 1033 1741 1164 1800; x_wconf 82' lang='lat' dir='ltr'><strong>docronr</strong></span> 
     </span>
    </p>

    <p class='ocr_par' dir='ltr' id='par_1_6' title="bbox 140 1812 1178 1990">
     <span class='ocr_line' id='line_1_20' title="bbox 140 1812 1164 1900; baseline -0.016 -9"><span class='ocrx_word' id='word_1_149' title='bbox 140 1844 170 1893; x_wconf 76' lang='lat' dir='ltr'><strong>ol</strong></span> <span class='ocrx_word' id='word_1_150' title='bbox 183 1838 212 1887; x_wconf 89' lang='lat' dir='ltr'><strong>et</strong></span> <span class='ocrx_word' id='word_1_151' title='bbox 227 1812 337 1886; x_wconf 91' lang='lat' dir='ltr'><strong>iudices</strong></span> <span class='ocrx_word' id='word_1_152' title='bbox 353 1826 421 1886; x_wconf 89' lang='lat' dir='ltr'><strong>artis</strong></span> <span class='ocrx_word' id='word_1_153' title='bbox 442 1825 549 1885; x_wconf 89' lang='lat' dir='ltr'><strong>habeat</strong></span> <span class='ocrx_word' id='word_1_154' title='bbox 570 1826 707 1886; x_wconf 82' lang='lat' dir='ltr'><strong>artifices.</strong></span> <span class='ocrx_word' id='word_1_155' title='bbox 740 1825 815 1899; x_wconf 79' lang='lat' dir='ltr'><strong>Quin</strong></span> <span class='ocrx_word' id='word_1_156' title='bbox 837 1826 879 1885; x_wconf 87' lang='lat' dir='ltr'><strong>illi</strong></span> <span class='ocrx_word' id='word_1_157' title='bbox 902 1825 1027 1885; x_wconf 88' lang='lat' dir='ltr'><strong>subtiles</strong></span> <span class='ocrx_word' id='word_1_158' title='bbox 1046 1825 1096 1900; x_wconf 91' lang='lat' dir='ltr'><strong>(ut</strong></span> <span class='ocrx_word' id='word_1_159' title='bbox 1110 1816 1164 1878; x_wconf 87' lang='lat' dir='ltr'><strong>sini·</strong></span> 
     </span>
     <span class='ocr_line' id='line_1_21' title="bbox 182 1899 1178 1990; baseline -0.007 -18"><span class='ocrx_word' id='word_1_160' title='bbox 182 1912 256 1972; x_wconf 91' lang='lat' dir='ltr'><strong>libus</strong></span> <span class='ocrx_word' id='word_1_161' title='bbox 273 1910 367 1970; x_wconf 87' lang='lat' dir='ltr'><strong>mullis</strong></span> <span class='ocrx_word' id='word_1_162' title='bbox 384 1913 605 1990; x_wconf 87' lang='lat' dir='ltr'><strong>persuaserunt)</strong></span> <span class='ocrx_word' id='word_1_163' title='bbox 622 1912 756 1988; x_wconf 73' lang='lat' dir='ltr'><strong>magistri,</strong></span> <span class='ocrx_word' id='word_1_164' title='bbox 764 1902 950 1990; x_wconf 75' lang='grc' dir='ltr'>παράδειγμα</span> <span class='ocrx_word' id='word_1_165' title='bbox 970 1907 1116 1979; x_wconf 90' lang='lat' dir='ltr'><strong>dicendo,</strong></span> <span class='ocrx_word' id='word_1_166' title='bbox 1132 1899 1178 1974; x_wconf 66' lang='lat' dir='ltr'><strong>t&#39;rl</strong></span> 
     </span>
    </p>

    <p class='ocr_par' dir='ltr' id='par_1_7' title="bbox 111 1991 1162 2410">
     <span class='ocr_line' id='line_1_22' title="bbox 111 1991 1161 2074; baseline -0.009 -18"><span class='ocrx_word' id='word_1_167' title='bbox 111 2019 118 2032; x_wconf 88' lang='lat'>·</span> <span class='ocrx_word' id='word_1_168' title='bbox 181 1991 307 2073; x_wconf 75' lang='grc' dir='ltr'><em>θύμημα</em></span> <span class='ocrx_word' id='word_1_169' title='bbox 322 1994 476 2055; x_wconf 89' lang='lat' dir='ltr'><strong>scribendo</strong></span> <span class='ocrx_word' id='word_1_170' title='bbox 493 2013 560 2054; x_wconf 89' lang='lat' dir='ltr'><strong>esse</strong></span> <span class='ocrx_word' id='word_1_171' title='bbox 576 1996 679 2074; x_wconf 89' lang='lat' dir='ltr'><strong>aptius,</strong></span> <span class='ocrx_word' id='word_1_172' title='bbox 696 1995 880 2055; x_wconf 84' lang='lat' dir='ltr'><strong>tradiderunt.</strong></span> <span class='ocrx_word' id='word_1_173' title='bbox 909 1994 977 2054; x_wconf 89' lang='lat' dir='ltr'><strong>lllihi</strong></span> <span class='ocrx_word' id='word_1_174' title='bbox 991 2011 1084 2053; x_wconf 89' lang='lat' dir='ltr'><strong>unum</strong></span> <span class='ocrx_word' id='word_1_175' title='bbox 1098 1998 1161 2063; x_wconf 79' lang='lat' dir='ltr'><strong>atqu</strong></span> 
     </span>
     <span class='ocr_line' id='line_1_23' title="bbox 181 2074 1162 2157; baseline -0.015 -17"><span class='ocrx_word' id='word_1_176' title='bbox 181 2081 256 2140; x_wconf 92' lang='lat' dir='ltr'><strong>idem</strong></span> <span class='ocrx_word' id='word_1_177' title='bbox 271 2080 385 2138; x_wconf 88' lang='lat' dir='ltr'><strong>videtur</strong></span> <span class='ocrx_word' id='word_1_178' title='bbox 400 2078 476 2138; x_wconf 90' lang='lat' dir='ltr'><strong>bene</strong></span> <span class='ocrx_word' id='word_1_179' title='bbox 492 2080 590 2139; x_wconf 88' lang='lat' dir='ltr'><strong>dicere</strong></span> <span class='ocrx_word' id='word_1_180' title='bbox 606 2098 641 2139; x_wconf 91' lang='lat' dir='ltr'><strong>ac</strong></span> <span class='ocrx_word' id='word_1_181' title='bbox 656 2078 732 2139; x_wconf 92' lang='lat' dir='ltr'><strong>bene</strong></span> <span class='ocrx_word' id='word_1_182' title='bbox 748 2079 890 2152; x_wconf 88' lang='lat' dir='ltr'><strong>scribere,</strong></span> <span class='ocrx_word' id='word_1_183' title='bbox 906 2097 1002 2157; x_wconf 90' lang='lat' dir='ltr'><strong>neque</strong></span> <span class='ocrx_word' id='word_1_184' title='bbox 1020 2074 1162 2138; x_wconf 77' lang='lat' dir='ltr'><strong>aliudesse</strong></span> 
     </span>
     <span class='ocr_line' id='line_1_24' title="bbox 183 2158 1159 2241; baseline -0.009 -17"><span class='ocrx_word' id='word_1_185' title='bbox 183 2165 274 2224; x_wconf 91' lang='lat' dir='ltr'><strong>oratio</strong></span> <span class='ocrx_word' id='word_1_186' title='bbox 301 2166 409 2241; x_wconf 90' lang='lat' dir='ltr'><strong>scripta</strong></span> <span class='ocrx_word' id='word_1_187' title='bbox 435 2180 519 2240; x_wconf 90' lang='lat' dir='ltr'><strong>qoam</strong></span> <span class='ocrx_word' id='word_1_188' title='bbox 544 2172 755 2223; x_wconf 90' lang='lat' dir='ltr'><strong>monumentum</strong></span> <span class='ocrx_word' id='word_1_189' title='bbox 778 2165 900 2223; x_wconf 88' lang='lat' dir='ltr'><strong>actionis</strong></span> <span class='ocrx_word' id='word_1_190' title='bbox 920 2163 1050 2222; x_wconf 86' lang='lat' dir='ltr'><strong>habitae.</strong></span> <span class='ocrx_word' id='word_1_191' title='bbox 1083 2158 1159 2231; x_wconf 80' lang='lat' dir='ltr'><strong>ltaque</strong></span> 
     </span>
     <span class='ocr_line' id='line_1_25' title="bbox 183 2237 1159 2324; baseline -0.006 -18"><span class='ocrx_word' id='word_1_192' title='bbox 183 2249 277 2308; x_wconf 88' lang='lat' dir='ltr'><strong>nullas</strong></span> <span class='ocrx_word' id='word_1_193' title='bbox 291 2265 358 2322; x_wconf 85' lang='lat' dir='ltr'><strong>non,</strong></span> <span class='ocrx_word' id='word_1_194' title='bbox 375 2256 405 2306; x_wconf 90' lang='lat' dir='ltr'><strong>ut</strong></span> <span class='ocrx_word' id='word_1_195' title='bbox 420 2248 534 2324; x_wconf 91' lang='lat' dir='ltr'><strong>opinor,</strong></span> <span class='ocrx_word' id='word_1_196' title='bbox 551 2247 640 2306; x_wconf 92' lang='lat' dir='ltr'><strong>debet</strong></span> <span class='ocrx_word' id='word_1_197' title='bbox 655 2246 774 2323; x_wconf 88' lang='lat' dir='ltr'><strong>habere,</strong></span> <span class='ocrx_word' id='word_1_198' title='bbox 789 2250 910 2306; x_wconf 90' lang='lat' dir='ltr'><strong>virtutes</strong></span> <span class='ocrx_word' id='word_1_199' title='bbox 926 2247 1010 2321; x_wconf 91' lang='lat' dir='ltr'><strong>dico,</strong></span> <span class='ocrx_word' id='word_1_200' title='bbox 1031 2262 1090 2304; x_wconf 91' lang='lat' dir='ltr'><strong>non</strong></span> <span class='ocrx_word' id='word_1_201' title='bbox 1103 2237 1159 2298; x_wconf 69' lang='lat' dir='ltr'><strong>vidt-</strong></span> 
     </span>
     <span class='ocr_line' id='line_1_26' title="bbox 183 2321 1157 2410; baseline -0.003 -20"><span class='ocrx_word' id='word_1_202' title='bbox 183 2332 255 2390; x_wconf 89' lang='lat' dir='ltr'><strong>Nam</strong></span> <span class='ocrx_word' id='word_1_203' title='bbox 270 2332 407 2408; x_wconf 89' lang='lat' dir='ltr'><strong>imperitis</strong></span> <span class='ocrx_word' id='word_1_204' title='bbox 420 2331 538 2409; x_wconf 90' lang='lat' dir='ltr'><strong>placere</strong></span> <span class='ocrx_word' id='word_1_205' title='bbox 554 2331 707 2410; x_wconf 90' lang='lat' dir='ltr'><strong>aliquando</strong></span> <span class='ocrx_word' id='word_1_206' title='bbox 722 2350 796 2409; x_wconf 91' lang='lat' dir='ltr'><strong>quae</strong></span> <span class='ocrx_word' id='word_1_207' title='bbox 811 2333 915 2391; x_wconf 87' lang='lat' dir='ltr'><strong>vitiosa</strong></span> <span class='ocrx_word' id='word_1_208' title='bbox 930 2332 995 2404; x_wconf 90' lang='lat' dir='ltr'><strong>sint,</strong></span> <span class='ocrx_word' id='word_1_209' title='bbox 1013 2330 1089 2390; x_wconf 90' lang='lat' dir='ltr'><strong>scio.</strong></span> <span class='ocrx_word' id='word_1_210' title='bbox 1113 2321 1157 2394; x_wconf 76' lang='lat'><strong>0⁰⁰</strong></span> 
     </span>
    </p>

    <p class='ocr_par' dir='ltr' id='par_1_8' title="bbox 143 2407 1178 2498">
     <span class='ocr_line' id='line_1_27' title="bbox 143 2407 1178 2498; baseline -0.004 -23"><span class='ocrx_word' id='word_1_211' title='bbox 143 2416 317 2475; x_wconf 70' lang='lat' dir='ltr'><strong>obdiderent</strong></span> <span class='ocrx_word' id='word_1_212' title='bbox 332 2412 438 2491; x_wconf 77' lang='lat' dir='ltr'><strong>igitur?</strong></span> <span class='ocrx_word' id='word_1_213' title='bbox 475 2414 590 2488; x_wconf 80' lang='lat' dir='ltr'><strong>Quodsi</strong></span> <span class='ocrx_word' id='word_1_214' title='bbox 601 2416 668 2474; x_wconf 89' lang='lat' dir='ltr'><strong>mibi</strong></span> <span class='ocrx_word' id='word_1_215' title='bbox 686 2415 739 2475; x_wconf 90' lang='lat' dir='ltr'><strong>des</strong></span> <span class='ocrx_word' id='word_1_216' title='bbox 761 2416 910 2475; x_wconf 90' lang='lat' dir='ltr'><strong>consilium</strong></span> <span class='ocrx_word' id='word_1_217' title='bbox 924 2415 1052 2474; x_wconf 90' lang='lat' dir='ltr'><strong>iudicum</strong></span> <span class='ocrx_word' id='word_1_218' title='bbox 1069 2407 1156 2498; x_wconf 57' lang='lat' dir='ltr'><strong>sapietr</strong></span> <span class='ocrx_word' id='word_1_219' title='bbox 1177 2427 1178 2462; x_wconf 83' lang='grc' dir='ltr'>ι</span> 
     </span>
    </p>

    <p class='ocr_par' dir='ltr' id='par_1_9' title="bbox 117 2495 1178 2998">
     <span class='ocr_line' id='line_1_28' title="bbox 117 2495 1178 2581; baseline -0.005 -26"><span class='ocrx_word' id='word_1_220' title='bbox 117 2547 120 2555; x_wconf 83' lang='grc'><strong>.</strong></span> <span class='ocrx_word' id='word_1_221' title='bbox 184 2510 258 2572; x_wconf 89' lang='lat' dir='ltr'><strong>tum,</strong></span> <span class='ocrx_word' id='word_1_222' title='bbox 282 2516 419 2577; x_wconf 85' lang='lat' dir='ltr'><strong>perquam</strong></span> <span class='ocrx_word' id='word_1_223' title='bbox 443 2499 530 2560; x_wconf 93' lang='lat' dir='ltr'><strong>multa</strong></span> <span class='ocrx_word' id='word_1_224' title='bbox 550 2500 677 2559; x_wconf 89' lang='lat' dir='ltr'><strong>recidam</strong></span> <span class='ocrx_word' id='word_1_225' title='bbox 701 2519 739 2559; x_wconf 84' lang='lat' dir='ltr'><strong>ex</strong></span> <span class='ocrx_word' id='word_1_226' title='bbox 761 2499 937 2559; x_wconf 86' lang='lat' dir='ltr'><strong>orationibus</strong></span> <span class='ocrx_word' id='word_1_227' title='bbox 955 2516 1013 2557; x_wconf 92' lang='lat' dir='ltr'><strong>non</strong></span> <span class='ocrx_word' id='word_1_228' title='bbox 1031 2495 1155 2581; x_wconf 71' lang='lat' dir='ltr'><strong>Ciceroull</strong></span> <span class='ocrx_word' id='word_1_229' title='bbox 1177 2503 1178 2544; x_wconf 79' lang='grc' dir='ltr'>ι</span> 
     </span>
     <span class='ocr_line' id='line_1_29' title="bbox 185 2578 1178 2662; baseline -0.004 -20"><span class='ocrx_word' id='word_1_230' title='bbox 185 2583 271 2642; x_wconf 95' lang='lat' dir='ltr'><strong>modo</strong></span> <span class='ocrx_word' id='word_1_231' title='bbox 288 2583 340 2641; x_wconf 88' lang='lat' dir='ltr'><strong>sed</strong></span> <span class='ocrx_word' id='word_1_232' title='bbox 357 2584 441 2642; x_wconf 91' lang='lat' dir='ltr'><strong>etiam</strong></span> <span class='ocrx_word' id='word_1_233' title='bbox 458 2585 537 2658; x_wconf 89' lang='lat' dir='ltr'><strong>eius,</strong></span> <span class='ocrx_word' id='word_1_234' title='bbox 563 2586 612 2662; x_wconf 89' lang='lat' dir='ltr'><strong>qui</strong></span> <span class='ocrx_word' id='word_1_235' title='bbox 632 2593 676 2643; x_wconf 88' lang='lat' dir='ltr'><strong>est</strong></span> <span class='ocrx_word' id='word_1_236' title='bbox 690 2585 818 2644; x_wconf 85' lang='lat' dir='ltr'><strong>strictior</strong></span> <span class='ocrx_word' id='word_1_237' title='bbox 836 2583 941 2657; x_wconf 87' lang='lat' dir='ltr'><strong>molto,</strong></span> <span class='ocrx_word' id='word_1_238' title='bbox 964 2578 1155 2641; x_wconf 80' lang='lat' dir='ltr'><strong>bemosruou·</strong></span> <span class='ocrx_word' id='word_1_239' title='bbox 1177 2583 1178 2638; x_wconf 76' lang='lat' dir='ltr'><strong>l</strong></span> 
     </span>
     <span class='ocr_line' id='line_1_30' title="bbox 184 2654 1156 2745; baseline -0.007 -18"><span class='ocrx_word' id='word_1_240' title='bbox 184 2666 288 2745; x_wconf 91' lang='lat' dir='ltr'><strong>Neque</strong></span> <span class='ocrx_word' id='word_1_241' title='bbox 304 2668 379 2726; x_wconf 89' lang='lat' dir='ltr'><strong>enim</strong></span> <span class='ocrx_word' id='word_1_242' title='bbox 394 2667 514 2726; x_wconf 85' lang='lat' dir='ltr'><strong>allectus</strong></span> <span class='ocrx_word' id='word_1_243' title='bbox 532 2670 645 2727; x_wconf 92' lang='lat' dir='ltr'><strong>omnino</strong></span> <span class='ocrx_word' id='word_1_244' title='bbox 661 2668 796 2727; x_wconf 85' lang='lat' dir='ltr'><strong>morendi</strong></span> <span class='ocrx_word' id='word_1_245' title='bbox 812 2676 909 2742; x_wconf 90' lang='lat' dir='ltr'><strong>erunt,</strong></span> <span class='ocrx_word' id='word_1_246' title='bbox 925 2685 981 2727; x_wconf 92' lang='lat' dir='ltr'><strong>nec</strong></span> <span class='ocrx_word' id='word_1_247' title='bbox 995 2682 1083 2724; x_wconf 88' lang='lat' dir='ltr'><strong>aures</strong></span> <span class='ocrx_word' id='word_1_248' title='bbox 1098 2654 1156 2720; x_wconf 51' lang='lat' dir='ltr'><strong>del&amp;</strong></span> 
     </span>
     <span class='ocr_line' id='line_1_31' title="bbox 186 2750 1155 2830; baseline -0.004 -19"><span class='ocrx_word' id='word_1_249' title='bbox 186 2753 310 2812; x_wconf 85' lang='lat' dir='ltr'><strong>ctatione</strong></span> <span class='ocrx_word' id='word_1_250' title='bbox 334 2750 519 2824; x_wconf 70' lang='lat' dir='ltr'><strong>mulcendae,</strong></span> <span class='ocrx_word' id='word_1_251' title='bbox 545 2770 607 2811; x_wconf 92' lang='lat' dir='ltr'><strong>cum</strong></span> <span class='ocrx_word' id='word_1_252' title='bbox 628 2754 713 2811; x_wconf 87' lang='lat' dir='ltr'><strong>etiam</strong></span> <span class='ocrx_word' id='word_1_253' title='bbox 733 2753 883 2830; x_wconf 90' lang='lat' dir='ltr'><strong>prooemia</strong></span> <span class='ocrx_word' id='word_1_254' title='bbox 907 2766 1088 2828; x_wconf 80' lang='lat' dir='ltr'><strong>superuacua</strong></span> <span class='ocrx_word' id='word_1_255' title='bbox 1107 2751 1155 2828; x_wconf 51' lang='lat' dir='ltr'><strong>etsi</strong></span> 
     </span>
     <span class='ocr_line' id='line_1_32' title="bbox 186 2817 1178 2919; baseline -0.01 -23"><span class='ocrx_word' id='word_1_256' title='bbox 186 2837 260 2914; x_wconf 82' lang='lat' dir='ltr'><strong>opud</strong></span> <span class='ocrx_word' id='word_1_257' title='bbox 279 2836 355 2896; x_wconf 87' lang='lat' dir='ltr'><strong>tales</strong></span> <span class='ocrx_word' id='word_1_258' title='bbox 375 2834 551 2895; x_wconf 84' lang='lat' dir='ltr'><strong>Aristoteles</strong></span> <span class='ocrx_word' id='word_1_259' title='bbox 573 2837 732 2902; x_wconf 56' lang='lat' dir='ltr'><strong>existimem</strong></span> <span class='ocrx_word' id='word_1_260' title='bbox 754 2854 811 2895; x_wconf 91' lang='lat' dir='ltr'><strong>non</strong></span> <span class='ocrx_word' id='word_1_261' title='bbox 827 2838 901 2895; x_wconf 91' lang='lat' dir='ltr'><strong>enim</strong></span> <span class='ocrx_word' id='word_1_262' title='bbox 915 2834 1065 2894; x_wconf 84' lang='lat' dir='ltr'><strong>trahentur</strong></span> <span class='ocrx_word' id='word_1_263' title='bbox 1078 2830 1117 2890; x_wconf 89' lang='lat' dir='ltr'><strong>bis</strong></span> <span class='ocrx_word' id='word_1_264' title='bbox 1127 2817 1155 2919; x_wconf 75' lang='lat' dir='ltr'><strong>jll</strong></span> <span class='ocrx_word' id='word_1_265' title='bbox 1177 2869 1178 2914; x_wconf 64' lang='lat' dir='ltr'><strong>q</strong></span> 
     </span>
     <span class='ocr_line' id='line_1_33' title="bbox 186 2914 1178 2998; baseline -0.017 -19"><span class='ocrx_word' id='word_1_266' title='bbox 186 2922 348 2998; x_wconf 88' lang='lat' dir='ltr'><strong>sapientes;</strong></span> <span class='ocrx_word' id='word_1_267' title='bbox 372 2921 491 2998; x_wconf 88' lang='lat' dir='ltr'><strong>proprie</strong></span> <span class='ocrx_word' id='word_1_268' title='bbox 516 2929 544 2979; x_wconf 88' lang='lat' dir='ltr'><strong>et</strong></span> <span class='ocrx_word' id='word_1_269' title='bbox 565 2920 760 2996; x_wconf 82' lang='lat' dir='ltr'><strong>significanter</strong></span> <span class='ocrx_word' id='word_1_270' title='bbox 780 2938 842 2978; x_wconf 90' lang='lat' dir='ltr'><strong>rem</strong></span> <span class='ocrx_word' id='word_1_271' title='bbox 862 2920 1006 2992; x_wconf 91' lang='lat' dir='ltr'><strong>indicare,</strong></span> <span class='ocrx_word' id='word_1_272' title='bbox 1032 2914 1152 2995; x_wconf 83' lang='lat' dir='ltr'><strong>probabo·</strong></span> <span class='ocrx_word' id='word_1_273' title='bbox 1177 2927 1178 2954; x_wconf 82' lang='grc' dir='ltr'>ι</span> 
     </span>
    </p>

    <p class='ocr_par' dir='ltr' id='par_1_10' title="bbox 145 2989 1178 3416">
     <span class='ocr_line' id='line_1_34' title="bbox 145 2989 1154 3080; baseline -0.018 -15"><span class='ocrx_word' id='word_1_274' title='bbox 145 3011 240 3065; x_wconf 82' lang='lat' dir='ltr'><strong>53ncs</strong></span> <span class='ocrx_word' id='word_1_275' title='bbox 256 3004 415 3080; x_wconf 84' lang='lat' dir='ltr'><strong>colligere,</strong></span> <span class='ocrx_word' id='word_1_276' title='bbox 440 3004 509 3063; x_wconf 90' lang='lat' dir='ltr'><strong>satis</strong></span> <span class='ocrx_word' id='word_1_277' title='bbox 528 3014 581 3063; x_wconf 85' lang='lat' dir='ltr'><strong>est.</strong></span> <span class='ocrx_word' id='word_1_278' title='bbox 615 3002 685 3063; x_wconf 87' lang='lat' dir='ltr'><strong>Cum</strong></span> <span class='ocrx_word' id='word_1_279' title='bbox 705 3020 777 3062; x_wconf 90' lang='lat' dir='ltr'><strong>vero</strong></span> <span class='ocrx_word' id='word_1_280' title='bbox 793 3003 881 3063; x_wconf 87' lang='lat' dir='ltr'><strong>iudex</strong></span> <span class='ocrx_word' id='word_1_281' title='bbox 895 3003 978 3063; x_wconf 90' lang='lat' dir='ltr'><strong>detur</strong></span> <span class='ocrx_word' id='word_1_282' title='bbox 993 3010 1041 3060; x_wconf 89' lang='lat' dir='ltr'><strong>aut</strong></span> <span class='ocrx_word' id='word_1_283' title='bbox 1056 2989 1154 3079; x_wconf 68' lang='lat' dir='ltr'><strong>populns</strong></span> 
     </span>
     <span class='ocr_line' id='line_1_35' title="bbox 186 3069 1178 3166; baseline -0.006 -20"><span class='ocrx_word' id='word_1_284' title='bbox 186 3095 235 3146; x_wconf 87' lang='lat' dir='ltr'><strong>aut</strong></span> <span class='ocrx_word' id='word_1_285' title='bbox 256 3106 294 3148; x_wconf 86' lang='lat' dir='ltr'><strong>ex</strong></span> <span class='ocrx_word' id='word_1_286' title='bbox 314 3088 442 3166; x_wconf 91' lang='lat' dir='ltr'><strong>populo,</strong></span> <span class='ocrx_word' id='word_1_287' title='bbox 468 3088 609 3166; x_wconf 87' lang='lat' dir='ltr'><strong>laturique</strong></span> <span class='ocrx_word' id='word_1_288' title='bbox 636 3090 806 3147; x_wconf 86' lang='lat' dir='ltr'><strong>sententiam</strong></span> <span class='ocrx_word' id='word_1_289' title='bbox 829 3088 937 3147; x_wconf 89' lang='lat' dir='ltr'><strong>indocti</strong></span> <span class='ocrx_word' id='word_1_290' title='bbox 960 3086 1075 3161; x_wconf 89' lang='lat' dir='ltr'><strong>saepius</strong></span> <span class='ocrx_word' id='word_1_291' title='bbox 1090 3086 1151 3166; x_wconf 60' lang='lat' dir='ltr'><strong>atqu?</strong></span> <span class='ocrx_word' id='word_1_292' title='bbox 1177 3069 1178 3160; x_wconf 75' lang='lat' dir='ltr'><strong>l</strong></span> 
     </span>
     <span class='ocr_line' id='line_1_36' title="bbox 186 3156 1151 3251; baseline -0.013 -21"><span class='ocrx_word' id='word_1_293' title='bbox 186 3171 298 3230; x_wconf 89' lang='lat' dir='ltr'><strong>interim</strong></span> <span class='ocrx_word' id='word_1_294' title='bbox 313 3172 428 3230; x_wconf 88' lang='lat' dir='ltr'><strong>rustici:</strong></span> <span class='ocrx_word' id='word_1_295' title='bbox 456 3173 566 3247; x_wconf 90' lang='lat' dir='ltr'><strong>omnia,</strong></span> <span class='ocrx_word' id='word_1_296' title='bbox 589 3189 663 3250; x_wconf 91' lang='lat' dir='ltr'><strong>quae</strong></span> <span class='ocrx_word' id='word_1_297' title='bbox 686 3171 721 3231; x_wconf 88' lang='lat' dir='ltr'><strong>ad</strong></span> <span class='ocrx_word' id='word_1_298' title='bbox 742 3171 944 3246; x_wconf 87' lang='lat' dir='ltr'><strong>obtinendum,</strong></span> <span class='ocrx_word' id='word_1_299' title='bbox 967 3169 1045 3248; x_wconf 92' lang='lat' dir='ltr'><strong>quod</strong></span> <span class='ocrx_word' id='word_1_300' title='bbox 1060 3156 1151 3251; x_wconf 63' lang='lat' dir='ltr'><strong>interdu</strong></span> 
     </span>
     <span class='ocr_line' id='line_1_37' title="bbox 187 3240 1178 3333; baseline -0.006 -20"><span class='ocrx_word' id='word_1_301' title='bbox 187 3270 265 3328; x_wconf 84' lang='lat' dir='ltr'><strong>urus,</strong></span> <span class='ocrx_word' id='word_1_302' title='bbox 284 3255 426 3332; x_wconf 90' lang='lat' dir='ltr'><strong>prodesse</strong></span> <span class='ocrx_word' id='word_1_303' title='bbox 442 3256 609 3330; x_wconf 88' lang='lat' dir='ltr'><strong>credemus,</strong></span> <span class='ocrx_word' id='word_1_304' title='bbox 632 3255 793 3315; x_wconf 86' lang='lat' dir='ltr'><strong>adhibenda</strong></span> <span class='ocrx_word' id='word_1_305' title='bbox 808 3264 884 3322; x_wconf 77' lang='lat' dir='ltr'><strong>sunt.</strong></span> <span class='ocrx_word' id='word_1_306' title='bbox 903 3271 997 3333; x_wconf 91' lang='lat' dir='ltr'><strong>eaque</strong></span> <span class='ocrx_word' id='word_1_307' title='bbox 1013 3260 1043 3311; x_wconf 91' lang='lat' dir='ltr'><strong>et</strong></span> <span class='ocrx_word' id='word_1_308' title='bbox 1058 3265 1112 3311; x_wconf 87' lang='lat' dir='ltr'><strong>cnm</strong></span> <span class='ocrx_word' id='word_1_309' title='bbox 1123 3240 1149 3299; x_wconf 71' lang='lat' dir='ltr'><strong>dt</strong></span> <span class='ocrx_word' id='word_1_310' title='bbox 1177 3261 1178 3298; x_wconf 80' lang='grc' dir='ltr'>ι</span> 
     </span>
     <span class='ocr_line' id='line_1_38' title="bbox 188 3323 1148 3416; baseline -0.006 -18"><span class='ocrx_word' id='word_1_311' title='bbox 188 3339 278 3398; x_wconf 88' lang='lat' dir='ltr'><strong>cimus</strong></span> <span class='ocrx_word' id='word_1_312' title='bbox 293 3338 451 3416; x_wconf 89' lang='lat' dir='ltr'><strong>promenda</strong></span> <span class='ocrx_word' id='word_1_313' title='bbox 467 3349 497 3399; x_wconf 86' lang='lat' dir='ltr'><strong>ct</strong></span> <span class='ocrx_word' id='word_1_314' title='bbox 512 3357 575 3399; x_wconf 91' lang='lat' dir='ltr'><strong>cum</strong></span> <span class='ocrx_word' id='word_1_315' title='bbox 590 3338 740 3399; x_wconf 87' lang='lat' dir='ltr'><strong>scribimus</strong></span> <span class='ocrx_word' id='word_1_316' title='bbox 757 3338 934 3399; x_wconf 86' lang='lat' dir='ltr'><strong>ostendenda</strong></span> <span class='ocrx_word' id='word_1_317' title='bbox 947 3345 1027 3412; x_wconf 91' lang='lat' dir='ltr'><strong>sunt,</strong></span> <span class='ocrx_word' id='word_1_318' title='bbox 1051 3337 1073 3395; x_wconf 93' lang='lat' dir='ltr'><strong>si</strong></span> <span class='ocrx_word' id='word_1_319' title='bbox 1088 3323 1148 3391; x_wconf 75' lang='lat' dir='ltr'><strong>moll</strong></span> 
     </span>
    </p>

    <p class='ocr_par' dir='ltr' id='par_1_11' title="bbox 146 3406 1178 3502">
     <span class='ocr_line' id='line_1_39' title="bbox 146 3406 1178 3502; baseline -0.006 -18"><span class='ocrx_word' id='word_1_320' title='bbox 146 3422 254 3484; x_wconf 72' lang='lat' dir='ltr'><strong>odideo</strong></span> <span class='ocrx_word' id='word_1_321' title='bbox 275 3421 442 3498; x_wconf 88' lang='lat' dir='ltr'><strong>scribimus,</strong></span> <span class='ocrx_word' id='word_1_322' title='bbox 468 3432 498 3482; x_wconf 90' lang='lat' dir='ltr'><strong>ut</strong></span> <span class='ocrx_word' id='word_1_323' title='bbox 526 3423 683 3484; x_wconf 87' lang='lat' dir='ltr'><strong>doceamus</strong></span> <span class='ocrx_word' id='word_1_324' title='bbox 709 3423 852 3502; x_wconf 93' lang='lat' dir='ltr'><strong>quomodo</strong></span> <span class='ocrx_word' id='word_1_325' title='bbox 875 3423 931 3483; x_wconf 94' lang='lat' dir='ltr'><strong>dici</strong></span> <span class='ocrx_word' id='word_1_326' title='bbox 956 3428 1093 3500; x_wconf 89' lang='lat' dir='ltr'><strong>oporteat.</strong></span> <span class='ocrx_word' id='word_1_327' title='bbox 1117 3406 1148 3468; x_wconf 71' lang='lat' dir='ltr'><strong>l&#39;</strong></span> <span class='ocrx_word' id='word_1_328' title='bbox 1177 3449 1178 3498; x_wconf 63' lang='lat' dir='ltr'><strong>q</strong></span> 
     </span>
    </p>
   </div>
   <div class='ocr_carea' id='block_1_3' title="bbox 0 0 1239 3925">
    <p class='ocr_par' dir='ltr' id='par_1_12' title="bbox 0 0 1239 3925">
     <span class='ocr_line' id='line_1_40' title="bbox 0 0 1239 3925; baseline 0 0"><span class='ocrx_word' id='word_1_329' title='bbox 0 0 1239 3925; x_wconf 95' lang='lat' dir='ltr'><strong> </strong></span> 
     </span>
    </p>
   </div>
  </div>
 </body>
</html>
