2434 3925
178 176 236 239 ttts
494 188 856 249 nonsummum

173 350 251 420 tare,
275 360 332 421 quo
350 343 415 403 solo
431 361 541 420 genere
559 344 775 404 exercitationis
790 343 893 403 dicitur
906 362 975 403 usus
992 360 1073 404 esse
1093 345 1175 425 Sutp

174 431 246 488 cius.
274 426 346 486 Nam
363 436 392 486 et
407 427 534 487 sublimis
550 429 667 506 spiritus
683 426 819 486 attollere
833 429 995 487 orationem
1013 438 1181 507 potest,ct

172 510 262 572 verba
276 513 392 590 poetica
407 510 542 571 libertate
557 511 713 571 audaciora
724 527 781 570 uon
794 521 979 589 praesumunt
991 512 1111 572 eadem
1124 530 1177 591 pro

173 597 237 675 prie
252 589 365 656 dicendi
383 592 559 655 facultatem.
588 595 648 655 Sed
664 604 693 654 et
707 596 779 673 ipsis
790 597 940 656 sententiis
955 596 1101 656 adiicere
1118 597 1175 657 licet

173 681 328 739 oratorium
353 677 443 738 robur
468 687 498 738 et
523 681 631 738 omissa
657 678 813 756 supplere,
842 679 934 739 elissa
959 674 1173 759 substfflgerc

143 763 273 843 5Neque
302 781 359 840 ego
379 761 577 842 paraphrasim
597 780 665 822 esse
689 763 958 840 interpretationem
976 772 1100 824 tautum
1115 766 1173 824 volu

171 847 224 908 sed
235 848 313 908 circa
328 847 447 908 eosdem
458 864 561 906 seusus
575 855 722 906 certamen
734 855 821 924 atque
833 848 1074 907 aemulationem.
1099 848 1173 909 Ideo

171 949 228 1010 que
244 930 279 991 ab
295 930 354 991 illis
371 930 525 1006 dissentio,
548 932 596 1009 qui
617 939 734 990 vertere
759 930 907 990 orationes
924 929 1042 991 Latinas
1067 942 1172 992 vetars

171 1016 237 1094 quia
258 1016 373 1093 optimis
397 1016 564 1093 occupatis,
588 1014 725 1093 quidquid
745 1014 831 1074 aliter
853 1014 1028 1089 dixerimus,
1046 1033 1172 1075 necessa

169 1101 207 1159 sit
222 1117 289 1166 esse
304 1098 441 1159 deterius.
473 1097 546 1158 Nam
560 1116 656 1176 neque
677 1115 793 1176 semper
808 1107 854 1158 est
868 1098 1106 1176 desperandum,
1132 1101 1170 1159 ali
1203 1161 1204 1164 ,

171 1182 239 1262 quid
255 1183 324 1258 illis,
340 1200 414 1262 quae
429 1183 505 1243 dicta
523 1192 598 1258 sunt,
609 1182 712 1242 melius
727 1199 816 1261 posse
831 1184 966 1260 reperiri;
984 1201 1090 1261 neque
1105 1185 1170 1244 adeo

170 1268 292 1326 ieiunam
305 1284 339 1326 ac
354 1285 513 1346 pauperem
525 1276 625 1327 natura
640 1266 833 1345 eloquentiam
856 1267 942 1341 iecit,
966 1275 997 1325 ut
1012 1285 1074 1327 una
1092 1268 1133 1327 de
1147 1286 1170 1326 re

143 1350 246 1413 thane
261 1350 318 1410 dici
332 1352 387 1410 nisi
407 1350 497 1410 semel
515 1368 573 1410 nou
589 1352 691 1429 possit.
734 1349 795 1410 Nisi
809 1350 886 1410 lorte
898 1350 1074 1410 histrionum
1087 1353 1169 1411 multa

171 1436 248 1494 circa
263 1451 355 1494 voces
371 1434 487 1494 easdem
502 1437 615 1494 variare
629 1443 730 1511 gestus
752 1442 866 1512 potest,
891 1433 990 1494 orandi
1006 1436 1107 1495 minor
1120 1437 1168 1497 ris.

171 1526 202 1577 ut
216 1518 327 1579 dicatur
343 1518 466 1598 aliquid,
484 1529 552 1597 post
568 1519 645 1597 quod
666 1521 695 1577 in
713 1518 814 1578 eadem
837 1521 956 1578 materia
977 1517 1048 1577 nihil
1073 1519 1167 1579 dicen

170 1600 235 1661 dum
250 1603 296 1661 sit.
329 1602 388 1663 Sed
403 1611 478 1679 esto,
496 1622 592 1681 neque
606 1602 710 1662 melius
726 1602 803 1680 quod
816 1604 973 1661 invenimus
991 1620 1063 1662 esse
1077 1621 1167 1682 neque
1204 1622 1205 1631 ¹

141 1694 158 1749 l
171 1703 237 1764 par:
254 1695 298 1746 est
314 1696 395 1746 certe
411 1688 549 1765 proximis
564 1688 657 1747 locus.
697 1686 743 1745 An
758 1703 829 1745 vero
846 1688 903 1765 ipsi
916 1703 974 1745 non
988 1686 1034 1745 bis
1049 1705 1091 1747 ac
1110 1707 1167 1747 sae

170 1772 235 1849 pius
252 1771 288 1831 de
305 1772 406 1831 eadem
423 1790 456 1830 re
473 1769 593 1830 dicimus
615 1779 645 1830 et
666 1770 780 1848 quidem
803 1772 951 1830 continuas
968 1787 1166 1850 nonnunquam

169 1851 350 1914 sententias?
381 1853 444 1913 Nisi
458 1854 534 1915 forte
551 1855 728 1915 contendere
746 1853 896 1914 nobiscum
912 1871 1088 1933 possumus,
1111 1873 1165 1915 cun

169 1938 233 1999 aliis
248 1956 305 1999 non
320 1956 482 2019 possumus·
519 1937 591 2000 Nam
606 1940 632 1999 si
652 1955 709 1998 uno
725 1955 836 2015 genere
853 1937 928 1999 hene
946 1939 1112 2000 diceretur:
1128 1939 1164 1999 las

169 2033 231 2084 erat
248 2026 405 2084 existimari
420 2024 602 2102 praeclusam
617 2022 700 2082 uobis
710 2041 731 2102 a
748 2022 891 2102 prioribus
901 2025 991 2091 viam;
1007 2042 1087 2083 nunc
1101 2040 1162 2083 vero

168 2107 388 2168 innumerabiles
414 2117 479 2167 suut
503 2108 579 2168 modi
606 2108 804 2186 plurimaeque
830 2108 933 2166 eodem
960 2109 1027 2166 viae
1052 2107 1161 2168 ducunt

141 2192 227 2251 &Sua
241 2190 374 2252 brevitati
390 2194 483 2269 gratia
500 2210 551 2251 sua
567 2193 681 2270 copiae,
700 2191 756 2251 alia
767 2191 912 2251 translatis
923 2193 1014 2250 virtus
1032 2190 1091 2251 alia
1106 2208 1162 2270 pro

169 2274 249 2353 pris,
262 2275 319 2335 hoc
335 2278 426 2337 oratio
442 2286 523 2336 recta
535 2275 605 2336 illud
618 2276 711 2352 ligura
727 2273 870 2335 declinata
883 2275 1073 2335 commendat.
1106 2275 1164 2353 lpst

168 2357 292 2437 denique
312 2360 461 2420 utilissima
483 2368 528 2420 est
550 2361 750 2420 exercitationi
775 2358 939 2418 difficultas.
976 2358 1069 2434 Quid,
1095 2357 1164 2437 quod

168 2451 303 2502 auctores
325 2444 438 2503 maximi
465 2445 509 2503 sic
538 2443 703 2521 diligentius
731 2444 966 2519 cognoscuntur?
1005 2441 1073 2501 Nou
1098 2444 1164 2502 enin

168 2527 276 2605 scripta
301 2527 428 2589 lectione
449 2544 552 2587 secura
575 2528 795 2588 transcurrimus
816 2526 868 2586 sed
885 2535 1040 2586 tractamus
1055 2526 1163 2604 singula

169 2619 198 2670 et
214 2611 383 2670 necessario
401 2613 613 2689 introspicimus
630 2620 669 2687 et,
687 2618 821 2689 quantum
835 2611 948 2669 virtutis
967 2609 1105 2687 habeant,
1123 2608 1163 2669 vel

167 2694 224 2754 hoo
240 2696 305 2773 ipso
321 2697 535 2772 cognoscimus,
552 2695 630 2774 quod
644 2696 746 2755 imitari
760 2711 818 2753 uon
833 2711 996 2772 possumus.

139 2786 166 2857 9⁴
251 2778 315 2839 Nec
330 2780 423 2840 aliena
445 2787 550 2839 tantum
564 2780 722 2840 transferre
743 2779 795 2838 sed
818 2780 903 2838 etiarn
925 2786 1022 2838 nostra
1039 2776 1163 2855 pluribus

168 2864 259 2924 modis
275 2873 400 2924 tractare
416 2863 560 2942 proderit:
581 2873 612 2923 ut
637 2882 675 2923 ex
694 2861 832 2922 industria
853 2880 994 2921 sumamus
1010 2863 1161 2921 sententias

169 2946 304 3023 quasdam
325 2965 434 3026 easque
448 2965 598 3007 versemus
615 2966 698 3025 quarn
713 2948 957 3021 numerosissime,
973 2944 1054 3004 velut
1069 2945 1161 3005 eaden

127 3037 162 3088 10
170 3047 237 3088 cera
253 3030 324 3091 alias
340 3032 469 3110 aliasque
484 3031 591 3091 formas
606 3031 672 3091 duci
686 3031 772 3091 solet.
800 3030 952 3090 Plurimum
967 3038 1063 3088 autem
1074 3028 1161 3107 parari

169 3111 312 3174 facultatis
328 3118 459 3176 existimo
473 3134 511 3175 ex
525 3115 737 3193 simplicissima
752 3131 865 3193 quaque
877 3115 1005 3173 matoria.
1032 3111 1106 3172 Nam
1121 3111 1159 3171 illa

168 3195 319 3275 multiplici
333 3217 531 3277 personarum,
548 3217 709 3274 causarum,
727 3208 901 3277 temporum,
917 3198 1060 3273 locorum,
1079 3196 1157 3256 dicto·

169 3296 250 3354 rum,
269 3280 409 3342 factorum
424 3282 591 3344 diversitate
606 3282 694 3342 facile
715 3282 870 3342 delitescet
893 3282 1056 3356 infirmitas,
1074 3289 1117 3340 tot
1133 3297 1157 3338 se

169 3363 293 3442 undique
308 3365 410 3442 rebus,
427 3367 582 3446 exquibus
598 3368 722 3443 aliquam
738 3365 950 3445 apprehendas,
968 3364 1159 3424 offerentibus.

129 3446 241 3508 lllllud
255 3449 366 3521 virtutis
383 3449 516 3511 indicium
527 3460 583 3529 est,
599 3451 721 3514 fundere
736 3468 811 3529 quae
821 3460 921 3511 natura
933 3456 1081 3509 contracta
1092 3455 1160 3522 sunt,
