<?xml version="1.0" encoding="UTF-8"?>
<!DOCTYPE html PUBLIC "-//W3C//DTD XHTML 1.0 Transitional//EN"
    "http://www.w3.org/TR/xhtml1/DTD/xhtml1-transitional.dtd">
<html xmlns="http://www.w3.org/1999/xhtml" xml:lang="en" lang="en">
 <head>
  <title>
</title>
<meta http-equiv="Content-Type" content="text/html;charset=utf-8" />
  <meta name='ocr-system' content='tesseract 3.04.00' />
  <meta name='ocr-capabilities' content='ocr_page ocr_carea ocr_par ocr_line ocrx_word'/>
</head>
<body>
  <div class='ocr_page' id='page_1' title='image "./mfabiiquintilia08bonngoog_0255.png"; bbox 0 0 2434 3925; ppageno 0'>
   <div class='ocr_carea' id='block_1_1' title="bbox 350 184 1058 270">
    <p class='ocr_par' dir='ltr' id='par_1_1' title="bbox 350 184 1058 270">
     <span class='ocr_line' id='line_1_1' title="bbox 350 184 1058 270; baseline 0.01 -22"><span class='ocrx_word' id='word_1_1' title='bbox 350 184 782 270; x_wconf 69' lang='lat' dir='ltr'>msu.onsnoe.nnn.1i,2.</span> <span class='ocrx_word' id='word_1_2' title='bbox 999 193 1058 255; x_wconf 80' lang='lat'>173</span> 
     </span>
    </p>
   </div>
   <div class='ocr_carea' id='block_1_2' title="bbox 1 338 1163 3544">
    <p class='ocr_par' dir='ltr' id='par_1_2' title="bbox 1 338 1102 1019">
     <span class='ocr_line' id='line_1_2' title="bbox 153 338 1102 438; baseline 0.011 -24"><span class='ocrx_word' id='word_1_3' title='bbox 153 351 207 417; x_wconf 82' lang='lat' dir='ltr'>lile</span> <span class='ocrx_word' id='word_1_4' title='bbox 222 371 338 434; x_wconf 87' lang='lat' dir='ltr'>quoque</span> <span class='ocrx_word' id='word_1_5' title='bbox 359 364 390 414; x_wconf 88' lang='lat' dir='ltr'>ut</span> <span class='ocrx_word' id='word_1_6' title='bbox 409 357 563 416; x_wconf 79' lang='lat' dir='ltr'>narrationi</span> <span class='ocrx_word' id='word_1_7' title='bbox 580 365 647 433; x_wconf 87' lang='lat' dir='ltr'>apta</span> <span class='ocrx_word' id='word_1_8' title='bbox 668 357 706 416; x_wconf 88' lang='lat' dir='ltr'>ita</span> <span class='ocrx_word' id='word_1_9' title='bbox 723 374 786 431; x_wconf 88' lang='lat' dir='ltr'>cum</span> <span class='ocrx_word' id='word_1_10' title='bbox 808 359 914 419; x_wconf 88' lang='lat' dir='ltr'>ceteris</span> <span class='ocrx_word' id='word_1_11' title='bbox 931 338 1102 438; x_wconf 76' lang='lat' dir='ltr'>potibus&#39;oa</span> 
     </span>
     <span class='ocr_line' id='line_1_3' title="bbox 65 439 1060 522; baseline 0.007 -25"><span class='ocrx_word' id='word_1_12' title='bbox 65 441 227 498; x_wconf 88' lang='lat' dir='ltr'>communis</span> <span class='ocrx_word' id='word_1_13' title='bbox 255 448 300 498; x_wconf 89' lang='lat' dir='ltr'>est</span> <span class='ocrx_word' id='word_1_14' title='bbox 324 440 431 515; x_wconf 85' lang='lat' dir='ltr'>virtus,</span> <span class='ocrx_word' id='word_1_15' title='bbox 465 457 549 516; x_wconf 90' lang='lat' dir='ltr'>quam</span> <span class='ocrx_word' id='word_1_16' title='bbox 573 439 757 503; x_wconf 81' lang='lat' dir='ltr'><strong>Theodectes</strong></span> <span class='ocrx_word' id='word_1_17' title='bbox 783 440 849 502; x_wconf 88' lang='lat' dir='ltr'>huic</span> <span class='ocrx_word' id='word_1_18' title='bbox 869 445 916 504; x_wconf 91' lang='lat' dir='ltr'>uni</span> <span class='ocrx_word' id='word_1_19' title='bbox 940 447 1060 522; x_wconf 83' lang='lat' dir='ltr'>proprie</span> 
     </span>
     <span class='ocr_line' id='line_1_4' title="bbox 66 522 1060 599; baseline 0.006 -16"><span class='ocrx_word' id='word_1_20' title='bbox 66 522 163 590; x_wconf 87' lang='lat' dir='ltr'>dedit;</span> <span class='ocrx_word' id='word_1_21' title='bbox 192 539 249 582; x_wconf 91' lang='lat' dir='ltr'>non</span> <span class='ocrx_word' id='word_1_22' title='bbox 272 523 346 583; x_wconf 89' lang='lat' dir='ltr'>euim</span> <span class='ocrx_word' id='word_1_23' title='bbox 368 524 546 599; x_wconf 77' lang='lat' dir='ltr'>magnidicam</span> <span class='ocrx_word' id='word_1_24' title='bbox 567 524 654 583; x_wconf 89' lang='lat' dir='ltr'>modo</span> <span class='ocrx_word' id='word_1_25' title='bbox 677 523 738 583; x_wconf 84' lang='lat' dir='ltr'>vult</span> <span class='ocrx_word' id='word_1_26' title='bbox 760 534 827 584; x_wconf 84' lang='lat' dir='ltr'>esse</span> <span class='ocrx_word' id='word_1_27' title='bbox 851 546 950 587; x_wconf 86' lang='lat' dir='ltr'>verum</span> <span class='ocrx_word' id='word_1_28' title='bbox 975 530 1060 590; x_wconf 87' lang='lat' dir='ltr'>etiam</span> 
     </span>
     <span class='ocr_line' id='line_1_5' title="bbox 66 606 1092 686; baseline 0.005 -20"><span class='ocrx_word' id='word_1_29' title='bbox 66 606 220 666; x_wconf 87' lang='lat' dir='ltr'>iucundam</span> <span class='ocrx_word' id='word_1_30' title='bbox 241 608 461 684; x_wconf 79' lang='lat' dir='ltr'>expositionem.</span> <span class='ocrx_word' id='word_1_31' title='bbox 495 608 567 667; x_wconf 90' lang='lat' dir='ltr'>Sunt</span> <span class='ocrx_word' id='word_1_32' title='bbox 589 609 638 685; x_wconf 89' lang='lat' dir='ltr'>qui</span> <span class='ocrx_word' id='word_1_33' title='bbox 659 608 791 667; x_wconf 82' lang='lat' dir='ltr'>adiiciant</span> <span class='ocrx_word' id='word_1_34' title='bbox 811 610 856 669; x_wconf 90' lang='lat' dir='ltr'>bis</span> <span class='ocrx_word' id='word_1_35' title='bbox 878 612 1058 686; x_wconf 86' lang='lat' dir='ltr'>evidentiam,</span> <span class='ocrx_word' id='word_1_36' title='bbox 1090 664 1092 671; x_wconf 81' lang='grc'>,</span> 
     </span>
     <span class='ocr_line' id='line_1_6' title="bbox 66 683 1102 772; baseline 0.004 -21"><span class='ocrx_word' id='word_1_37' title='bbox 66 706 144 767; x_wconf 86' lang='lat' dir='ltr'>quae</span> <span class='ocrx_word' id='word_1_38' title='bbox 161 683 295 769; x_wconf 76' lang='grc' dir='ltr'>ἐνάργεια</span> <span class='ocrx_word' id='word_1_39' title='bbox 312 688 424 750; x_wconf 87' lang='lat' dir='ltr'>Graece</span> <span class='ocrx_word' id='word_1_40' title='bbox 439 699 568 750; x_wconf 84' lang='lat' dir='ltr'>vocatur.</span> <span class='ocrx_word' id='word_1_41' title='bbox 597 689 700 769; x_wconf 81' lang='lat' dir='ltr'>Neque</span> <span class='ocrx_word' id='word_1_42' title='bbox 717 709 773 768; x_wconf 82' lang='lat' dir='ltr'>ego</span> <span class='ocrx_word' id='word_1_43' title='bbox 788 710 957 772; x_wconf 84' lang='lat' dir='ltr'>quemquem</span> <span class='ocrx_word' id='word_1_44' title='bbox 973 696 1102 761; x_wconf 77' lang='lat' dir='ltr'>dece-64</span> 
     </span>
     <span class='ocr_line' id='line_1_7' title="bbox 63 773 1059 857; baseline 0.008 -27"><span class='ocrx_word' id='word_1_45' title='bbox 63 775 178 851; x_wconf 89' lang='lat' dir='ltr'>perim,</span> <span class='ocrx_word' id='word_1_46' title='bbox 203 782 233 832; x_wconf 91' lang='lat' dir='ltr'>ut</span> <span class='ocrx_word' id='word_1_47' title='bbox 253 773 446 849; x_wconf 84' lang='lat' dir='ltr'>dissimulem,</span> <span class='ocrx_word' id='word_1_48' title='bbox 466 776 598 835; x_wconf 87' lang='lat' dir='ltr'>Ciceroni</span> <span class='ocrx_word' id='word_1_49' title='bbox 621 792 736 852; x_wconf 90' lang='lat' dir='ltr'>quoque</span> <span class='ocrx_word' id='word_1_50' title='bbox 756 777 855 853; x_wconf 90' lang='lat' dir='ltr'>plures</span> <span class='ocrx_word' id='word_1_51' title='bbox 877 788 975 855; x_wconf 89' lang='lat' dir='ltr'>partes</span> <span class='ocrx_word' id='word_1_52' title='bbox 998 780 1059 857; x_wconf 91' lang='lat' dir='ltr'>pla·</span> 
     </span>
     <span class='ocr_line' id='line_1_8' title="bbox 63 855 1059 936; baseline 0.006 -21"><span class='ocrx_word' id='word_1_53' title='bbox 63 874 149 915; x_wconf 88' lang='lat' dir='ltr'>cere.</span> <span class='ocrx_word' id='word_1_54' title='bbox 184 855 270 928; x_wconf 82' lang='lat' dir='ltr'>Nom,</span> <span class='ocrx_word' id='word_1_55' title='bbox 295 866 497 935; x_wconf 77' lang='lat' dir='ltr'>praeterquam</span> <span class='ocrx_word' id='word_1_56' title='bbox 518 858 632 936; x_wconf 90' lang='lat' dir='ltr'>planam</span> <span class='ocrx_word' id='word_1_57' title='bbox 653 868 683 918; x_wconf 93' lang='lat' dir='ltr'>et</span> <span class='ocrx_word' id='word_1_58' title='bbox 698 859 817 919; x_wconf 87' lang='lat' dir='ltr'>brevem</span> <span class='ocrx_word' id='word_1_59' title='bbox 840 870 870 921; x_wconf 90' lang='lat' dir='ltr'>et</span> <span class='ocrx_word' id='word_1_60' title='bbox 891 862 1059 921; x_wconf 84' lang='lat' dir='ltr'>credibilem</span> 
     </span>
     <span class='ocr_line' id='line_1_9' title="bbox 1 940 1057 1019; baseline 0.008 -21"><span class='ocrx_word' id='word_1_61' title='bbox 1 1008 2 1013; x_wconf 8' lang='grc' dir='ltr'>η</span> <span class='ocrx_word' id='word_1_62' title='bbox 61 940 129 999; x_wconf 90' lang='lat' dir='ltr'>vult</span> <span class='ocrx_word' id='word_1_63' title='bbox 146 958 213 999; x_wconf 88' lang='lat' dir='ltr'>esse</span> <span class='ocrx_word' id='word_1_64' title='bbox 229 940 408 1016; x_wconf 85' lang='lat' dir='ltr'>evidentem,</span> <span class='ocrx_word' id='word_1_65' title='bbox 429 950 583 1018; x_wconf 86' lang='lat' dir='ltr'>moratam,</span> <span class='ocrx_word' id='word_1_66' title='bbox 605 961 669 1002; x_wconf 90' lang='lat' dir='ltr'>cum</span> <span class='ocrx_word' id='word_1_67' title='bbox 689 942 835 1019; x_wconf 80' lang='lat' dir='ltr'>dignitate.</span> <span class='ocrx_word' id='word_1_68' title='bbox 870 945 929 1005; x_wconf 89' lang='lat' dir='ltr'>Sed</span> <span class='ocrx_word' id='word_1_69' title='bbox 946 947 975 1004; x_wconf 89' lang='lat' dir='ltr'>in</span> <span class='ocrx_word' id='word_1_70' title='bbox 995 962 1057 1006; x_wconf 84' lang='lat' dir='ltr'>ora·</span> 
     </span>
    </p>

    <p class='ocr_par' dir='ltr' id='par_1_3' title="bbox 1 1024 1057 1107">
     <span class='ocr_line' id='line_1_10' title="bbox 1 1024 1057 1107; baseline 0.007 -26"><span class='ocrx_word' id='word_1_71' title='bbox 1 1072 2 1081; x_wconf 69' lang='grc'>,</span> <span class='ocrx_word' id='word_1_72' title='bbox 61 1024 147 1083; x_wconf 92' lang='lat' dir='ltr'>tione</span> <span class='ocrx_word' id='word_1_73' title='bbox 161 1034 270 1083; x_wconf 86' lang='lat' dir='ltr'>morata</span> <span class='ocrx_word' id='word_1_74' title='bbox 292 1024 398 1085; x_wconf 89' lang='lat' dir='ltr'>debent</span> <span class='ocrx_word' id='word_1_75' title='bbox 420 1043 486 1084; x_wconf 91' lang='lat' dir='ltr'>esse</span> <span class='ocrx_word' id='word_1_76' title='bbox 508 1028 601 1086; x_wconf 90' lang='lat' dir='ltr'>omnia</span> <span class='ocrx_word' id='word_1_77' title='bbox 622 1044 685 1096; x_wconf 88' lang='lat' dir='ltr'>cum</span> <span class='ocrx_word' id='word_1_78' title='bbox 703 1027 855 1103; x_wconf 78' lang='lat' dir='ltr'>dignitate,</span> <span class='ocrx_word' id='word_1_79' title='bbox 879 1045 954 1105; x_wconf 91' lang='lat' dir='ltr'>quae</span> <span class='ocrx_word' id='word_1_80' title='bbox 975 1038 1057 1107; x_wconf 91' lang='lat' dir='ltr'>pote·</span> 
     </span>
    </p>

    <p class='ocr_par' dir='ltr' id='par_1_4' title="bbox 1 1098 1058 1270">
     <span class='ocr_line' id='line_1_11' title="bbox 1 1098 1058 1188; baseline 0.006 -23"><span class='ocrx_word' id='word_1_81' title='bbox 1 1098 2 1131; x_wconf 56' lang='lat'><em>&#39;</em></span> <span class='ocrx_word' id='word_1_82' title='bbox 61 1117 141 1166; x_wconf 85' lang='lat' dir='ltr'>runt.</span> <span class='ocrx_word' id='word_1_83' title='bbox 178 1107 331 1168; x_wconf 84' lang='lat' dir='ltr'>Evidentia</span> <span class='ocrx_word' id='word_1_84' title='bbox 356 1110 585 1184; x_wconf 82' lang='lat' dir='ltr'>incarnatione,</span> <span class='ocrx_word' id='word_1_85' title='bbox 607 1118 740 1187; x_wconf 88' lang='lat' dir='ltr'>quantum</span> <span class='ocrx_word' id='word_1_86' title='bbox 762 1128 818 1187; x_wconf 81' lang='lat' dir='ltr'>ego</span> <span class='ocrx_word' id='word_1_87' title='bbox 839 1112 989 1188; x_wconf 82' lang='lat' dir='ltr'>intelligo,</span> <span class='ocrx_word' id='word_1_88' title='bbox 1013 1121 1058 1171; x_wconf 90' lang='lat' dir='ltr'>est</span> 
     </span>
     <span class='ocr_line' id='line_1_12' title="bbox 64 1191 1057 1270; baseline 0.006 -20"><span class='ocrx_word' id='word_1_89' title='bbox 64 1191 183 1269; x_wconf 90' lang='lat' dir='ltr'>quidem</span> <span class='ocrx_word' id='word_1_90' title='bbox 207 1208 310 1269; x_wconf 81' lang='lat' dir='ltr'>meque</span> <span class='ocrx_word' id='word_1_91' title='bbox 331 1194 439 1268; x_wconf 77' lang='lat' dir='ltr'>uirtus,</span> <span class='ocrx_word' id='word_1_92' title='bbox 462 1211 542 1267; x_wconf 88' lang='lat' dir='ltr'>cum,</span> <span class='ocrx_word' id='word_1_93' title='bbox 565 1193 632 1270; x_wconf 91' lang='lat' dir='ltr'>quid</span> <span class='ocrx_word' id='word_1_94' title='bbox 653 1197 731 1269; x_wconf 84' lang='lat' dir='ltr'>veri,</span> <span class='ocrx_word' id='word_1_95' title='bbox 754 1212 811 1253; x_wconf 89' lang='lat' dir='ltr'>noo</span> <span class='ocrx_word' id='word_1_96' title='bbox 831 1195 982 1255; x_wconf 90' lang='lat' dir='ltr'>dicendum</span> <span class='ocrx_word' id='word_1_97' title='bbox 1004 1196 1057 1255; x_wconf 95' lang='lat' dir='ltr'>sed</span> 
     </span>
    </p>

    <p class='ocr_par' dir='ltr' id='par_1_5' title="bbox 1 1275 1056 1522">
     <span class='ocr_line' id='line_1_13' title="bbox 1 1275 1056 1357; baseline 0.003 -23"><span class='ocrx_word' id='word_1_98' title='bbox 1 1292 2 1295; x_wconf 71' lang='grc'>’</span> <span class='ocrx_word' id='word_1_99' title='bbox 64 1275 275 1351; x_wconf 89' lang='lat' dir='ltr'>quodammodo</span> <span class='ocrx_word' id='word_1_100' title='bbox 292 1277 376 1337; x_wconf 92' lang='lat' dir='ltr'>etiam</span> <span class='ocrx_word' id='word_1_101' title='bbox 397 1277 604 1338; x_wconf 91' lang='lat' dir='ltr'>ostendendum</span> <span class='ocrx_word' id='word_1_102' title='bbox 627 1286 685 1344; x_wconf 89' lang='lat' dir='ltr'>est;</span> <span class='ocrx_word' id='word_1_103' title='bbox 708 1277 760 1337; x_wconf 91' lang='lat' dir='ltr'>sed</span> <span class='ocrx_word' id='word_1_104' title='bbox 775 1278 877 1339; x_wconf 86' lang='lat' dir='ltr'>subiici</span> <span class='ocrx_word' id='word_1_105' title='bbox 898 1280 1056 1357; x_wconf 88' lang='lat' dir='ltr'>perspicui·</span> 
     </span>
     <span class='ocr_line' id='line_1_14' title="bbox 63 1360 1056 1440; baseline 0.005 -23"><span class='ocrx_word' id='word_1_106' title='bbox 63 1360 116 1417; x_wconf 83' lang='lat' dir='ltr'>teti</span> <span class='ocrx_word' id='word_1_107' title='bbox 137 1368 251 1436; x_wconf 89' lang='lat' dir='ltr'>potest,</span> <span class='ocrx_word' id='word_1_108' title='bbox 273 1376 357 1436; x_wconf 82' lang='lat' dir='ltr'>quom</span> <span class='ocrx_word' id='word_1_109' title='bbox 373 1361 486 1438; x_wconf 92' lang='lat' dir='ltr'>quidam</span> <span class='ocrx_word' id='word_1_110' title='bbox 505 1362 590 1421; x_wconf 86' lang='lat' dir='ltr'>etiam</span> <span class='ocrx_word' id='word_1_111' title='bbox 613 1363 784 1421; x_wconf 83' lang='lat' dir='ltr'>contrariam</span> <span class='ocrx_word' id='word_1_112' title='bbox 805 1363 917 1422; x_wconf 90' lang='lat' dir='ltr'>interim</span> <span class='ocrx_word' id='word_1_113' title='bbox 937 1372 1056 1440; x_wconf 79' lang='lat' dir='ltr'>putave-</span> 
     </span>
     <span class='ocr_line' id='line_1_15' title="bbox 64 1443 1055 1522; baseline 0.008 -23"><span class='ocrx_word' id='word_1_114' title='bbox 64 1450 148 1516; x_wconf 89' lang='lat' dir='ltr'>runt,</span> <span class='ocrx_word' id='word_1_115' title='bbox 176 1443 242 1521; x_wconf 90' lang='lat' dir='ltr'>quia</span> <span class='ocrx_word' id='word_1_116' title='bbox 265 1445 294 1502; x_wconf 89' lang='lat' dir='ltr'>in</span> <span class='ocrx_word' id='word_1_117' title='bbox 317 1444 485 1522; x_wconf 89' lang='lat' dir='ltr'>quibusdam</span> <span class='ocrx_word' id='word_1_118' title='bbox 509 1446 603 1514; x_wconf 87' lang='lat' dir='ltr'>causis</span> <span class='ocrx_word' id='word_1_119' title='bbox 627 1444 806 1505; x_wconf 84' lang='lat' dir='ltr'>obscuranda</span> <span class='ocrx_word' id='word_1_120' title='bbox 829 1449 936 1506; x_wconf 85' lang='lat' dir='ltr'>veritas</span> <span class='ocrx_word' id='word_1_121' title='bbox 960 1457 1055 1514; x_wconf 90' lang='lat' dir='ltr'>esset;</span> 
     </span>
    </p>

    <p class='ocr_par' dir='ltr' id='par_1_6' title="bbox 1 1525 1098 1770">
     <span class='ocr_line' id='line_1_16' title="bbox 1 1525 1098 1617; baseline 0.005 -31"><span class='ocrx_word' id='word_1_122' title='bbox 1 1594 2 1617; x_wconf 73' lang='lat'>,</span> <span class='ocrx_word' id='word_1_123' title='bbox 65 1525 144 1602; x_wconf 89' lang='lat' dir='ltr'>quod</span> <span class='ocrx_word' id='word_1_124' title='bbox 166 1536 211 1585; x_wconf 85' lang='lat' dir='ltr'>est</span> <span class='ocrx_word' id='word_1_125' title='bbox 230 1526 389 1586; x_wconf 85' lang='lat' dir='ltr'>ridiculum.</span> <span class='ocrx_word' id='word_1_126' title='bbox 426 1528 497 1588; x_wconf 91' lang='lat' dir='ltr'>Nam</span> <span class='ocrx_word' id='word_1_127' title='bbox 518 1530 567 1607; x_wconf 91' lang='lat' dir='ltr'>qui</span> <span class='ocrx_word' id='word_1_128' title='bbox 588 1528 745 1589; x_wconf 84' lang='lat' dir='ltr'>obscurare</span> <span class='ocrx_word' id='word_1_129' title='bbox 768 1529 845 1606; x_wconf 82' lang='lat' dir='ltr'>vult,</span> <span class='ocrx_word' id='word_1_130' title='bbox 866 1539 962 1589; x_wconf 85' lang='lat' dir='ltr'>narrat</span> <span class='ocrx_word' id='word_1_131' title='bbox 984 1530 1098 1593; x_wconf 70' lang='lat' dir='ltr'>falsatis</span> 
     </span>
     <span class='ocr_line' id='line_1_17' title="bbox 64 1611 1057 1690; baseline 0.008 -23"><span class='ocrx_word' id='word_1_132' title='bbox 64 1625 120 1686; x_wconf 89' lang='lat' dir='ltr'>pro</span> <span class='ocrx_word' id='word_1_133' title='bbox 135 1612 228 1685; x_wconf 85' lang='lat' dir='ltr'>veris,</span> <span class='ocrx_word' id='word_1_134' title='bbox 245 1620 274 1682; x_wconf 82' lang='lat' dir='ltr'>et</span> <span class='ocrx_word' id='word_1_135' title='bbox 288 1613 318 1669; x_wconf 91' lang='lat' dir='ltr'>in</span> <span class='ocrx_word' id='word_1_136' title='bbox 333 1611 376 1669; x_wconf 93' lang='lat' dir='ltr'>bis</span> <span class='ocrx_word' id='word_1_137' title='bbox 393 1629 467 1690; x_wconf 87' lang='lat' dir='ltr'>quae</span> <span class='ocrx_word' id='word_1_138' title='bbox 481 1621 578 1673; x_wconf 90' lang='lat' dir='ltr'>narrat</span> <span class='ocrx_word' id='word_1_139' title='bbox 592 1612 680 1673; x_wconf 91' lang='lat' dir='ltr'>debet</span> <span class='ocrx_word' id='word_1_140' title='bbox 695 1612 845 1690; x_wconf 90' lang='lat' dir='ltr'>laborare,</span> <span class='ocrx_word' id='word_1_141' title='bbox 863 1623 894 1673; x_wconf 93' lang='lat' dir='ltr'>ut</span> <span class='ocrx_word' id='word_1_142' title='bbox 908 1616 1057 1676; x_wconf 84' lang='lat' dir='ltr'>videantur</span> 
     </span>
     <span class='ocr_line' id='line_1_18' title="bbox 66 1694 387 1770; baseline -0.003 -18"><span class='ocrx_word' id='word_1_143' title='bbox 66 1710 151 1770; x_wconf 88' lang='lat' dir='ltr'>quam</span> <span class='ocrx_word' id='word_1_144' title='bbox 166 1694 387 1754; x_wconf 85' lang='lat' dir='ltr'>evidentissima.</span> 
     </span>
    </p>

    <p class='ocr_par' dir='ltr' id='par_1_7' title="bbox 30 1774 1163 3544">
     <span class='ocr_line' id='line_1_19' title="bbox 149 1774 1099 1858; baseline 0.008 -21"><span class='ocrx_word' id='word_1_145' title='bbox 149 1774 187 1837; x_wconf 80' lang='lat' dir='ltr'>m</span> <span class='ocrx_word' id='word_1_146' title='bbox 202 1786 342 1856; x_wconf 87' lang='lat' dir='ltr'>quatenus</span> <span class='ocrx_word' id='word_1_147' title='bbox 363 1780 447 1839; x_wconf 91' lang='lat' dir='ltr'>etiam</span> <span class='ocrx_word' id='word_1_148' title='bbox 466 1780 543 1839; x_wconf 86' lang='lat' dir='ltr'>forte</span> <span class='ocrx_word' id='word_1_149' title='bbox 561 1779 681 1858; x_wconf 88' lang='lat' dir='ltr'>quadam</span> <span class='ocrx_word' id='word_1_150' title='bbox 700 1780 882 1857; x_wconf 84' lang='lat' dir='ltr'>pervenimus</span> <span class='ocrx_word' id='word_1_151' title='bbox 898 1779 934 1839; x_wconf 92' lang='lat' dir='ltr'>ad</span> <span class='ocrx_word' id='word_1_152' title='bbox 954 1779 1099 1844; x_wconf 82' lang='lat' dir='ltr'>diffisi-66</span> 
     </span>
     <span class='ocr_line' id='line_1_20' title="bbox 66 1859 1056 1940; baseline 0.003 -20"><span class='ocrx_word' id='word_1_153' title='bbox 66 1859 122 1920; x_wconf 92' lang='lat' dir='ltr'>lius</span> <span class='ocrx_word' id='word_1_154' title='bbox 135 1864 328 1926; x_wconf 85' lang='lat' dir='ltr'>narrationum</span> <span class='ocrx_word' id='word_1_155' title='bbox 344 1880 453 1939; x_wconf 82' lang='lat' dir='ltr'>genus,</span> <span class='ocrx_word' id='word_1_156' title='bbox 476 1865 531 1922; x_wconf 92' lang='lat' dir='ltr'>iam</span> <span class='ocrx_word' id='word_1_157' title='bbox 546 1865 581 1924; x_wconf 92' lang='lat' dir='ltr'>de</span> <span class='ocrx_word' id='word_1_158' title='bbox 598 1864 642 1922; x_wconf 90' lang='lat' dir='ltr'>bis</span> <span class='ocrx_word' id='word_1_159' title='bbox 658 1863 823 1940; x_wconf 90' lang='lat' dir='ltr'>loquamur,</span> <span class='ocrx_word' id='word_1_160' title='bbox 845 1865 874 1922; x_wconf 91' lang='lat' dir='ltr'>in</span> <span class='ocrx_word' id='word_1_161' title='bbox 890 1862 992 1940; x_wconf 89' lang='lat' dir='ltr'>quibus</span> <span class='ocrx_word' id='word_1_162' title='bbox 1008 1883 1056 1923; x_wconf 91' lang='lat' dir='ltr'>res</span> 
     </span>
     <span class='ocr_line' id='line_1_21' title="bbox 67 1946 1055 2025; baseline 0.003 -21"><span class='ocrx_word' id='word_1_163' title='bbox 67 1954 195 2007; x_wconf 85' lang='lat' dir='ltr'>eontra</span> <span class='ocrx_word' id='word_1_164' title='bbox 217 1964 282 2006; x_wconf 91' lang='lat' dir='ltr'>nos</span> <span class='ocrx_word' id='word_1_165' title='bbox 304 1948 374 2023; x_wconf 81' lang='lat' dir='ltr'>erit,</span> <span class='ocrx_word' id='word_1_166' title='bbox 399 1964 456 2025; x_wconf 92' lang='lat' dir='ltr'>quo</span> <span class='ocrx_word' id='word_1_167' title='bbox 473 1947 540 2007; x_wconf 89' lang='lat' dir='ltr'>loco</span> <span class='ocrx_word' id='word_1_168' title='bbox 556 1946 684 2007; x_wconf 89' lang='lat' dir='ltr'>nonnulli</span> <span class='ocrx_word' id='word_1_169' title='bbox 700 1947 939 2025; x_wconf 87' lang='lat' dir='ltr'>praetereundam</span> <span class='ocrx_word' id='word_1_170' title='bbox 959 1965 1055 2007; x_wconf 87' lang='lat' dir='ltr'>narra·</span> 
     </span>
     <span class='ocr_line' id='line_1_22' title="bbox 65 2030 1055 2108; baseline 0 -20"><span class='ocrx_word' id='word_1_171' title='bbox 65 2030 171 2090; x_wconf 75' lang='lat' dir='ltr'>bouem</span> <span class='ocrx_word' id='word_1_172' title='bbox 192 2040 372 2107; x_wconf 83' lang='lat' dir='ltr'>putaverunt.</span> <span class='ocrx_word' id='word_1_173' title='bbox 411 2031 449 2090; x_wconf 85' lang='lat' dir='ltr'>Et</span> <span class='ocrx_word' id='word_1_174' title='bbox 468 2049 537 2090; x_wconf 84' lang='lat' dir='ltr'>sane</span> <span class='ocrx_word' id='word_1_175' title='bbox 558 2032 626 2090; x_wconf 90' lang='lat' dir='ltr'>nihil</span> <span class='ocrx_word' id='word_1_176' title='bbox 647 2039 693 2090; x_wconf 91' lang='lat' dir='ltr'>est</span> <span class='ocrx_word' id='word_1_177' title='bbox 712 2030 840 2106; x_wconf 79' lang='lat' dir='ltr'>facilius,</span> <span class='ocrx_word' id='word_1_178' title='bbox 860 2031 915 2089; x_wconf 89' lang='lat' dir='ltr'>nisi</span> <span class='ocrx_word' id='word_1_179' title='bbox 935 2047 1055 2108; x_wconf 89' lang='lat' dir='ltr'>prorsus</span> 
     </span>
     <span class='ocr_line' id='line_1_23' title="bbox 30 2115 1056 2192; baseline 0.001 -20"><span class='ocrx_word' id='word_1_180' title='bbox 30 2138 34 2144; x_wconf 56' lang='lat'><strong><em>⁴</em></strong></span> <span class='ocrx_word' id='word_1_181' title='bbox 65 2120 154 2173; x_wconf 84' lang='lat' dir='ltr'>totam</span> <span class='ocrx_word' id='word_1_182' title='bbox 171 2131 286 2173; x_wconf 89' lang='lat' dir='ltr'>causam</span> <span class='ocrx_word' id='word_1_183' title='bbox 301 2116 415 2175; x_wconf 87' lang='lat' dir='ltr'>omuino</span> <span class='ocrx_word' id='word_1_184' title='bbox 432 2131 491 2174; x_wconf 92' lang='lat' dir='ltr'>non</span> <span class='ocrx_word' id='word_1_185' title='bbox 503 2133 603 2191; x_wconf 81' lang='lat' dir='ltr'>agere.</span> <span class='ocrx_word' id='word_1_186' title='bbox 633 2115 692 2175; x_wconf 90' lang='lat' dir='ltr'>Sed</span> <span class='ocrx_word' id='word_1_187' title='bbox 705 2116 729 2174; x_wconf 93' lang='lat' dir='ltr'>si</span> <span class='ocrx_word' id='word_1_188' title='bbox 745 2115 840 2192; x_wconf 88' lang='lat' dir='ltr'>aliqua</span> <span class='ocrx_word' id='word_1_189' title='bbox 854 2115 929 2174; x_wconf 89' lang='lat' dir='ltr'>iusta</span> <span class='ocrx_word' id='word_1_190' title='bbox 944 2115 1056 2173; x_wconf 81' lang='lat' dir='ltr'>ratione</span> 
     </span>
     <span class='ocr_line' id='line_1_24' title="bbox 66 2195 1055 2279; baseline 0.003 -24"><span class='ocrx_word' id='word_1_191' title='bbox 66 2195 225 2256; x_wconf 83' lang='lat' dir='ltr'>huiusmodi</span> <span class='ocrx_word' id='word_1_192' title='bbox 248 2201 416 2276; x_wconf 78' lang='lat' dir='ltr'>susceperis</span> <span class='ocrx_word' id='word_1_193' title='bbox 442 2197 538 2279; x_wconf 83' lang='lat' dir='ltr'>litem:</span> <span class='ocrx_word' id='word_1_194' title='bbox 570 2199 650 2258; x_wconf 86' lang='lat' dir='ltr'>ouius</span> <span class='ocrx_word' id='word_1_195' title='bbox 676 2199 745 2257; x_wconf 88' lang='lat' dir='ltr'>artis</span> <span class='ocrx_word' id='word_1_196' title='bbox 774 2208 834 2274; x_wconf 90' lang='lat' dir='ltr'>est,</span> <span class='ocrx_word' id='word_1_197' title='bbox 863 2198 965 2257; x_wconf 84' lang='lat' dir='ltr'>malem</span> <span class='ocrx_word' id='word_1_198' title='bbox 988 2215 1055 2258; x_wconf 91' lang='lat' dir='ltr'>esse</span> 
     </span>
     <span class='ocr_line' id='line_1_25' title="bbox 67 2279 1056 2352; baseline 0.001 -13"><span class='ocrx_word' id='word_1_199' title='bbox 67 2297 182 2340; x_wconf 85' lang='lat' dir='ltr'>causam</span> <span class='ocrx_word' id='word_1_200' title='bbox 202 2280 318 2352; x_wconf 89' lang='lat' dir='ltr'>silentio</span> <span class='ocrx_word' id='word_1_201' title='bbox 344 2279 495 2342; x_wconf 86' lang='lat' dir='ltr'>ooniiterii</span> <span class='ocrx_word' id='word_1_202' title='bbox 518 2283 572 2342; x_wconf 89' lang='lat' dir='ltr'>nisi</span> <span class='ocrx_word' id='word_1_203' title='bbox 592 2282 668 2342; x_wconf 91' lang='lat' dir='ltr'>iorte</span> <span class='ocrx_word' id='word_1_204' title='bbox 690 2290 746 2341; x_wconf 90' lang='lat' dir='ltr'>tam</span> <span class='ocrx_word' id='word_1_205' title='bbox 766 2281 857 2341; x_wconf 90' lang='lat' dir='ltr'>hebes</span> <span class='ocrx_word' id='word_1_206' title='bbox 879 2283 990 2341; x_wconf 91' lang='lat' dir='ltr'>iuturus</span> <span class='ocrx_word' id='word_1_207' title='bbox 1012 2292 1056 2341; x_wconf 89' lang='lat' dir='ltr'>ast</span> 
     </span>
     <span class='ocr_line' id='line_1_26' title="bbox 66 2364 1163 2443; baseline 0.004 -20"><span class='ocrx_word' id='word_1_208' title='bbox 66 2364 168 2439; x_wconf 83' lang='lat' dir='ltr'>iudex,</span> <span class='ocrx_word' id='word_1_209' title='bbox 187 2372 218 2423; x_wconf 91' lang='lat' dir='ltr'>ut</span> <span class='ocrx_word' id='word_1_210' title='bbox 232 2365 388 2425; x_wconf 90' lang='lat' dir='ltr'>secundum</span> <span class='ocrx_word' id='word_1_211' title='bbox 402 2366 430 2425; x_wconf 92' lang='lat' dir='ltr'>id</span> <span class='ocrx_word' id='word_1_212' title='bbox 446 2368 625 2443; x_wconf 88' lang='lat' dir='ltr'>pronuntiet,</span> <span class='ocrx_word' id='word_1_213' title='bbox 648 2365 724 2443; x_wconf 89' lang='lat' dir='ltr'>quod</span> <span class='ocrx_word' id='word_1_214' title='bbox 739 2367 813 2425; x_wconf 88' lang='lat' dir='ltr'>sciet</span> <span class='ocrx_word' id='word_1_215' title='bbox 828 2383 945 2425; x_wconf 87' lang='lat' dir='ltr'>narrare</span> <span class='ocrx_word' id='word_1_216' title='bbox 960 2374 990 2425; x_wconf 89' lang='lat' dir='ltr'>te</span> <span class='ocrx_word' id='word_1_217' title='bbox 1004 2383 1055 2426; x_wconf 93' lang='lat' dir='ltr'>no·</span> <span class='ocrx_word' id='word_1_218' title='bbox 1155 2431 1163 2442; x_wconf 56' lang='grc'><strong>,</strong></span> 
     </span>
     <span class='ocr_line' id='line_1_27' title="bbox 67 2446 1096 2528; baseline 0 -22"><span class='ocrx_word' id='word_1_219' title='bbox 67 2446 165 2507; x_wconf 91' lang='lat' dir='ltr'>luisse.</span> <span class='ocrx_word' id='word_1_220' title='bbox 202 2447 305 2525; x_wconf 88' lang='lat' dir='ltr'>Neque</span> <span class='ocrx_word' id='word_1_221' title='bbox 325 2449 427 2508; x_wconf 86' lang='lat' dir='ltr'>infitias</span> <span class='ocrx_word' id='word_1_222' title='bbox 444 2466 496 2523; x_wconf 92' lang='lat' dir='ltr'>eo,</span> <span class='ocrx_word' id='word_1_223' title='bbox 517 2451 545 2508; x_wconf 90' lang='lat' dir='ltr'>in</span> <span class='ocrx_word' id='word_1_224' title='bbox 564 2451 743 2524; x_wconf 90' lang='lat' dir='ltr'>narratione,</span> <span class='ocrx_word' id='word_1_225' title='bbox 764 2458 795 2508; x_wconf 91' lang='lat' dir='ltr'>ut</span> <span class='ocrx_word' id='word_1_226' title='bbox 810 2449 904 2528; x_wconf 88' lang='lat' dir='ltr'>aliqua</span> <span class='ocrx_word' id='word_1_227' title='bbox 924 2451 1055 2526; x_wconf 79' lang='lat' dir='ltr'>neganda</span> <span class='ocrx_word' id='word_1_228' title='bbox 1063 2452 1096 2507; x_wconf 86' lang='grc'>67</span> 
     </span>
     <span class='ocr_line' id='line_1_28' title="bbox 66 2530 1054 2612; baseline 0.003 -23"><span class='ocrx_word' id='word_1_229' title='bbox 66 2530 160 2610; x_wconf 89' lang='lat' dir='ltr'>aliqua</span> <span class='ocrx_word' id='word_1_230' title='bbox 180 2531 340 2593; x_wconf 88' lang='lat' dir='ltr'>adiicienda</span> <span class='ocrx_word' id='word_1_231' title='bbox 357 2533 452 2611; x_wconf 90' lang='lat' dir='ltr'>aliqua</span> <span class='ocrx_word' id='word_1_232' title='bbox 468 2535 616 2609; x_wconf 89' lang='lat' dir='ltr'>mutanda,</span> <span class='ocrx_word' id='word_1_233' title='bbox 634 2535 677 2593; x_wconf 89' lang='lat' dir='ltr'>sic</span> <span class='ocrx_word' id='word_1_234' title='bbox 697 2534 792 2612; x_wconf 90' lang='lat' dir='ltr'>aliqua</span> <span class='ocrx_word' id='word_1_235' title='bbox 813 2536 898 2593; x_wconf 89' lang='lat' dir='ltr'>etiam</span> <span class='ocrx_word' id='word_1_236' title='bbox 919 2534 1054 2599; x_wconf 86' lang='lat' dir='ltr'>tacenda;</span> 
     </span>
     <span class='ocr_line' id='line_1_29' title="bbox 67 2615 1055 2695; baseline 0.005 -23"><span class='ocrx_word' id='word_1_237' title='bbox 67 2615 118 2675; x_wconf 90' lang='lat' dir='ltr'>sed</span> <span class='ocrx_word' id='word_1_238' title='bbox 138 2616 277 2690; x_wconf 85' lang='lat' dir='ltr'>tacenda,</span> <span class='ocrx_word' id='word_1_239' title='bbox 300 2633 375 2694; x_wconf 82' lang='lat' dir='ltr'>quae</span> <span class='ocrx_word' id='word_1_240' title='bbox 394 2624 494 2688; x_wconf 81' lang='lat' dir='ltr'>tacere</span> <span class='ocrx_word' id='word_1_241' title='bbox 513 2616 661 2695; x_wconf 87' lang='lat' dir='ltr'>oportebit</span> <span class='ocrx_word' id='word_1_242' title='bbox 684 2626 712 2676; x_wconf 90' lang='lat' dir='ltr'>et</span> <span class='ocrx_word' id='word_1_243' title='bbox 731 2617 851 2676; x_wconf 91' lang='lat' dir='ltr'>liberum</span> <span class='ocrx_word' id='word_1_244' title='bbox 873 2619 937 2676; x_wconf 90' lang='lat' dir='ltr'>erit.</span> <span class='ocrx_word' id='word_1_245' title='bbox 966 2615 1055 2690; x_wconf 79' lang='lat' dir='ltr'>Quod</span> 
     </span>
     <span class='ocr_line' id='line_1_30' title="bbox 67 2697 1054 2779; baseline 0.002 -22"><span class='ocrx_word' id='word_1_246' title='bbox 67 2697 98 2757; x_wconf 84' lang='lat' dir='ltr'>lit</span> <span class='ocrx_word' id='word_1_247' title='bbox 118 2715 318 2778; x_wconf 88' lang='lat' dir='ltr'>nonuunquam</span> <span class='ocrx_word' id='word_1_248' title='bbox 337 2699 486 2760; x_wconf 81' lang='lat' dir='ltr'>brevitatis</span> <span class='ocrx_word' id='word_1_249' title='bbox 510 2717 628 2779; x_wconf 90' lang='lat' dir='ltr'>quoque</span> <span class='ocrx_word' id='word_1_250' title='bbox 650 2702 759 2776; x_wconf 77' lang='lat' dir='ltr'>gratia,</span> <span class='ocrx_word' id='word_1_251' title='bbox 790 2701 877 2777; x_wconf 91' lang='lat' dir='ltr'>quale</span> <span class='ocrx_word' id='word_1_252' title='bbox 904 2700 974 2760; x_wconf 89' lang='lat' dir='ltr'>illud</span> <span class='ocrx_word' id='word_1_253' title='bbox 996 2711 1054 2774; x_wconf 88' lang='lat' dir='ltr'>est:</span> 
     </span>
     <span class='ocr_line' id='line_1_31' title="bbox 67 2780 1098 2861; baseline 0 -18"><span class='ocrx_word' id='word_1_254' title='bbox 67 2780 249 2860; x_wconf 77' lang='lat' dir='ltr'>Respondit,</span> <span class='ocrx_word' id='word_1_255' title='bbox 270 2798 350 2860; x_wconf 83' lang='lat' dir='ltr'>quae</span> <span class='ocrx_word' id='word_1_256' title='bbox 365 2785 394 2844; x_wconf 73' lang='grc' dir='ltr'>εἰ</span> <span class='ocrx_word' id='word_1_257' title='bbox 413 2785 510 2845; x_wconf 79' lang='lat' dir='ltr'>visam</span> <span class='ocrx_word' id='word_1_258' title='bbox 527 2794 581 2845; x_wconf 83' lang='lat' dir='ltr'>est.</span> <span class='ocrx_word' id='word_1_259' title='bbox 617 2782 831 2861; x_wconf 85' lang='lat' dir='ltr'>Distinguamus</span> <span class='ocrx_word' id='word_1_260' title='bbox 846 2785 933 2860; x_wconf 79' lang='lat' dir='ltr'>igitur</span> <span class='ocrx_word' id='word_1_261' title='bbox 947 2798 1098 2859; x_wconf 71' lang='lat' dir='ltr'>generose</span> 
     </span>
     <span class='ocr_line' id='line_1_32' title="bbox 68 2865 1056 2947; baseline 0.005 -23"><span class='ocrx_word' id='word_1_262' title='bbox 68 2882 224 2926; x_wconf 85' lang='lat' dir='ltr'>causarum.</span> <span class='ocrx_word' id='word_1_263' title='bbox 262 2865 409 2944; x_wconf 85' lang='lat' dir='ltr'>Namque,</span> <span class='ocrx_word' id='word_1_264' title='bbox 434 2867 580 2947; x_wconf 88' lang='lat' dir='ltr'>inquibus</span> <span class='ocrx_word' id='word_1_265' title='bbox 596 2866 702 2926; x_wconf 89' lang='lat' dir='ltr'>nonde</span> <span class='ocrx_word' id='word_1_266' title='bbox 724 2868 809 2945; x_wconf 88' lang='lat' dir='ltr'>culpa</span> <span class='ocrx_word' id='word_1_267' title='bbox 827 2876 982 2946; x_wconf 89' lang='lat' dir='ltr'>quaeretur</span> <span class='ocrx_word' id='word_1_268' title='bbox 1002 2868 1056 2929; x_wconf 90' lang='lat' dir='ltr'>sed</span> 
     </span>
     <span class='ocr_line' id='line_1_33' title="bbox 68 2948 1055 3026; baseline 0.001 -18"><span class='ocrx_word' id='word_1_269' title='bbox 68 2948 104 3008; x_wconf 92' lang='lat' dir='ltr'>de</span> <span class='ocrx_word' id='word_1_270' title='bbox 120 2952 242 3025; x_wconf 86' lang='lat' dir='ltr'>actione,</span> <span class='ocrx_word' id='word_1_271' title='bbox 260 2951 371 3010; x_wconf 90' lang='lat' dir='ltr'>etiamsi</span> <span class='ocrx_word' id='word_1_272' title='bbox 387 2960 470 3011; x_wconf 86' lang='lat' dir='ltr'>erunt</span> <span class='ocrx_word' id='word_1_273' title='bbox 484 2961 584 3011; x_wconf 87' lang='lat' dir='ltr'>contra</span> <span class='ocrx_word' id='word_1_274' title='bbox 598 2967 652 3010; x_wconf 91' lang='lat' dir='ltr'>uos</span> <span class='ocrx_word' id='word_1_275' title='bbox 667 2951 809 3025; x_wconf 86' lang='lat' dir='ltr'>themata,</span> <span class='ocrx_word' id='word_1_276' title='bbox 826 2951 957 3010; x_wconf 82' lang='lat' dir='ltr'>confiteri</span> <span class='ocrx_word' id='word_1_277' title='bbox 972 2950 1055 3026; x_wconf 86' lang='lat' dir='ltr'>nobis</span> 
     </span>
     <span class='ocr_line' id='line_1_34' title="bbox 67 3030 1055 3114; baseline 0.005 -23"><span class='ocrx_word' id='word_1_278' title='bbox 67 3030 179 3093; x_wconf 88' lang='lat' dir='ltr'>licebit:</span> <span class='ocrx_word' id='word_1_279' title='bbox 207 3032 378 3096; x_wconf 79' lang='lat' dir='ltr'>Pecuniam</span> <span class='ocrx_word' id='word_1_280' title='bbox 393 3036 433 3096; x_wconf 85' lang='lat' dir='ltr'>de</span> <span class='ocrx_word' id='word_1_281' title='bbox 453 3036 561 3114; x_wconf 82' lang='lat' dir='ltr'>templo</span> <span class='ocrx_word' id='word_1_282' title='bbox 573 3036 695 3096; x_wconf 76' lang='lat' dir='ltr'>msotob&#39;t</span> <span class='ocrx_word' id='word_1_283' title='bbox 710 3037 767 3095; x_wconf 79' lang='lat' dir='ltr'>sed</span> <span class='ocrx_word' id='word_1_284' title='bbox 785 3037 951 3113; x_wconf 79' lang='lat' dir='ltr'>privatam,</span> <span class='ocrx_word' id='word_1_285' title='bbox 973 3037 1055 3106; x_wconf 76' lang='lat' dir='ltr'>ideo·</span> 
     </span>
     <span class='ocr_line' id='line_1_35' title="bbox 66 3117 1056 3199; baseline 0.003 -22"><span class='ocrx_word' id='word_1_286' title='bbox 66 3118 306 3196; x_wconf 62' lang='lat' dir='ltr'>quaereretque</span> <span class='ocrx_word' id='word_1_287' title='bbox 318 3137 378 3179; x_wconf 81' lang='lat' dir='ltr'>oon</span> <span class='ocrx_word' id='word_1_288' title='bbox 393 3124 447 3181; x_wconf 82' lang='lat' dir='ltr'>esi.</span> <span class='ocrx_word' id='word_1_289' title='bbox 479 3117 632 3199; x_wconf 75' lang='lat' dir='ltr'>Virqinem</span> <span class='ocrx_word' id='word_1_290' title='bbox 648 3121 770 3198; x_wconf 81' lang='lat' dir='ltr'>rapuit,</span> <span class='ocrx_word' id='word_1_291' title='bbox 784 3138 844 3180; x_wconf 72' lang='lat' dir='ltr'>noo</span> <span class='ocrx_word' id='word_1_292' title='bbox 861 3129 961 3183; x_wconf 79' lang='lat' dir='ltr'>tameo</span> <span class='ocrx_word' id='word_1_293' title='bbox 975 3122 1056 3197; x_wconf 83' lang='lat' dir='ltr'>optio</span> 
     </span>
     <span class='ocr_line' id='line_1_36' title="bbox 62 3199 1096 3282; baseline 0.007 -22"><span class='ocrx_word' id='word_1_294' title='bbox 62 3202 147 3277; x_wconf 81' lang='lat' dir='ltr'>patri</span> <span class='ocrx_word' id='word_1_295' title='bbox 159 3202 296 3263; x_wconf 82' lang='lat' dir='ltr'>dubitur.</span> <span class='ocrx_word' id='word_1_296' title='bbox 321 3199 489 3280; x_wconf 74' lang='lat' dir='ltr'>inpetuosum</span> <span class='ocrx_word' id='word_1_297' title='bbox 501 3203 654 3282; x_wconf 74' lang='lat' dir='ltr'>stuprarit</span> <span class='ocrx_word' id='word_1_298' title='bbox 667 3211 697 3264; x_wconf 88' lang='lat' dir='ltr'>et</span> <span class='ocrx_word' id='word_1_299' title='bbox 708 3210 866 3281; x_wconf 77' lang='lat' dir='ltr'>stuprator</span> <span class='ocrx_word' id='word_1_300' title='bbox 881 3223 916 3264; x_wconf 82' lang='lat' dir='ltr'>se</span> <span class='ocrx_word' id='word_1_301' title='bbox 929 3221 1054 3281; x_wconf 73' lang='lat' dir='ltr'>surpere</span> <span class='ocrx_word' id='word_1_302' title='bbox 1062 3213 1096 3267; x_wconf 78' lang='lat'>69</span> 
     </span>
     <span class='ocr_line' id='line_1_37' title="bbox 66 3283 1141 3372; baseline 0.003 -27"><span class='ocrx_word' id='word_1_303' title='bbox 66 3283 124 3361; x_wconf 80' lang='lat' dir='ltr'>dit,</span> <span class='ocrx_word' id='word_1_304' title='bbox 144 3304 205 3347; x_wconf 82' lang='lat' dir='ltr'>ooo</span> <span class='ocrx_word' id='word_1_305' title='bbox 219 3293 321 3346; x_wconf 78' lang='lat' dir='ltr'>tomen</span> <span class='ocrx_word' id='word_1_306' title='bbox 338 3288 408 3350; x_wconf 85' lang='lat' dir='ltr'>ideo</span> <span class='ocrx_word' id='word_1_307' title='bbox 421 3296 578 3365; x_wconf 77' lang='lat' dir='ltr'>stuprator</span> <span class='ocrx_word' id='word_1_308' title='bbox 595 3287 743 3364; x_wconf 72' lang='lat' dir='ltr'>repitent</span> <span class='ocrx_word' id='word_1_309' title='bbox 762 3303 861 3348; x_wconf 81' lang='lat' dir='ltr'>cauea</span> <span class='ocrx_word' id='word_1_310' title='bbox 877 3289 981 3349; x_wconf 72' lang='lat' dir='ltr'>uuordo</span> <span class='ocrx_word' id='word_1_311' title='bbox 994 3305 1053 3365; x_wconf 81' lang='lat' dir='ltr'>pe·</span> <span class='ocrx_word' id='word_1_312' title='bbox 1086 3345 1089 3358; x_wconf 83' lang='grc'><em>,</em></span> <span class='ocrx_word' id='word_1_313' title='bbox 1135 3357 1141 3372; x_wconf 55' lang='lat'>,</span> 
     </span>
     <span class='ocr_line' id='line_1_38' title="bbox 66 3368 1054 3448; baseline 0.004 -22"><span class='ocrx_word' id='word_1_314' title='bbox 66 3368 180 3443; x_wconf 74' lang='lat' dir='ltr'>cietur,</span> <span class='ocrx_word' id='word_1_315' title='bbox 207 3369 388 3432; x_wconf 78' lang='lat' dir='ltr'>redderem</span> <span class='ocrx_word' id='word_1_316' title='bbox 409 3371 510 3448; x_wconf 79' lang='lat' dir='ltr'>mitia,</span> <span class='ocrx_word' id='word_1_317' title='bbox 540 3388 622 3448; x_wconf 82' lang='lat' dir='ltr'>quae</span> <span class='ocrx_word' id='word_1_318' title='bbox 637 3388 738 3447; x_wconf 83' lang='lat' dir='ltr'>poeno</span> <span class='ocrx_word' id='word_1_319' title='bbox 757 3373 926 3448; x_wconf 79' lang='lat' dir='ltr'>stupratori</span> <span class='ocrx_word' id='word_1_320' title='bbox 947 3371 1054 3431; x_wconf 71' lang='lat' dir='ltr'>coorti·</span> 
     </span>
     <span class='ocr_line' id='line_1_39' title="bbox 66 3452 1055 3544; baseline -0.003 -31"><span class='ocrx_word' id='word_1_321' title='bbox 66 3456 128 3522; x_wconf 70' lang='lat' dir='ltr'>tuto</span> <span class='ocrx_word' id='word_1_322' title='bbox 152 3460 214 3528; x_wconf 79' lang='lat' dir='ltr'>est,</span> <span class='ocrx_word' id='word_1_323' title='bbox 237 3452 332 3515; x_wconf 83' lang='lat' dir='ltr'>dabit.</span> <span class='ocrx_word' id='word_1_324' title='bbox 374 3453 483 3527; x_wconf 82' lang='lat' dir='ltr'>Verum</span> <span class='ocrx_word' id='word_1_325' title='bbox 504 3457 533 3515; x_wconf 88' lang='lat' dir='ltr'>io</span> <span class='ocrx_word' id='word_1_326' title='bbox 552 3454 598 3544; x_wconf 79' lang='lat' dir='ltr'>luis</span> <span class='ocrx_word' id='word_1_327' title='bbox 617 3470 734 3532; x_wconf 88' lang='lat' dir='ltr'>quoque</span> <span class='ocrx_word' id='word_1_328' title='bbox 757 3453 988 3514; x_wconf 85' lang='lat' dir='ltr'>confessionibus</span> <span class='ocrx_word' id='word_1_329' title='bbox 1009 3460 1055 3511; x_wconf 83' lang='lat' dir='ltr'>est</span> 
     </span>
    </p>
   </div>
   <div class='ocr_carea' id='block_1_3' title="bbox 0 0 1231 3925">
    <p class='ocr_par' dir='ltr' id='par_1_8' title="bbox 0 0 1231 3925">
     <span class='ocr_line' id='line_1_40' title="bbox 0 0 1231 3925; baseline 0 0"><span class='ocrx_word' id='word_1_330' title='bbox 0 0 1231 3925; x_wconf 95' lang='lat' dir='ltr'> </span> 
     </span>
    </p>
   </div>
  </div>
 </body>
</html>
