2434 3925
355 207 442 257 nonu.
455 207 601 258 cunnos.
614 211 681 258 cus.
693 212 738 275 su,
751 210 777 260 1.
1001 199 1057 258 151

15 384 16 397 ¹
64 358 135 447 quid
151 365 231 425 litem
244 363 341 438 faciat,
359 362 451 441 (quod
473 361 508 422 ab
526 362 583 422 ullis
598 364 753 425 cnascvel
769 350 1058 444 continensdicitur)

64 461 94 511 ct
109 467 188 528 quae
206 449 243 508 sit
257 449 331 506 inter
346 446 492 522 litigantes
509 448 652 523 quaestio,
669 448 750 507 etde
768 465 825 526 quo
841 451 959 510 indicari
972 446 1058 527 opor-

15 562 16 593 t
63 543 143 600 teat3
168 549 242 610 quac
264 531 357 590 omnia
380 529 455 589 idem
475 538 549 588 sunt.
586 529 658 590 Nam
680 530 765 590 etde
785 549 821 590 co
844 534 977 610 quaestio
1003 542 1058 607 est,

64 616 145 696 quod
166 617 195 675 in
215 614 441 675 controversiam
461 614 554 688 venit,
587 615 674 673 etde
700 630 736 673 co
764 615 920 692 iudicatur,
944 616 980 676 de
1002 632 1059 694 quo

64 700 200 781 quaestio
223 707 277 757 est.
312 696 371 757 Scd
387 714 445 756 non
466 705 607 774 perpetuo
624 698 792 758 intendimus
812 700 839 756 in
854 699 927 759 haec
941 702 1101 763 animumtt

65 792 94 844 et
110 782 269 860 cupiditate
285 780 375 841 laudis
397 788 541 857 utcunque
562 782 754 860 acquirendae
775 782 823 841 vel
847 782 959 842 dicendi
977 783 1059 843 volu·

64 875 148 947 ptatc
165 883 335 942 evagamur,
362 864 475 942 quaudo
498 862 617 924 uberior
639 883 755 943 semper
774 875 855 925 extra
871 885 986 926 causam
1001 886 1059 927 ma·

63 952 141 1011 teria
159 957 218 1017 est;
243 949 309 1027 quia
325 949 353 1006 in
369 949 569 1007 controversia
584 966 677 1026 pauca
698 958 778 1024 sunt,
800 959 882 1010 extra
899 952 1007 1017 omnia;
1031 960 1060 1009 et

57 1030 114 1094 luis
123 1033 233 1093 dicitur
248 1032 284 1090 de
299 1031 354 1105 bis,
371 1048 445 1108 quae
460 1032 637 1108 accepimns,
654 1032 731 1107 illic,
748 1034 784 1092 de
800 1032 902 1111 quibus
916 1034 1058 1092 volumus.

65 1118 131 1177 Nec
148 1125 205 1177 tam
216 1116 277 1175 boc
291 1115 525 1192 praecipiendum
541 1123 601 1189 est,
620 1124 651 1174 nt
667 1117 880 1193 quaestionem,
897 1119 1101 1192 continerent

13 1230 14 1233 ¹
65 1201 270 1262 iudicationem
282 1199 459 1258 inveniamus
482 1198 567 1275 (nam
584 1198 612 1258 id
627 1199 740 1276 quidem
756 1200 843 1260 facile
863 1203 950 1281 cst),
974 1218 1058 1280 quam

66 1294 98 1344 ut
113 1285 272 1343 intueamur
288 1298 417 1360 semper,
435 1289 485 1341 aut
504 1290 583 1341 certe
598 1283 623 1340 si
639 1282 762 1359 digressi
778 1284 932 1359 fuerimus,
956 1284 1060 1343 saltem

67 1368 267 1445 respiciamus,
283 1384 319 1424 ne
337 1365 466 1442 plausum
481 1363 682 1425 affectantibus
697 1384 773 1426 arma
790 1369 931 1427 excidant.
964 1366 1058 1426 Theo·

68 1452 133 1512 dori
154 1449 271 1526 schola,
286 1458 316 1508 ut
333 1450 409 1523 dixi,
431 1449 524 1507 omnia
539 1448 630 1508 refert
646 1449 682 1508 ad
699 1452 812 1528 sopito.
846 1450 897 1510 His
918 1451 1000 1530 plura
1017 1453 1102 1515 tri-tt

68 1534 256 1610 telliguntnr:
272 1550 328 1592 uno
343 1532 428 1591 modo
444 1550 550 1591 summa
565 1534 696 1609 quaestio
711 1535 778 1592 item
795 1544 826 1593 ut
841 1543 949 1608 status,
966 1534 1059 1594 altero

70 1628 189 1679 ceterae
207 1635 280 1695 qnae
296 1616 332 1676 ad
352 1633 487 1675 summanr
501 1616 681 1690 referuntur,
703 1618 789 1676 tertio
809 1621 972 1696 propositio
996 1636 1060 1677 cum

70 1701 273 1768 affirmatione
295 1708 325 1758 ut
347 1700 482 1773 dicimus,
509 1696 610 1777 Caput
628 1700 676 1760 rei
691 1708 750 1773 cst,
781 1701 856 1778 apud
877 1701 1060 1760 Menandrum

11 1846 12 1863 ,
69 1778 328 1861 medianitidem.
361 1781 393 1841 ln
411 1784 573 1841 universum
593 1791 704 1857 auteur,
730 1783 867 1862 quidquid
882 1784 1060 1863 probandum

72 1876 127 1944 est,
148 1868 203 1926 erit
215 1875 323 1945 capitu
339 1866 391 1926 sed
406 1865 434 1924 id
448 1868 538 1925 maius
554 1874 601 1925 aut
616 1867 717 1925 minus.

10 1954 11 1968 ¹
155 1949 192 2011 llt
212 1952 361 2029 quoniam,
384 1966 458 2028 quae
480 1949 516 2009 de
536 1948 580 2009 lris
605 1958 722 2010 erauta
745 1950 934 2029 scriptoribus
950 1950 1101 2015 Artiumns

70 2036 190 2110 tradita,
219 2035 371 2094 verbosius
403 2033 487 2092 etiam
513 2051 596 2112 qnam
625 2052 748 2094 neccsse
774 2044 836 2095 erat
864 2035 1059 2114 exposuimus,

70 2128 239 2200 praeterea,
264 2136 337 2196 quae
352 2125 449 2196 partes
462 2117 520 2175 sint
542 2117 713 2177 iudicialium
729 2137 892 2194 causarum,
918 2135 1004 2194 supra
1020 2117 1060 2176 di·

72 2213 150 2265 ctum
162 2212 222 2263 est:
239 2204 386 2281 proximus
401 2199 476 2260 liber
490 2218 507 2261 a
521 2201 611 2279 prima
626 2203 715 2262 idest
730 2202 851 2263 exordio
868 2203 996 2281 incipiet.

447 2522 605 2588 LIBER
634 2524 692 2589 IV.

73 2657 148 2708 Libro
173 2667 260 2721 quarto
283 2657 347 2707 haec
361 2659 530 2707 continentur:
545 2639 711 2706 Prooemium.
747 2653 784 2703 De
803 2655 915 2704 exordio.
953 2655 990 2703 De
1004 2670 1063 2704 nar·

107 2728 214 2778 ratione:
249 2727 287 2776 De
302 2727 455 2792 egressione.
491 2726 529 2776 De
546 2725 728 2790 propositione.
763 2722 800 2773 De
816 2724 958 2788 partitione.

469 2837 668 2889 PROOEMIUM.

158 2906 318 3014 Berfecto,
347 2933 522 2995 Marcelle
543 2935 710 3009 Victori,
738 2933 836 3011 operis
862 2931 913 2990 tibi
939 2930 1063 2991 dedicati
1141 2943 1148 2960 ‘

74 3022 161 3083 tertio
177 3019 251 3079 libro
268 3028 297 3078 et
311 3020 365 3078 iam
381 3027 480 3096 quarta
502 3019 565 3078 fere
590 3017 698 3077 laboris
715 3025 796 3094 parte
812 3023 966 3088 transacta,
988 3032 1063 3075 nova

74 3106 193 3182 insuper
206 3104 272 3164 mihi
288 3101 453 3179 diligentiae
470 3120 556 3162 causa
572 3109 601 3160 ct
619 3101 703 3160 altior
717 3098 897 3174 sollicitudo,
922 3099 1007 3176 quale
1023 3101 1062 3157 iu·

75 3189 180 3250 dicium
193 3186 335 3246 bominum
350 3185 511 3260 emererer',
530 3185 664 3245 accessit.
702 3181 805 3241 Adhuc
820 3184 894 3240 euim
910 3181 989 3241 velut
1005 3191 1063 3240 stu·

76 3273 122 3333 dia
142 3274 217 3330 inter
239 3288 292 3330 nos
316 3269 553 3344 conferebamus,
581 3277 610 3328 et
632 3269 656 3326 si
684 3283 784 3345 parum
805 3274 903 3325 nostra
924 3266 1062 3324 institutio

76 3355 249 3436 probaretur
263 3372 279 3413 a
295 3355 410 3429 ceteris,
427 3354 552 3413 contenti
567 3353 632 3412 forc
646 3349 804 3410 domestico
819 3367 871 3411 usu
885 3346 1062 3420 videbamur,

76 3448 107 3500 ut
118 3439 158 3500 tui
173 3438 288 3516 meique
303 3437 353 3498 lilii
374 3436 498 3498 formare
514 3435 693 3515 disciplinam
707 3434 777 3494 satis
788 3442 961 3512 putaremus.
991 3428 1091 3490 Gnmt
