2434 3925
309 213 398 266 mrsu.
412 214 775 284 onerosumque.
984 200 1043 266 163

8 260 10 403 y
49 371 233 454 rolimnseo
252 370 342 449 lieet,
363 387 428 431 enm
447 371 535 431 ludex
555 368 731 449 oeenpatns,
752 387 816 431 oum
837 379 957 448 angusta
979 378 1045 430 sunt

8 468 9 489 ι
49 467 200 534 tempora,
229 470 293 515 eum
307 456 409 514 ‹naior
435 463 566 533 potestas
591 453 627 513 ab
654 454 718 532 ipsa
742 471 775 513 re
798 456 878 532 angit
902 455 1043 533 insipere

51 538 161 600 Contra
182 555 257 617 quae
277 546 323 597 est
343 539 455 598 interim
475 539 617 616 prooemii
634 538 680 596 ris
695 538 781 598 etiam
795 555 852 597 non
867 539 895 596 in
910 539 1041 598 exordio.
1053 549 1087 604 73

50 622 126 684 Nam
145 622 255 681 indices
279 630 310 681 et
329 622 358 681 in
371 622 535 681 narratione
550 638 750 698 nonnunquam
770 628 801 680 et
814 622 842 680 in
858 624 1043 698 argumentis,

50 715 84 766 ιιι
100 704 247 765 attendant
261 714 291 765 et
305 713 336 764 ut
350 705 475 779 iareant,
491 720 636 781 rogamus,
656 719 712 781 qno
727 702 867 765 Prodicus
881 706 962 765 velut
978 706 1044 764 dor·

51 790 186 849 mitantes
204 804 257 848 eos
277 789 397 849 exultari
412 787 542 866 putabat;
566 788 653 866 quale
668 795 727 847 est:
756 786 830 849 Tum
841 785 876 848 G.
895 786 1089 864 Vermiculi

53 874 107 951 qui
121 891 142 932 a
160 873 281 952 sunnia
295 868 498 933 nestoriana
514 874 704 933 nemausam.
740 869 823 948 Hoc,
845 887 976 950 quaero,
996 873 1044 933 iu·

39 958 150 1032 uices,
167 956 327 1033 diligenter
341 956 497 1017 attendite.
532 954 638 1032 Utique
658 954 683 1013 si
704 954 854 1035 multiplex
876 973 963 1015 eausa
988 964 1044 1031 est,

53 1056 106 1099 sna
123 1038 284 1117 quibusque
300 1038 429 1116 partibus
445 1039 535 1099 danda
547 1038 695 1115 ,praelatio
712 1046 766 1112 est,
789 1049 819 1098 ut
833 1035 946 1100 Audite
962 1058 1046 1100 nuno

52 1124 185 1199 reliqua,
201 1131 231 1181 et
247 1120 382 1184 Transeo
395 1141 478 1183 nuos
494 1123 577 1183 illrse.
606 1121 676 1181 ‘Sed
698 1123 726 1180 in
746 1122 817 1201 ipsis
838 1124 924 1182 etiam
940 1121 1087 1201 proba-75

53 1205 178 1266 tionibus
195 1204 283 1266 multa
299 1205 452 1282 iunguntur
467 1205 609 1284 prooemii
619 1205 701 1282 vioe,
720 1213 751 1263 nt
773 1206 842 1266 lauit
865 1204 970 1266 Cicero
989 1222 1044 1286 pro

54 1289 205 1364 cluentio,
234 1289 361 1349 ‹lietnrus
389 1297 489 1349 eontra
509 1298 675 1357 censorem¹
691 1305 745 1367 pro
768 1289 902 1365 llurena,
924 1308 988 1350 eum
1011 1307 1045 1348 se

54 1374 158 1452 Servio
174 1381 303 1432 excusat.
340 1372 447 1433 Verum
464 1372 494 1433 id
514 1373 694 1451 frequentius
717 1381 779 1450 est,
803 1392 886 1452 quam
901 1383 932 1434 ut
946 1391 1045 1433 exem·

53 1457 111 1536 plis
126 1456 348 1517 confirmandum
367 1458 415 1515 sit.
461 1476 465 1486 ·

140 1540 394 1613 Quotiensautem
415 1540 565 1618 prooemio
586 1538 725 1600 fuerimus
744 1539 805 1616 usi,
828 1549 903 1616 tum,
927 1542 989 1600 sire
1010 1540 1089 1603 adili

55 1625 268 1702 expositionem
291 1624 473 1683 transibimus
493 1625 556 1683 sive
572 1624 704 1701 protinus
725 1623 994 1701 adprobationem,
1017 1624 1045 1683 id

54 1707 173 1767 debebit
203 1708 231 1766 in
258 1709 401 1786 principio
428 1715 606 1784 postremum
629 1723 711 1781 esso,
744 1708 790 1765 eui
815 1708 1046 1767 commodissime

52 1793 133 1869 iungi
146 1791 254 1853 initium
275 1792 455 1868 sequentium
469 1792 585 1868 poterit.
615 1788 668 1871 llla
683 1806 754 1849 veru
766 1789 870 1866 frigida
884 1800 913 1849 et
927 1791 1087 1868 puerilist?

54 1877 143 1935 estin
158 1875 267 1935 sobolis
282 1875 439 1949 alieotatio,
454 1882 486 1933 ut
500 1875 564 1952 ipse
579 1874 714 1932 transitus
729 1872 835 1933 efficiat
850 1873 973 1950 aliquam
993 1875 1046 1931 nti·

8 1993 9 2008 ι
54 1978 112 2039 qne
132 1960 317 2034 sententiam,
344 1968 373 2018 et
395 1957 478 2017 buius
502 1957 582 2017 velut
605 1958 780 2035 praestigiae
803 1955 935 2034 plausum
955 1965 1046 2036 petat,

54 2053 85 2103 ut
107 2041 224 2102 Ovirlins
240 2039 672 2122 lasciuireinbletamorpbosin
683 2041 770 2116 solet,
787 2058 872 2118 quem
886 2050 979 2100 tamen
997 2058 1046 2099 ex·

54 2142 159 2187 eusare
180 2128 339 2187 necessitas
362 2134 460 2205 potest
481 2143 529 2185 res
549 2126 759 2204 diversissimas
773 2126 801 2184 in
821 2126 949 2202 speeiem
964 2127 1047 2183 nnius

54 2211 189 2288 eorporis
204 2210 398 2287 colligentem.
446 2208 559 2270 Oratori
579 2224 652 2267 vero
674 2208 740 2285 quid
761 2217 807 2267 est
821 2226 944 2269 neeesse
960 2210 1090 2271 sumi-78

53 2312 126 2373 pere
141 2293 216 2353 hane
229 2295 488 2372 transgressionem
506 2301 536 2353 et
551 2291 674 2352 iudicem
694 2292 814 2367 fallere,
830 2295 894 2370 qni,
911 2301 941 2351 ut
956 2292 1047 2352 ordini

53 2395 150 2437 rernm
169 2379 290 2436 animum
310 2378 452 2452 intendat,
476 2380 561 2438 etiam
585 2377 808 2436 commonendus
832 2373 898 2435 esti
940 2374 1049 2435 Peribit

54 2463 129 2521 enim
143 2463 234 2539 prima
247 2478 314 2539 pars
331 2462 539 2538 expositionis,
558 2460 583 2519 si
596 2460 684 2519 index
697 2461 807 2520 narrari
825 2460 948 2519 nondum
963 2460 1047 2518 sciet.

55 2544 258 2623 Quapropter,
282 2552 313 2603 ut
337 2547 396 2604 non'
415 2543 536 2623 abrupte
556 2544 663 2604 eadere
683 2546 712 2602 in
726 2546 918 2603 narrationem
937 2544 975 2601 ita
992 2546 1090 2619 nonii

54 2627 181 2689 obseure
199 2629 422 2703 transcendere,
445 2636 490 2687 est
504 2628 650 2707 optimum.
691 2628 722 2686 Si
735 2644 807 2687 vero
823 2629 939 2705 longior
953 2627 1049 2703 sequi·

53 2720 101 2770 tnr
117 2712 308 2791 superplena
323 2713 414 2789 magis
427 2712 590 2790 expositio,
605 2711 641 2770 ad
657 2727 719 2770 eam
731 2713 822 2789 ipsam
835 2709 1050 2789 praeparandus

54 2796 109 2854 erit
124 2796 227 2872 iudex,
249 2805 280 2855 ut
297 2794 402 2855 Cicero
423 2797 540 2873 saepius
563 2794 617 2854 sed
637 2790 667 2853 et
683 2794 740 2854 boo
755 2795 822 2854 loeo
844 2795 933 2853 lesit:
955 2791 1050 2853 Paulo

52 2879 173 2957 longius
185 2881 345 2940 exordium
358 2880 406 2940 rei
417 2879 675 2940 demortetraodae
687 2886 834 2957 repetam,
853 2878 943 2955 qood,
957 2892 1049 2953 quoe-

53 2981 97 3035 so,
118 2963 254 3038 iudices,
275 2982 314 3024 aa
330 2964 452 3025 moleste
470 2962 651 3041 potiamini,-
671 2962 832 3041 principiis
851 2962 930 3021 enim
946 2961 1050 3038 cogni-

54 3047 94 3105 tis
106 3047 200 3108 multo
212 3048 337 3126 susibus
351 3054 489 3110 serrem
502 3046 683 3124 intelligetis.
716 3044 796 3104 llaee
820 3044 883 3104 iere
905 3052 970 3103 sunt
983 3043 1051 3103 milri

55 3127 91 3189 de
109 3130 232 3190 exordio
248 3140 405 3210 compertu.

8 3217 9 3242 l

415 3282 460 3333 uit
476 3279 697 3333 unuunulouu.

140 3374 176 3436 11.
205 3372 329 3437 blaxime
346 3377 478 3437 ‘naturale
500 3384 547 3436 est
566 3385 597 3436 et
621 3376 684 3435 lieri
701 3375 932 3454 frequentissime
952 3372 1049 3449 debet,

54 3468 87 3521 nt
99 3468 277 3540 pmeparato
292 3477 348 3539 per
361 3460 451 3538 baeu,
463 3477 547 3539 qnae
561 3477 649 3538 supra
669 3460 744 3519 dista
759 3468 842 3601 snrrti
850 3459 967 3600 pupilice,
989 3471 1050 3533 res,
