2434 3925
99 242 144 290 or.
158 239 238 287 ros.
256 236 475 299 oumnmmnr
492 235 580 286 ruso.
596 236 745 287 oneror.
760 237 977 288 raoouurnu.
1021 223 1040 287 3

43 397 94 475 qni
114 403 206 455 artem
223 392 324 453 orandi
345 392 448 452 litteris
469 392 661 467 tradiderunt,
679 394 720 453 ita
741 400 806 453 sont
824 394 938 467 exorsi,
959 391 1041 471 quasi

42 473 186 560 perfectis
202 479 278 537 omni
292 476 350 536 alio
367 494 477 552 genere
496 477 645 537 doctrinae
667 495 801 537 summam
820 479 886 538 inde
901 478 1040 556 eloquen-

41 566 102 624 tiae
119 581 231 623 manum
250 563 446 639 imponerent;
469 563 532 621 sive
553 568 770 621 contemnentes
787 570 920 641 tanquam
939 579 1039 640 parva,

41 666 120 726 quae
136 649 215 724 prins
231 646 377 719 discimus,
393 645 502 713 stodia;
520 648 583 705 sive
597 662 655 704 non
671 645 705 705 ad
719 663 800 704 soom
815 649 962 724 pertinere
977 645 1040 704 ofo-

41 734 120 792 cinm
135 732 253 809 opinati,
271 729 385 807 quando
400 728 509 789 divisae
523 730 737 808 professionum
750 732 831 788 vices
846 739 958 793 essent:
976 749 1039 804 seu,

13 843 17 848 ·
41 816 124 894 qnod
140 817 299 892 proximum
314 830 405 889 vero,
420 814 525 873 nullam
539 816 646 891 ingenii
660 823 813 892 sperantes
828 817 948 891 gratiam
963 816 1041 873 circa

40 917 93 959 res
109 900 220 959 etiamsi
236 899 418 956 necessarias
430 898 533 976 procul
547 907 641 957 tamen
657 899 692 958 ab
708 900 901 957 ostentatione
915 901 1040 975 positas;

39 992 74 1043 ut
90 1001 211 1061 operum
227 982 342 1056 fastigia
357 989 538 1058 spectantur,
555 981 645 1042 ldtent
663 984 852 1043 fundamenta.
885 981 961 1058 Ego,
978 994 1069 1047 cums

41 1068 206 1127 existimem
229 1065 298 1124 nihii
320 1066 374 1123 arti
400 1068 544 1125 oratoriae
567 1066 706 1141 alienum,
735 1069 797 1126 sine
821 1083 877 1145 quo
900 1066 962 1125 fieri
982 1082 1041 1125 non

39 1169 136 1231 posse
152 1158 298 1209 oratorem
313 1149 458 1209 fatendum
472 1159 533 1224 est,
555 1168 612 1209 nec
626 1152 662 1211 ad
675 1151 761 1210 ullius
777 1153 820 1210 rei
837 1167 971 1209 summam
985 1150 1041 1207 nisi

39 1234 287 1314 praecedentibus
305 1234 392 1292 initiis
409 1235 568 1311 perveniri:
591 1234 626 1294 ad
641 1237 750 1295 minora
769 1235 818 1294 illa
834 1235 902 1308 sed,
926 1235 1040 1313 quaesi

39 1319 195 1397 negligas,
218 1336 275 1377 non
298 1319 335 1376 sit
354 1318 509 1376 maioribus
529 1317 627 1394 locus,
648 1319 798 1379 demittere
816 1334 936 1377 menon
956 1335 1040 1377 recu-

39 1403 132 1471 sabo;
161 1420 216 1461 nec
236 1402 336 1476 aliter,
365 1419 448 1479 quam
469 1403 494 1460 si
513 1402 580 1461 mibi
597 1402 725 1462 tradatur
744 1402 906 1462 educandus
928 1411 1038 1477 orator,

38 1489 138 1548 studia
153 1489 214 1546 eius
231 1487 358 1545 formare
371 1484 407 1544 ab
423 1486 541 1545 infantia
556 1486 698 1565 incipiam.
736 1486 820 1560 Quod
839 1503 927 1564 opus,
947 1485 1068 1550 Mar-6

39 1572 146 1633 celle
174 1571 336 1646 Victori,
367 1569 418 1630 tibi
446 1570 589 1644 dieamus,
621 1588 720 1649 qoem,
751 1589 814 1629 cum
840 1571 1040 1631 amicissimum

37 1656 127 1716 nobis
149 1665 207 1715 tnm
221 1656 327 1714 eximio
349 1655 507 1714 litterarum
526 1671 624 1715 amore
639 1656 826 1731 flagrantem,
839 1671 897 1713 non
918 1662 1041 1732 propter

37 1741 117 1800 haec
130 1741 217 1800 modo
235 1740 411 1817 (quanquam
426 1740 482 1797 sint
499 1742 618 1818 magna)
636 1740 830 1815 dignissimum
849 1740 906 1798 boc
925 1747 1040 1796 mutuae

37 1827 190 1884 internos
212 1824 338 1882 caritatis
356 1813 480 1900 pigno're
495 1822 701 1888 iudicabamus;
721 1822 773 1882 sed
789 1823 865 1900 quod
882 1821 1039 1881 erudiendo

40 1907 136 1969 Getae
156 1915 222 1984 tuo,
246 1908 326 1967 cuius
347 1907 437 1984 prima
457 1915 537 1966 aetas
554 1907 735 1967 manifestum
750 1908 804 1966 iam
818 1908 925 1983 ingenii
945 1905 1041 1965 lumen

38 1992 188 2066 ostendit,
212 2008 270 2050 non
292 1991 405 2050 inutiles
428 1991 493 2049 iore
515 1989 582 2049 libri
602 1990 788 2065 videbantur,
815 2008 887 2068 qnos
910 1988 946 2049 ab
969 1992 1041 2067 ipsis

37 2076 175 2137 discendi
195 2075 277 2135 velut
297 2073 494 2149 incunabulis,
517 2092 570 2151 per
592 2092 708 2149 omnes,
732 2092 806 2153 quae
827 2073 913 2134 modo
933 2072 1057 2152 aliquid.

37 2162 154 2220 oratori
175 2159 270 2220 futuro
287 2160 453 2234 conterant,
474 2168 551 2218 artes
571 2161 607 2220 ad
627 2177 762 2219 summam
783 2160 845 2218 eius
861 2160 958 2236 operis
974 2176 1040 2236 per·

36 2245 153 2305 ducere
173 2241 399 2310 destinabamns;
426 2253 512 2320 atque
532 2261 568 2302 eo
591 2245 699 2321 inagis,
731 2245 807 2322 quod
829 2242 885 2302 duo
909 2245 963 2301 iam
986 2241 1068 2300 sobi

37 2331 159 2388 nomine
180 2344 245 2387 meo
269 2327 334 2387 libri
357 2326 525 2387 terebantur
545 2330 615 2387 artis
636 2328 800 2388 rhetoricae
820 2344 915 2405 neque
936 2327 1041 2386 editio

36 2432 85 2472 me
102 2430 201 2490 neque
217 2414 245 2470 in
260 2411 317 2471 boc
332 2413 499 2490 comparati.
531 2410 661 2489 Namque
679 2413 816 2488 alterum,
838 2427 972 2470 sermone
986 2427 1042 2487 per

37 2497 160 2556 biduum
174 2495 291 2570 habito,
311 2497 412 2572 pueri,
441 2494 543 2572 quibus
557 2496 586 2555 id
604 2495 820 2573 praestabatur,
848 2502 1038 2574 exceperant;

38 2582 166 2642 alterum
180 2578 309 2657 pluribus
324 2598 394 2639 sane
409 2579 526 2655 diebus,
544 2589 678 2658 quantum
693 2580 818 2639 notando
832 2579 970 2656 consequi
988 2593 1039 2654 po·

40 2673 172 2739 tuerant,
188 2667 396 2742 interceptum,
416 2663 484 2722 boni
498 2664 618 2723 iuvenes
636 2664 688 2723 sed
704 2666 817 2722 nimium
831 2671 958 2722 amantes
972 2661 1039 2737 mei,

40 2752 199 2811 temerario
214 2748 348 2808 editionis
362 2747 474 2808 bonore
485 2748 685 2825 vulgaverant.
712 2747 808 2821 Quare
823 2748 851 2806 in
865 2747 908 2806 bis
924 2751 1069 2824 quoque8

41 2832 125 2893 libris
150 2842 235 2892 erunt
255 2833 357 2893 eadem
378 2832 491 2909 aliqua,
518 2832 607 2891 multa
629 2840 753 2906 mutata,
776 2831 896 2909 plurima
917 2831 1040 2904 adiecta,

43 2920 136 2977 omnia
151 2934 223 2976 vero
240 2918 446 2995 compositiora
460 2924 506 2991 et,
530 2933 615 2994 qnam
623 2933 677 2975 nos
692 2917 865 2994 poterimus,
883 2913 1040 2973 elaborata.

128 2999 281 3060 Oratorem
296 3009 390 3059 autem
411 3001 582 3059 instituimus
604 3000 685 3059 illum
707 2999 885 3079 perfectum,
909 2999 957 3075 qui
973 3004 1068 3060 esse9

42 3084 101 3143 nisi
118 3081 280 3144 virbonus
297 3101 355 3143 non
377 3091 491 3162 potest;
515 3084 642 3162 ideoque
663 3101 720 3143 non
741 3083 854 3143 dicendi
873 3081 958 3141 modo
981 3084 1041 3141 exi·

42 3168 176 3228 miamin
199 3186 236 3228 eo
259 3168 426 3227 facultatem
446 3167 498 3227 sed
520 3185 621 3228 omnes
642 3168 725 3226 animi
747 3169 869 3225 virtutes
890 3167 1040 3242 exigimus.

28 3248 149 3330 ''Neqne
165 3255 240 3313 enim
260 3252 318 3312 boc
333 3253 545 3327 concesserim,
567 3254 708 3312 rationem
727 3259 827 3311 rectae
842 3249 1084 3326 honestaeqnelo

44 3339 122 3396 vitae
148 3336 193 3415 (ut
217 3337 330 3414 qnidam
354 3338 541 3415 putaverunt)
563 3336 599 3395 ad
624 3335 816 3414 philosophos
841 3332 1043 3410 relegandam:

46 3437 109 3480 curo
128 3423 173 3480 vir
190 3421 242 3480 ille
256 3438 328 3480 vere
346 3420 440 3481 civilis
456 3428 485 3479 et
504 3419 683 3497 publicarum
698 3421 929 3497 privatarumque
947 3432 1042 3475 rerum

46 3502 281 3567 administrationi
303 3504 553 3581 accommodatus,
584 3505 633 3581 qui
654 3521 762 3579 regere
791 3501 920 3642 corrlspliis
942 3497 1042 3573 nrbes,
