2434 3925
338 245 774 313 unsu.0nauon.n1s.111,1.
996 237 1055 297 107

60 406 193 464 auctores
210 417 268 459 non
287 400 432 475 convenit,
447 418 501 460 uos
520 409 615 460 autem
633 401 784 462 Aristoteli
799 402 951 463 credimus.
983 402 1056 463 llinc

59 486 138 546 velut
153 485 287 544 diversae
302 486 396 544 secari
414 494 575 562 coeperunt
589 488 664 545 viae.
692 485 764 545 Nam
777 494 806 545 et
819 485 957 546 Isocratis
972 498 1099 565 prae-14

59 571 224 630 stantissimi
245 568 379 647 discipuli
399 567 514 628 luerunt
537 571 566 628 in
592 571 667 628 omni
690 570 847 630 studiorum
865 588 986 646 genere,
1007 588 1056 631 eo·

60 673 115 733 que
130 655 187 712 iam
200 654 317 711 seniore
333 652 481 729 (octavum
499 655 573 712 enim
588 661 617 711 et
634 655 848 730 nonagesimum
862 655 995 732 implevit
1008 673 1056 714 an·

58 739 147 815 num)
163 736 366 814 pomeridianis
381 735 489 795 scholis
505 734 682 797 Aristoteles
701 727 874 816 praecipere
887 747 977 798 artem
992 756 1056 798 ora·

59 824 161 882 toriam
176 822 289 898 coepit,
314 829 384 880 noto
407 820 522 898 quidem
543 820 593 879 illo
613 820 659 897 (ut
676 821 811 902 traditur)
832 840 919 880 versu
939 841 976 881 ex
991 823 1055 882 Phi·

59 907 167 967 locteta
190 904 359 982 frequenter
384 922 471 963 usus:
506 895 638 982 Αἰσχρὸν
659 909 791 980 σιωπᾶν,
811 895 980 984 Ἰσοκράτην
1004 905 1058 966 ἐὰν

58 989 160 1068 λέγειν,
178 986 280 1066 Turpe
294 1007 362 1051 esce
375 997 481 1060 tacere
494 996 523 1049 et
537 986 698 1049 leocrates
712 991 780 1067 poti
793 991 907 1051 dicere.
935 989 993 1049 Ars
1012 999 1059 1049 est

59 1076 219 1150 utriusque,
235 1072 288 1131 sed
302 1071 431 1150 pluribus
448 1090 510 1131 eam
526 1071 607 1132 libris
622 1071 799 1133 Aristoteles
815 1072 984 1150 complexus
1001 1082 1054 1133 est.

58 1157 169 1217 Eodem
187 1165 318 1235 tempore
342 1155 526 1215 Theodectes
550 1157 618 1231 luit,
640 1157 676 1217 de
698 1159 778 1217 cuius
799 1174 890 1236 opere
911 1175 997 1235 supra
1016 1158 1056 1217 di·

60 1252 136 1301 ctum
156 1249 211 1300 est.
258 1239 475 1319 Theophrastus
497 1257 614 1318 quoque
639 1240 807 1301 Aristotelis
835 1241 993 1319 discipulus
1021 1242 1057 1301 de
1066 1251 1099 1305 15

58 1326 206 1392 rhetorice
222 1324 376 1400 diligenter
390 1326 523 1406 scripsit,
542 1333 630 1402 atque
645 1325 712 1385 hinc
727 1326 776 1385 vel
792 1325 947 1385 studiosius
963 1325 1056 1404 philo·

59 1409 143 1488 sophi
159 1427 244 1488 quam
267 1408 401 1467 rhetore-s
422 1410 638 1486 praecipueque
657 1411 820 1469 Stoicorum
836 1427 871 1470 ac
887 1408 1056 1488 Peripateti·

59 1511 160 1554 corum
180 1494 336 1571 principes.
374 1491 457 1552 Fecit
476 1492 580 1553 deinde
600 1493 681 1553 velut
700 1496 845 1572 propriam
864 1493 1059 1571 Hermagoras
1067 1503 1100 1557 16

59 1579 144 1652 mam,
161 1575 371 1655 quamplurimi
385 1578 568 1645 suntsecuti;
588 1580 633 1636 cui
653 1580 775 1637 maxime
789 1596 842 1656 par
857 1587 943 1655 atque
962 1596 1056 1637 aemu-

60 1661 104 1722 lus
119 1660 233 1720 videtur
250 1660 417 1720 Athenaeus
436 1661 536 1719 luisse.
567 1658 656 1720 Multa
671 1671 739 1739 post
758 1661 931 1740 Apollonius
946 1660 1056 1737 lllolon,

58 1744 147 1805 multa
164 1744 276 1820 Areus,
302 1744 389 1805 multa
413 1743 558 1805 Caecilius
584 1754 614 1804 et
628 1744 866 1805 Halicarnasseus
889 1745 1056 1820 Dionysius.

60 1829 222 1906 Praecipue
236 1838 331 1887 tamen
345 1830 374 1888 in
388 1847 422 1888 sc
437 1837 643 1889 converterunt
662 1830 754 1889 studia
773 1828 973 1907 Apollodorus
989 1828 1100 1892 Per-17

58 1930 215 1991 gamenus,
237 1915 284 1992 qui
304 1923 480 1992 praeceptor
499 1911 677 1990 Apolloniae
695 1911 830 1973 Caesaris
852 1912 974 1990 Augusti
994 1911 1056 1987 luit,
1182 1918 1186 1925 '

57 2007 86 2058 et
105 1996 278 2058 Theodorus
297 1997 460 2073 Gadareus,
482 1999 530 2076 qui
551 2015 584 2057 se
603 1997 660 2056 dici
676 1998 775 2057 maluit
790 1996 946 2072 Rhodium,
974 2014 1059 2074 quem

57 2082 192 2142 studiose
217 2082 347 2158 audisse,
373 2100 436 2142 cum
458 2084 487 2141 in
508 2099 570 2141 eam
591 2081 712 2142 insulam
734 2083 927 2155 secessisset,
954 2080 1059 2139 dicitur

56 2165 193 2226 Tiberius
209 2163 327 2225 Caesar.
358 2166 394 2227 lli
409 2168 539 2227 diversas
554 2167 706 2244 opiniones
720 2165 911 2240 tradiderunt,
927 2162 1101 2242 appella-18

55 2252 138 2327 tique
164 2247 449 2329 inde.Apollod0rei
467 2269 502 2310 ac
525 2249 694 2313 Theodorei
718 2250 754 2310 ad
779 2267 888 2309 morem
909 2257 1005 2309 certas
1030 2250 1058 2306 in

56 2333 246 2412 philosophia
261 2344 358 2394 sectas
373 2334 523 2412 sequendi.
559 2334 618 2394 Sed
633 2333 808 2413 Apollodori
829 2342 987 2412 praecepta
999 2349 1057 2390 ma-

57 2421 104 2495 gis
124 2436 163 2477 ex
183 2417 333 2495 discipulis
356 2436 538 2496 cognoscas,
561 2435 682 2496 quorum
703 2418 938 2494 diligentissimus
958 2418 986 2475 in
1001 2425 1057 2474 tra·

57 2502 154 2562 dendo
185 2501 238 2561 luit
262 2500 361 2561 Latine
388 2502 475 2579 Gajus
500 2502 638 2579 Valgius,
666 2501 779 2563 Graece
813 2501 936 2560 Atticus.
985 2499 1057 2559 Nam

59 2586 152 2663 ipsius
169 2585 233 2645 sola
250 2586 363 2646 videtur
378 2584 434 2646 Ars
453 2587 528 2646 edita
546 2586 582 2646 ad
597 2585 741 2661 Mettium,
761 2587 826 2664 quia
842 2595 956 2645 ceteras
971 2586 1057 2642 missa

58 2669 94 2729 ad
111 2669 267 2729 Domitium
289 2670 413 2749 epistola
434 2689 492 2731 non
506 2671 648 2747 agnoscit.
685 2668 770 2730 Plura
787 2671 903 2748 scripsit
923 2667 1057 2729 Theodo-

59 2771 121 2829 rus,
141 2755 223 2813 cuius
238 2755 398 2815 auditorem
413 2754 611 2831 Hermagoran
626 2763 691 2813 sunt
708 2756 755 2833 qui
771 2755 904 2813 viderint.

144 2836 338 2898 Romanorum
353 2840 461 2917 primus
485 2838 641 2917 (quantum
656 2856 713 2915 ego
729 2838 842 2916 quidem
864 2838 973 2916 sciam)
990 2852 1058 2896 con·
1067 2843 1100 2898 19

59 2919 132 2981 didit
153 2922 248 2999 aliqua
270 2924 299 2981 in
320 2923 394 2983 hanc
413 2924 560 2982 materiam
580 2920 620 2981 tl.
639 2921 711 2982 Cato
727 2922 777 2982 ille
797 2919 972 2995 Censorius,
991 2929 1059 2998 pust

56 3002 96 3064 ll.
120 3004 263 3065 Antonius
284 3007 444 3076 inchoavit;
473 3023 537 3066 nam
559 3006 617 3066 hoc
635 3007 729 3067 solum
747 3023 820 3084 opus
841 3007 903 3063 eius
923 3012 1010 3082 atque
1030 3004 1058 3064 id

56 3090 154 3167 ipsum
177 3090 377 3168 imperfectum
398 3099 502 3151 manet.
538 3091 637 3150 Secuti
657 3092 748 3150 minus
765 3089 914 3156 celebres;
939 3106 1059 3166 quorum
1092 3161 1094 3165 Ι

55 3174 243 3249 memoriam,
268 3176 292 3233 si
315 3193 372 3253 quo
392 3175 460 3235 loco
484 3191 533 3233 res
558 3183 680 3253 poscet,
704 3191 762 3233 non
777 3176 912 3233 omittam.
943 3172 1100 3233 Praecinit

55 3275 148 3336 puum
169 3275 241 3318 veru
269 3258 365 3318 lumen
387 3262 463 3319 sicut
485 3258 672 3336 eloquentiae
693 3260 732 3317 ita
752 3259 919 3336 praeceptis
942 3273 1058 3335 quoque

54 3343 122 3401 eius
138 3340 228 3416 dedit,
243 3345 355 3403 unicum
367 3343 443 3422 apud
455 3359 508 3422 nos
521 3345 670 3421 specimen
685 3342 784 3402 orandi
797 3342 979 3421 docendique
995 3356 1059 3398 ura·

53 3426 152 3484 turias
174 3434 269 3501 artes,
300 3425 338 3486 M.
355 3427 480 3495 Tullium
502 3436 569 3505 post
593 3445 679 3505 quem
696 3435 796 3486 tacere
816 3425 1058 3485 modestissimum

54 3509 156 3587 iuret,
177 3511 232 3569 nisi
255 3519 284 3571 et
304 3511 470 3573 rhetoricos
491 3528 561 3573 suos
581 3512 647 3592 ipse
668 3510 848 3571 adolescenti
869 3508 924 3569 sibi
939 3506 1058 3584 elapsos
