2434 3925
163 185 222 249 178
471 201 509 249 ιι.
520 199 598 247 une.
611 199 830 259 cometamur

158 354 269 417 memte
289 355 377 432 dicit,
399 353 586 434 appellatam
606 373 641 416 ae
660 356 700 418 de
720 364 827 435 stupro
846 372 868 418 a
885 357 1030 436 prioipao
1047 360 1077 419 et
1093 358 1160 421 ribi

161 440 351 501 caecitatum
370 448 486 518 tempas
506 446 537 500 et
556 439 674 511 loeamr
694 442 802 502 eodem
819 450 927 502 contra
944 441 1027 519 iliae
1046 442 1158 504 detulit

160 524 199 584 de
219 541 369 598 noemae,
390 525 470 584 edito
486 530 602 584 tantam
617 524 678 584 atio
691 524 823 602 tempore
841 540 881 587 oe
902 525 984 597 ioeo‚·
1006 534 1099 604 pater
1119 527 1157 588 in

160 626 213 683 eo,
240 622 328 686 quem
348 625 430 668 eaor
447 606 670 685 praedixerat,
696 607 791 684 fitium
812 609 941 684 incenit,
969 616 1031 671 tam
1050 610 1082 669 in
1103 627 1154 686 eo,
1202 652 1204 655 -

159 707 247 767 quem
265 690 354 768 fitius,
375 709 523 760 oaorem,-
537 692 621 752 mam
636 693 821 768 repediavit,
844 708 907 769 qua
920 700 1037 754 tacente
1055 692 1155 769 filiam

68 850 70 857 Α
159 775 292 840 abdicat.
321 774 398 833 Nihil
412 775 468 833 diei
483 782 580 852 potest
594 791 648 853 pro
663 777 777 849 iuvene,
795 774 870 853 quod
886 791 942 833 non
953 775 1027 837 idem
1043 777 1080 835 sit
1093 793 1151 853 pro

120 864 296 920 99uoverca.
330 857 473 918 Ponentur
494 866 587 917 tamen
607 860 691 918 etiam
711 860 882 925 communia;
906 859 1008 919 deinde
1026 877 1063 917 ex
1082 877 1152 936 per·

160 958 292 1001 sonarum
313 942 690 1020 comparationeetindicii
710 943 811 1001 ordine
832 950 862 1001 et
884 943 999 1002 silentio
1015 943 1152 1020 repudia·

103 1033 205 1086 lotitae
220 1034 385 1101 argumenta
400 1026 547 1085 docentur.
582 1024 626 1085 Ne
649 1024 718 1084 iliud
741 1026 855 1103 quidem
868 1027 1003 1102 ignorare
1020 1035 1152 1104 oportet,

158 1109 296 1186 quaedam
314 1127 396 1184 esse,
418 1126 491 1186 quae
511 1108 640 1168 colorem
665 1125 722 1167 non
744 1111 883 1188 recipiant
903 1110 956 1170 sed
974 1118 1079 1169 tantum
1098 1110 1153 1169 de·

157 1192 299 1253 tendenda
319 1195 390 1268 sint,
415 1192 507 1270 qualis
524 1201 569 1251 est
583 1193 634 1252 ille
656 1194 758 1269 diaes,
786 1195 837 1270 qai
855 1202 987 1255 statuam
1000 1197 1154 1272 poapcm's

156 1277 272 1338 inimici
285 1273 415 1355 {tapetiis
430 1277 541 1338 cecidit
561 1285 590 1335 et
609 1294 677 1335 reus
698 1285 743 1336 est
762 1278 939 1345 iniuriarum
962 1294 1025 1336 nam
1044 1275 1153 1336 iactum

157 1361 221 1419 eius
242 1360 400 1419 modestum
427 1377 494 1419 esse
515 1377 599 1419 nemo
621 1360 741 1436 dixerit,
768 1360 909 1436 fortasse,
940 1369 970 1421 ut
989 1363 1026 1421 sit
1049 1369 1152 1432 tutum,

160 1441 308 1503 obtinebit.

101 1547 150 1598 101
175 1562 178 1567 -
242 1525 351 1600 Quodsi
373 1545 458 1605 pars
483 1528 671 1605 expositionis
691 1543 757 1605 pro
772 1526 894 1603 nobis,
914 1545 997 1606 pars
1018 1536 1152 1593 contra

157 1629 176 1668 ιι
186 1627 228 1669 os
244 1612 313 1669 erit:
329 1611 473 1671 miscenda
489 1613 525 1669 sit
541 1629 577 1670 en
594 1611 753 1689 separanda
768 1614 904 1686 narratio,
922 1629 985 1671 cum
1001 1614 1063 1689 ipsa
1079 1629 1151 1671 con·

158 1696 271 1757 dicione
285 1711 389 1755 causae
409 1694 623 1755 deliberandum
643 1704 697 1753 est.
729 1693 800 1754 Nam
820 1697 845 1754 si
869 1694 950 1774 plura
970 1704 1050 1770 suut,
1073 1713 1151 1772 quae

157 1787 280 1838 nocent:
296 1796 369 1856 quae
387 1788 523 1858 prosunt,
540 1777 705 1841 obruuntur.
735 1777 833 1856 ltaque
849 1788 915 1838 tunc
931 1780 1059 1839 dividere
1074 1783 1151 1857 opti·

156 1879 231 1922 mum
248 1864 319 1938 erit,
336 1863 440 1938 ethis,
457 1880 531 1940 quae
545 1871 655 1941 partem
669 1871 793 1922 nostram
809 1862 990 1937 adiuvabant,
1007 1865 1152 1941 expositis

157 1955 187 2007 et
203 1947 385 2022 confirmatis,
403 1948 540 2007 adversus
556 1946 667 2026 reliqua
678 1948 718 2007 uti
733 1947 877 2022 remediis,
891 1947 927 2007 de
945 1946 1046 2025 quibus
1061 1966 1151 2025 supra

99 2031 261 2098 londictum
275 2041 328 2091 est.
358 2031 388 2092 st
407 2033 490 2109 plura
504 2032 675 2109 proderunt:
691 2032 774 2090 etiam
788 2034 964 2107 coniungere
980 2030 1088 2105 licebit,
1105 2041 1150 2107 ut,

159 2132 232 2193 quae
255 2113 382 2189 obstant,
408 2117 437 2174 in
452 2116 553 2175 mediis
574 2115 654 2176 velut
678 2115 791 2175 auxiliis
811 2118 917 2174 nostris
940 2117 1034 2192 posita
1056 2117 1151 2173 minus

157 2197 281 2258 habeam
299 2200 408 2257 virium.
445 2197 526 2272 Quae
548 2208 718 2258 tamennon
739 2209 821 2259 erunt
834 2199 908 2258 nuda
925 2199 1073 2276 ponenda,
1094 2198 1151 2258 sed

157 2290 188 2342 ut
203 2290 232 2340 et
246 2290 343 2341 nostra
358 2281 451 2359 aliqua
465 2284 709 2359 argumentatione
728 2282 886 2357 firmemus,
910 2291 938 2341 et
961 2283 1074 2342 diversa
1097 2300 1152 2341 cur

159 2364 308 2425 credibilia
322 2382 379 2423 non
397 2367 469 2440 sint,
485 2366 662 2433 adiiciamus;
683 2368 764 2444 quia,
787 2368 841 2425 nisi
855 2366 1081 2441 distinxerimus,
1097 2384 1151 2425 ve·

157 2446 276 2508 rendum
291 2457 346 2524 est,
362 2467 397 2507 ne
412 2448 487 2508 bona
502 2458 599 2508 nostra
615 2452 763 2527 permixtis
779 2449 860 2509 maiis
875 2451 1064 2527 inquinentur.

101 2544 152 2600 103
240 2530 293 2591 Illa
315 2540 429 2611 quoque
449 2533 486 2592 de
507 2535 668 2593 narratione
690 2535 819 2612 praecipi
842 2533 952 2609 solent,
980 2552 1016 2592 ne
1035 2551 1088 2612 qua
1112 2553 1152 2594 ex

158 2615 256 2676 eadat
271 2619 416 2691 excursio,
431 2634 468 2675 ne
485 2625 658 2678 avertatura
675 2617 770 2677 indice
785 2634 892 2692 sermo,
907 2635 943 2676 ne
958 2617 1069 2677 alienae
1081 2635 1151 2694 per·

157 2717 247 2760 sonae
275 2716 377 2759 vocem
401 2699 516 2776 demus,
542 2719 579 2759 ne
605 2710 850 2778 argumentemur,
876 2701 1011 2761 adiiciunt
1037 2701 1153 2778 quidam

157 2785 257 2860 etiam,
272 2803 309 2843 ne
323 2791 432 2843 utamur
445 2784 612 2853 adectibns;
631 2803 751 2863 quornm
773 2785 912 2863 pleraque
934 2793 999 2845 sunt
1014 2786 1152 2862 frequen·

157 2869 266 2927 tissime
291 2867 492 2942 custodienda,
513 2870 569 2927 imo
591 2887 748 2947 nunquam,
771 2870 824 2927 nisi
844 2870 916 2928 ratio
932 2870 1074 2945 coegerit,
1088 2886 1152 2928 mu·

100 2951 251 3014 lottanda.
282 2951 320 3012 Ut
334 2952 370 3010 sit
385 2952 528 3030 expositio
543 2956 697 3031 perspicua
709 2961 738 3011 et
752 2951 865 3027 brevis,
881 2952 949 3011 nihil
966 2952 1079 3030 quidem
1092 2961 1152 3012 tam

157 3051 223 3094 raro
237 3037 344 3113 poterit
357 3034 465 3095 babere
477 3037 616 3096 rationem
632 3054 715 3114 quam
733 3037 927 3104 excursio;
953 3054 1007 3096 nec
1026 3053 1152 3114 unquam

158 3116 275 3178 debebit
295 3136 361 3178 esse
384 3120 438 3178 nisi
457 3119 553 3179 brevis
569 3129 598 3179 et
611 3121 693 3194 talis,
715 3128 746 3178 ut
770 3121 797 3178 vi
814 3121 933 3198 quadam
947 3121 1093 3179 videamur
1108 3120 1152 3179 ai·

122 3221 125 3228 ‘
156 3201 251 3262 fectus
265 3203 345 3262 velut
360 3211 441 3262 recto
461 3204 562 3263 itinere
578 3203 710 3282 depulsi,
727 3202 819 3281 qualis
839 3213 884 3263 est
901 3202 1052 3263 Ciceronis¹
1071 3204 1152 3264 circa

99 3287 268 3365 lotnuptias
294 3287 408 3347 Sasiae:
439 3283 618 3348 Omulicria
641 3287 743 3349 aeetae
770 3288 950 3349 tscrettttte
976 3297 1005 3349 et
1022 3296 1154 3365 praeter

157 3370 239 3433 boae
258 3388 349 3432 unam
377 3370 410 3429 io
432 3371 513 3431 omni
532 3373 595 3433 aito
616 3371 805 3432 inauditam!
842 3369 868 3431 0
887 3372 1041 3433 libidinem
1060 3369 1153 3453 effre-

156 3463 262 3522 natam
287 3460 317 3518 et
336 3453 528 3517 attonitam!
572 3452 598 3514 O
626 3454 794 3517 andedam
818 3455 1023 3534 sinpatarem!
1051 3473 1155 3517 nomae
