2434 3925
157 211 197 276 84
472 228 508 275 nr.
525 226 602 275 aaa.
619 226 838 287 qmnrmrnnr

155 381 274 458 labore,
290 381 406 442 assiduo
422 382 534 458 studio,
554 382 634 442 varia
649 382 869 459 exercitatione,
890 381 1020 462 plurimis
1036 383 1158 460 experi-

91 533 94 540 ,
155 468 275 541 mentis,
297 467 433 526 altissima
452 467 619 545 prudentia,
640 469 875 545 praesentissimo
897 468 1019 527 consilio
1039 475 1161 527 constat

115 550 345 616 16arsdioeudi·
390 551 449 611 Sed
475 553 624 611 adiuvatur
648 551 693 610 his
720 569 853 630 quoque,
879 553 904 610 si
924 561 1019 611 tamen
1044 560 1159 610 rectam

154 638 239 710 riam,
256 651 313 694 non
328 652 410 695 unam
426 634 546 696 orbitam
561 644 735 703 monstrent;
759 654 815 714 qua
830 636 978 696 declinare
994 638 1043 713 qui
1059 635 1157 695 credi·

156 720 230 779 derit
246 720 344 794 nelas,
366 721 489 797 patiatur
513 738 638 779 necesse
661 728 706 779 est
728 719 807 780 illum
822 738 875 797 per
889 720 973 779 funes
989 719 1157 797 ingredien-

155 804 224 862 tium
239 804 410 863 tarditatem.
454 803 555 882 ltaque
571 812 601 863 et
615 813 734 863 stratum
748 804 862 864 militari
875 804 976 864 labore
991 805 1047 865 iter
1061 821 1158 881 saepe

154 887 314 947 deserimus
330 888 502 966 compendio
519 888 609 956 ducti;
636 897 682 962 et,
693 889 728 958 ,si
744 898 854 948 rectum
868 888 986 948 limitem
1002 890 1078 967 rupti
1095 897 1157 946 tor·

155 970 283 1031 rentibus
305 981 410 1050 pontes
432 972 600 1046 inciderint,
618 974 769 1032 circumire
794 990 949 1050 cogemur,
965 982 1010 1047 et,
1027 974 1052 1031 si
1070 973 1157 1031 ianua

113 1066 147 1121 17
154 1056 298 1116 tenebitur
312 1055 456 1132 incendio,
474 1073 528 1136 per
542 1059 682 1133 parietem
698 1055 847 1116 exibimus.
877 1056 947 1116 Late
968 1057 1062 1117 iusum
1078 1073 1156 1134 opus

156 1150 201 1200 est
216 1150 245 1200 et
259 1140 411 1218 multiplex
427 1149 456 1199 et
471 1157 564 1219 prope
581 1142 687 1201 cotidie
702 1158 817 1215 novum,
837 1149 867 1200 et
882 1141 918 1200 de
939 1157 996 1220 quo
1011 1157 1157 1218 nunquam

155 1225 232 1284 dicta
248 1233 329 1284 erunt
345 1226 448 1283 omnia.
480 1224 561 1298 Quae
577 1227 633 1284 sint
646 1234 740 1285 tamen
752 1227 866 1299 tradita,
885 1227 953 1303 quid
968 1243 1005 1284 ex
1017 1225 1060 1285 lris
1078 1226 1155 1302 opti-

154 1326 244 1382 mum,
262 1316 292 1367 et
308 1310 332 1367 si
347 1326 402 1386 qua
417 1309 535 1385 mutari,
560 1310 662 1385 adiici,
680 1308 806 1387 detrahi,
822 1309 924 1370 melius
940 1308 1095 1385 videbitur,
1112 1308 1155 1368 di·

156 1410 225 1453 oere
240 1393 385 1470 experiar.

455 1533 576 1586 DlVlSlO
596 1535 711 1588 TOTlUS
730 1536 850 1588 OPERIS.

236 1633 313 1696 xlv.
343 1634 576 1695 Rhetorioeu
591 1635 620 1694 in
636 1635 764 1695 latinum
778 1633 987 1714 transferentes
1004 1643 1062 1692 tum
1078 1653 1153 1695 ora·

154 1721 264 1783 loriam
286 1730 344 1778 tum
365 1722 531 1782 oratricem
558 1721 784 1779 nominaverunt.
830 1718 910 1792 Quos
936 1718 1070 1795 equidem
1094 1736 1153 1778 uou

154 1805 346 1867 fraudaverim
361 1804 459 1864 debita
475 1804 571 1879 laude,
589 1804 667 1883 quod
682 1805 794 1882 copiam
809 1802 929 1862 Romani
944 1804 1086 1862 sermonis
1103 1821 1152 1862 au·

153 1906 226 1969 gere
248 1890 421 1967 temptarint.
466 1888 525 1949 Sed
546 1906 604 1948 uon
626 1889 719 1948 omnia
741 1904 795 1947 nos
819 1888 958 1947 ducentes
979 1905 1017 1946 ex
1038 1885 1154 1958 Graeco

154 1983 312 2053 sequuntur
327 1975 401 2033 sicut
416 1991 452 2033 ue
470 1973 538 2034 illos
554 1974 687 2052 quidem,
715 1974 849 2052 quotiens
865 1975 923 2031 suis
939 1974 1038 2052 utique
1053 1972 1152 2031 verbis

124 2061 269 2137 tsignare
291 2067 390 2119 oostm
411 2057 573 2117 voluerunt.
618 2057 656 2118 Et
676 2057 749 2118 haec
770 2057 968 2135 interpretatio
989 2074 1046 2114 uon
1060 2058 1152 2117 minus

100 2138 105 2154 '
152 2144 223 2205 dura
239 2151 284 2202 est
299 2160 384 2219 quam
399 2142 448 2201 illa
463 2142 554 2202 Plauti
573 2145 706 2204 aeream
730 2151 817 2221 atque
833 2144 933 2214 entia,
953 2139 1005 2200 sed
1029 2158 1065 2200 ne
1083 2158 1151 2219 pro·

152 2228 215 2306 pria
230 2226 359 2304 quidem;
375 2242 438 2284 uam
459 2229 596 2288 oratoria
617 2227 660 2287 sic
682 2226 802 2286 effertur
820 2234 850 2284 ut
869 2227 1056 2303 elocutoria,
1077 2244 1151 2286 ora-

153 2312 216 2372 tria
231 2318 262 2370 ut
283 2311 454 2379 elocatria,·
475 2311 524 2370 illa
540 2319 652 2386 autem,
677 2311 714 2370 de
738 2328 794 2389 qna
815 2310 974 2388 loquimur,
1000 2311 1152 2372 rdetorice

153 2395 218 2454 talis
235 2403 280 2454 est
295 2394 388 2472 qualis
404 2394 591 2473 eloquentia,
613 2413 669 2455 nec
690 2394 775 2455 dubie
796 2395 871 2472 apud
886 2393 1015 2455 Graecos
1034 2411 1150 2474 quoque

125 2477 298 2557 3duplioem
314 2477 491 2539 intellectum
505 2479 603 2540 habet.
649 2478 780 2557 Namque
799 2497 856 2538 uno
880 2479 965 2537 modo
988 2480 1019 2538 lit
1034 2480 1149 2557 apposi-

152 2571 210 2623 tum
236 2582 292 2625 arr
319 2564 475 2625 rhetorica
496 2572 526 2623 ιιι
546 2565 638 2625 navis
660 2565 815 2642 piratica,
845 2564 939 2625 altero
965 2580 1069 2624 nomeu
1094 2565 1149 2637 rei,

153 2645 245 2726 qualis
262 2655 307 2707 est
319 2648 528 2727 philosophia,
550 2649 697 2710 amicitia.
740 2647 802 2708 Nos
823 2649 914 2726 ipsam
928 2665 1003 2707 nnuc
1018 2647 1149 2708 volumus

152 2731 318 2808 significare
333 2730 535 2805 substantiam,
558 2740 589 2792 ut
609 2735 796 2809 grammatice
813 2734 987 2795 litteratura
1011 2740 1071 2806 est,
1092 2748 1149 2791 nou

152 2816 318 2879 litteratrix
332 2817 567 2894 quemadmodum
580 2819 718 2894 oretria,
740 2835 795 2878 nec
816 2818 999 2880 litteratoria
1014 2816 1148 2894 quemad·

124 2902 266 2962 lmodnm
285 2902 444 2971 oratoriar
466 2919 566 2961 verum
587 2902 615 2960 in
637 2900 785 2962 rhetorice
811 2918 868 2962 uon
889 2901 929 2961 fit.
972 2898 1017 2961 Ne
1039 2918 1148 2979 pugne·

60 3024 62 3028 -
152 3003 214 3044 mus
230 2986 326 3062 igitar,
343 3003 406 3045 cnm
422 2987 593 3063 praesertim
611 2985 739 3064 plurimis
755 2986 863 3064 alioqui
880 2986 1000 3046 Graecis
1015 2985 1051 3044 sit
1068 2993 1147 3043 uten-

153 3067 227 3132 dum.
272 3068 344 3129 Nam
366 3080 447 3130 certe
471 3078 500 3129 et
522 3069 765 3148 philosophasset
785 3073 1149 3148 maaieoaetqeometrae

153 3152 262 3229 dicam,
288 3155 415 3214 necuim
430 3154 548 3214 alienam
563 3153 723 3214 nominibus
747 3154 792 3214 his
817 3156 955 3214 indecora
979 3155 1006 3212 in
1022 3153 1147 3213 latinum

152 3255 315 3297 sermonem
331 3241 497 3301 mutatione.
542 3238 696 3337 lienique,
718 3256 781 3298 cum
796 3237 833 3298 Μ.
851 3238 961 3299 Tullius
978 3240 1062 3298 etiam
1078 3239 1146 3315 ipsis

152 3321 308 3397 librorum,
332 3338 405 3401 quos
420 3323 475 3383 hac
495 3323 533 3383 de
547 3341 580 3382 re
594 3339 715 3402 primum
731 3323 906 3400 scripserat,
929 3322 1018 3381 titulis
1036 3322 1145 3382 Graeco

153 3409 267 3467 nomine
282 3415 392 3479 utatur:
407 3408 542 3485 prolecto
557 3425 615 3467 non
632 3416 678 3467 est
692 3407 860 3481 verendum,
876 3425 912 3467 ue
924 3417 1034 3467 temere
1050 3407 1145 3466 videa·

152 3509 214 3555 mur
230 3494 338 3553 oratori
352 3494 474 3553 maximo
490 3491 526 3552 de
537 3495 651 3552 nomine
666 3493 735 3552 artis
753 3509 823 3555 suae
842 3492 1032 3571 credidisse,
