2434 3925
194 204 258 270 236
508 223 545 271 u.
557 180 867 284 circummuniam
898 242 900 247 >

193 373 318 448 fndubia,
336 375 457 434 maxime
473 375 587 455 quidem
602 370 758 437 dissimilia.
792 378 895 457 Neque
910 380 985 439 enim
1000 380 1062 441 ficri
1074 392 1193 462 potest,

194 467 226 518 ut
248 460 328 536 paria
351 459 407 517 sint
427 462 536 535 omnia,
562 470 593 519 ut
614 463 638 519 si
658 460 762 521 Nasica
787 472 854 540 post
880 466 1007 523 occisum
1023 465 1192 528 Gracchum

195 539 364 601 defendatur
377 544 511 621 exemplo
532 543 661 620 Ahalae,
685 563 701 604 a
723 561 780 623 quo
797 545 919 606 ifaeiius
939 557 984 607 est
1002 549 1188 628 interfectus,

196 622 337 686 Maelium
352 630 439 704 requi
452 626 659 709 affectatorem
670 630 785 707 fuisse,
808 648 829 692 a
846 631 985 693 Graccdo
999 634 1082 712 repes
1097 638 1189 698 nmdo

193 711 275 771 Intus
288 728 354 771 csse
371 712 558 789 populares,·
578 709 710 773 dicatam
731 714 908 791 magistrum
927 717 1057 792 equitum
1076 717 1187 794 frasso,

193 789 340 853 Nasicam
353 795 506 871 priuatum
521 812 606 871 esse,
623 795 743 855 dicatur.
777 797 807 856 st
826 798 987 858 defecerint
1007 802 1118 861 omnia:
1146 804 1185 862 vi·

194 874 315 935 dendum
335 878 404 953 erit,
427 895 463 938 an
483 877 605 938 obtineri
626 881 734 958 possit,
757 897 803 939 ne·
815 880 886 941 illud
910 882 1024 962 quidem
1040 894 1127 945 recto
1145 887 1184 946 ia·

194 968 278 1018 ctum.
319 958 403 1033 Quod
423 961 460 1021 de
488 961 630 1040 exemplis
661 964 737 1023 idem
761 965 845 1024 etiam
868 965 903 1025 de
926 965 1056 1026 iudicatis
1081 968 1183 1029 obscr-

193 1042 326 1103 vandum.

149 1135 185 1195 ιι)
275 1125 358 1198 Quod
373 1136 467 1187 autem
477 1127 572 1205 posui,
585 1129 710 1205 referre,
725 1148 782 1209 quo
794 1131 919 1209 quidque
931 1142 1086 1193 accusator
1096 1136 1181 1196 modo

192 1210 312 1289 dixerit,
333 1209 389 1273 buc
412 1213 552 1292 pertinet,
569 1222 615 1288 ut,
637 1215 661 1272 si
683 1224 728 1273 est
749 1216 840 1274 minus
862 1215 1021 1275 efficaciter
1036 1217 1181 1295 elocutus,

191 1298 254 1375 ipsa
269 1298 331 1356 eius
346 1296 435 1356 verbu
457 1304 613 1374 ponantur:
639 1298 664 1356 si
686 1299 745 1357 acri
767 1308 797 1358 et
817 1298 979 1358 vehementi
1005 1299 1093 1361 fucrit
1112 1321 1181 1362 usus

191 1380 337 1455 oratioue,
359 1382 478 1441 eandem
500 1399 562 1439 rem
581 1382 688 1440 nostris
703 1381 800 1442 verbis
814 1381 972 1441 mitioribus
987 1384 1179 1462 proferemus,

148 1472 220 1528 aaut
241 1458 346 1522 Cicero
369 1465 405 1523 de
429 1461 581 1539 Cornelio,
604 1462 746 1526 Codicum
770 1467 887 1544 officim
911 1475 940 1524 et
961 1469 1092 1544 protinus
1118 1487 1180 1529 cum

192 1546 312 1624 quedam
327 1546 512 1622 defensione,
536 1557 582 1622 ut,
598 1549 623 1607 si
642 1565 695 1626 pro
714 1550 861 1635 luxurioso
877 1549 1027 1608 dicendum
1044 1552 1098 1628 sit,
1123 1551 1179 1614 ot

189 1632 270 1691 iectu
284 1638 329 1690 cst
339 1632 434 1709 paulo
449 1632 606 1694 liberalior
619 1634 693 1695 cita.
731 1633 780 1692 Sic
800 1640 829 1692 ct
846 1649 903 1710 pro
918 1633 1033 1693 sordido
1049 1653 1177 1712 parcum,

148 1719 243 1790 tipro
258 1714 399 1774 maledico
418 1714 539 1775 liberum
554 1716 652 1775 dicere
670 1715 778 1776 licebit.
822 1715 927 1794 Utique
949 1720 1177 1778 committendum

170 1814 330 1875 uunquam
353 1808 413 1875 est,
432 1808 461 1858 ut
477 1800 706 1859 adversariorum
720 1800 795 1859 dicta
814 1817 878 1859 cum
892 1818 943 1860 sua
964 1800 1177 1862 confirmatione

188 1880 361 1956 referamus,
378 1892 426 1942 aut
444 1885 528 1942 etiam
545 1883 603 1942 loci
615 1883 733 1943 alicuius
746 1885 919 1944 executione
931 1884 1107 1960 adiuvemus,
1126 1886 1176 1944 nisi

189 1984 252 2024 cum
269 1966 410 2027 eludenda
428 1975 526 2027 eruut:
552 1964 643 2043 Apud
662 1970 827 2031 murdrum
844 1969 917 2028 nuti
929 1969 1044 2046 fueris,
1064 1972 1177 2048 inquits

188 2058 229 2111 tot
243 2052 332 2110 annis
349 2051 451 2128 forum
467 2070 527 2112 non
547 2053 704 2129 antiperis5
725 2052 863 2127 obfueris
885 2053 1021 2121 tamdiu,·
1043 2062 1091 2130 et,
1112 2073 1177 2115 cnm

187 2140 250 2194 tam
262 2135 349 2213 drapo
362 2135 522 2195 interuallo
535 2136 672 2209 ueneris,
688 2155 756 2195 cum
771 2136 833 2210 bis,
853 2136 904 2212 qui
919 2137 952 2195 r'n
970 2136 1039 2213 foro
1057 2138 1177 2199 tubiro

147 2224 276 2292 idrunt,
298 2219 338 2278 dc
357 2218 504 2296 dipnitate
518 2220 706 2279 contendas?
734 2218 890 2278 Praeterea
909 2220 936 2277 in
949 2220 1177 2280 contradictione

189 2299 301 2358 interim
323 2308 413 2359 totum
428 2302 535 2359 crimen
551 2303 719 2379 exponitur,
735 2311 766 2360 ut
781 2299 886 2361 Cicero
908 2318 961 2380 pro
978 2303 1088 2363 Scauro
1102 2306 1178 2363 circa

187 2380 339 2442 Bostarem
353 2383 421 2443 facit
436 2385 525 2443 veluti
541 2387 701 2444 orationem
718 2386 850 2444 diversae
868 2387 957 2462 partis
975 2386 1117 2461 imitatus,
1132 2394 1178 2447 aut

188 2465 317 2545 pluribus
330 2468 576 2545 propositionibus
591 2470 705 2543 iunctis,
719 2477 749 2527 ut
761 2485 813 2546 pro
824 2468 951 2544 Vareno,
969 2488 1038 2529 cum
1050 2471 1110 2531 iter
1123 2489 1179 2549 per·

187 2568 280 2628 apros
302 2557 331 2610 ct
349 2551 418 2612 ioca
437 2552 642 2630 calefaceret
662 2571 730 2613 cum
756 2551 951 2631 Pompuleno,
971 2554 1004 2612 r’n
1029 2553 1178 2630 familiam

185 2630 417 2695 Ancharianam
431 2636 576 2697 incidisse
591 2637 749 2712 dicerunt,
771 2636 881 2697 dmndc
896 2634 1112 2715 Pompulenum
1130 2656 1177 2699 oc

187 2719 284 2779 cisum
299 2736 379 2794 csse,
394 2720 477 2780 illico
495 2717 648 2780 Varenum
667 2721 798 2780 uinctum
814 2728 1018 2795 asservatum,
1041 2721 1114 2781 dum
1130 2722 1177 2782 fn'c

185 2802 372 2879 ostenderet,
391 2804 465 2880 qur‘d
480 2802 519 2862 de
533 2823 568 2865 eo
580 2804 650 2881 fieri
663 2805 759 2864 uellet.
797 2801 881 2875 Quod
897 2813 942 2862 cst
956 2805 1053 2880 utique
1070 2805 1176 2864 facien

184 2885 266 2960 dum,
292 2888 317 2945 si
339 2887 392 2946 erit
413 2886 590 2948 incredibilis
607 2887 651 2946 rei
673 2887 745 2946 ordo
770 2895 799 2945 et
816 2887 879 2963 ipsa
894 2888 1077 2965 expositione
1093 2887 1176 2947 fidem

185 2969 359 3047 perditurus.
395 2969 510 3030 Interim
531 2988 584 3047 per
604 2979 703 3048 partes
725 2969 909 3045 dissolvitur,
942 2970 1019 3048 quod
1041 2979 1175 3030 contextu

185 3062 287 3119 nocet;
310 3061 338 3112 et
354 3054 525 3131 pierumque
540 3054 568 3113 id
584 3063 630 3112 est
645 3055 740 3112 tutius.
772 3052 919 3125 Quaedam
934 3052 1176 3114 contradictiones

186 3144 286 3197 natura
302 3146 368 3195 suut
383 3137 531 3214 siuguluc;
550 3138 577 3196 id
594 3136 735 3214 exemplis
750 3152 807 3195 nou
827 3145 905 3213 eget.

143 3226 178 3282 29
269 3216 472 3280 Communia
496 3218 571 3279 bene
598 3219 849 3297 apprehenduntur
876 3237 933 3279 non
960 3228 1086 3296 tautum,
1114 3221 1176 3299 quia

186 3301 334 3378 utriusque
359 3312 423 3362 sunt
447 3305 555 3381 partis,
582 3303 636 3362 sed
664 3305 730 3381 quia
749 3303 814 3381 pius
835 3313 954 3381 prosunt
978 3303 1175 3382 respondenti.

184 3381 287 3465 Neque
309 3386 384 3444 enim
404 3385 529 3463 pigebit,
553 3386 630 3464 quod
646 3404 736 3464 saepe
752 3388 866 3461 monui,
883 3388 1011 3456 referre;
1029 3403 1177 3447 commuue

142 3479 178 3536 30
187 3471 235 3551 qui
250 3469 330 3549 prior
345 3468 424 3547 dicit,
443 3471 616 3531 contrarium
631 3470 708 3530 facit.
743 3469 797 3530 Est
819 3472 893 3531 euim
908 3473 1097 3548 contrmmm,
1121 3487 1178 3550 quo
