2434 3925
365 210 454 259 msc.
468 190 792 277 oanuou.n1s.'x1,a.
885 262 889 269 ,
1016 198 1097 267 215,Ι

48 367 172 443 liam,
183 366 248 445 quia
263 366 427 426 interiectio
443 374 489 426 est
501 366 567 444 fato
577 366 729 444 prosaque
746 375 775 424 et
789 366 952 427 continuum
966 385 1075 428 sermo·

47 470 156 526 nem,
174 452 222 529 qui
241 449 508 512 iaciebatltalinm
523 447 717 526 Lucinaque,
738 449 845 509 dividit.
879 450 922 510 Ob
942 453 1074 513 eandem·
1180 482 1183 488 <

48 554 122 619 que
140 552 260 594 causam
271 534 374 612 quarto
387 536 548 614 profanas,
564 533 668 593 deinde
681 531 858 611 Lucinaque
869 538 949 597 canit
965 538 1074 606 litora·

51 623 110 683 ubi
129 621 191 678 iam
206 621 261 678 erit
278 619 438 694 distinctio,
461 619 526 696 quia
543 617 609 676 inde
626 616 698 677 alius
714 618 812 695 incipit
828 636 941 678 sensus.
972 621 1031 680 Sed
1046 623 1075 679 iu

46 706 139 786 ipsis
167 704 252 762 etiam
276 702 504 762 distinctionibus
519 710 633 780 tempus
654 701 725 760 alias
741 701 857 761 brevius
873 703 943 762 alias
959 704 1074 780 longius

50 790 213 852 dabimus.
242 785 367 845 Interest
384 787 467 861 enim,
485 788 648 845 sermou'em
659 785 755 844 liniant
767 802 802 844 an
818 804 943 846 sensum.
975 787 1116 866 ltaquetts

47 875 145 935 illam
172 870 384 929 distinctionem
400 869 506 932 Litora
526 871 656 948 protinus
677 869 769 928 altero
793 872 909 948 spiritus
930 872 1009 931 initio
1032 875 1072 931 in·

47 973 194 1036 sequen
218 972 282 1013 oum
305 954 374 1013 illuc
396 969 506 1014 venero
521 952 620 1032 Atque
639 954 721 1014 altor
736 955 856 1014 meniu
870 954 1003 1016 Romae.-
1024 956 1073 1015 de·
1092 982 1095 985 ·

47 1057 177 1123 ponam
198 1047 228 1098 et
250 1037 386 1098 morabor
406 1047 436 1098 et
457 1055 560 1097 novum
577 1054 676 1096 rursus
698 1037 846 1097 exordium
861 1038 973 1098 laciam.
1003 1040 1115 1105 santes

46 1121 225 1204 aliquando
256 1132 285 1181 et
316 1122 378 1181 sine
408 1123 599 1200 respiratione
633 1120 773 1198 quaedam
803 1138 901 1180 morae
933 1125 1018 1182 ctiam
1044 1127 1073 1184 in

48 1206 210 1291 periodis.
254 1205 291 1265 Ut
320 1206 395 1265 euim
424 1205 489 1266 illa:
528 1203 567 1266 la
589 1213 675 1266 coeto
700 1222 774 1266 cero
800 1207 906 1285 populi
931 1206 1071 1282 maai,

47 1292 222 1373 capotium
248 1289 404 1366 publicam
422 1308 549 1369 pererra,
576 1290 722 1367 mapister
743 1291 874 1367 equitum
902 1299 958 1349 etc.
985 1292 1072 1352 multa

50 1376 197 1440 membra
220 1372 327 1433 hahent
349 1374 467 1451 (sensus
483 1375 557 1434 cuim
572 1381 638 1432 sunt
651 1373 699 1433 alii
714 1381 800 1450 atque
821 1374 885 1452 alii)
911 1374 964 1434 sed
988 1394 1072 1435 unam

51 1458 357 1524 circumductionem:
392 1459 430 1517 ita
454 1458 569 1536 paulum
588 1456 753 1533 morandum
780 1458 809 1516 in
831 1457 874 1517 his
901 1459 1070 1535 intervallis,

35 1549 116 1607 'non
134 1539 393 1619 intermmpendus
413 1550 459 1600 est
474 1549 636 1600 contextus.
668 1540 727 1600 Sed
750 1543 926 1601 econtrario
943 1544 1072 1621 spiritum

49 1630 177 1691 interim
194 1627 333 1703 recipere
350 1626 412 1684 sine
427 1625 576 1685 intellectu
589 1641 688 1684 morae
703 1642 827 1684 necesse
843 1635 904 1701 est,
930 1644 987 1704 quo
1002 1627 1070 1687 loco

51 1715 142 1794 quasi
158 1709 364 1787 surripiendus
380 1717 440 1777 est;
463 1709 572 1787 alioqui
590 1710 615 1768 si
634 1709 736 1768 inscite
752 1710 927 1786 recipiatur,
949 1729 1006 1769 uon
1020 1713 1069 1770 mi·

50 1817 109 1859 nus
126 1796 238 1857 afferat
259 1793 442 1853 obscuritatis
456 1811 539 1871 quam
553 1793 658 1853 vitiosa
673 1791 827 1852 distinctio.
857 1792 954 1853 Virtus
976 1804 1071 1854 antem

51 1876 262 1957 distinguendi
276 1876 403 1936 fortasse
418 1878 455 1937 sit
467 1895 569 1955 parva:
585 1878 647 1936 sine
659 1894 715 1955 qua
730 1885 825 1936 tamen
840 1895 908 1937 esse
922 1877 999 1938 nulla
1013 1878 1069 1939 alia

51 1969 83 2028 in
99 1963 224 2044 agendo
240 1970 349 2038 potest.

143 2047 288 2109 Ornata
317 2054 362 2105 est
381 2047 590 2123 pronuntiatio,
620 2046 666 2105 cui
688 2045 860 2122 suffragatur
881 2062 940 2105 von
961 2045 1105 2122 focillate
1215 2049 1216 2054 ’

51 2151 179 2211 magna,
197 2130 299 2203 beata,
315 2127 569 2205 dexihilis,‘lirma,
586 2129 690 2205 duleis,
710 2130 862 2204 durabilis,
879 2129 968 2203 clara,
985 2147 1067 2207 pura,

51 2235 163 2279 secans
184 2220 259 2274 aera
282 2221 312 2272 et
332 2213 447 2272 auribus
464 2214 586 2289 sedens,
612 2214 674 2291 (est
691 2215 765 2273 enim
780 2212 918 2291 quaedam
934 2213 969 2274 ad
990 2213 1067 2272 audi·

51 2312 115 2362 tum
137 2297 363 2361 accommodata
386 2314 443 2356 non
461 2297 654 2373 magnitudine
670 2297 722 2362 sed
738 2298 933 2375 proprietate)
953 2297 989 2357 ad
1011 2297 1068 2356 hoc

26 2393 28 2398 ’
52 2386 137 2446 velut
157 2378 342 2456 tractabilis,
364 2383 462 2459 utique
478 2380 588 2440 hahens
604 2397 704 2441 omues
719 2382 811 2456 inse,
832 2382 881 2458 qui
902 2380 1067 2441 desideran-

53 2479 119 2544 tur,
138 2484 234 2526 souos
250 2464 483 2544 intentionesque
499 2473 528 2524 ct
543 2473 622 2540 tota,
642 2474 673 2524 ut
686 2466 780 2539 aiunt,
799 2482 939 2543 erptiam
956 2466 1001 2525 cui
1018 2465 1066 2525 ad·

56 2554 114 2611 crit
128 2552 234 2611 lateris
252 2548 388 2625 firmitas,
411 2549 529 2626 spiritus
554 2567 618 2609 cum
638 2551 732 2627 spatio
747 2550 880 2627 pertinax
900 2558 958 2609 tum
974 2548 1067 2609 labori

55 2653 116 2694 nou
131 2634 223 2694 facile
242 2649 390 2692 cessurus.
420 2632 522 2710 Neque
537 2634 722 2709 gravissimus
738 2643 832 2693 autem
852 2634 881 2692 in
895 2633 1004 2693 musica
1019 2640 1106 2694 soll

58 2735 113 2776 nus
130 2735 187 2776 nec
202 2716 386 2777 acutissimus
403 2718 580 2776 orationibus
596 2719 740 2777 convenit.
770 2715 842 2776 Nam
860 2725 889 2775 et
903 2716 950 2776 hic
967 2733 1066 2793 parum

58 2799 157 2859 clarus
172 2803 347 2877 nimiumque
359 2800 462 2879 plenus
477 2800 584 2860 nullum
601 2801 707 2861 afferre
722 2802 820 2861 animis
836 2808 942 2859 motum
956 2807 1064 2876 potest,

60 2890 91 2941 et
105 2883 159 2942 ille
176 2885 345 2959 praetenuis
363 2894 393 2944 et
407 2885 575 2958 immodicae
596 2884 750 2960 claritatis,
775 2902 838 2942 cum
860 2892 905 2942 est
920 2882 995 2941 ultra
1015 2900 1064 2941 ve-

58 2982 140 3038 rum,
162 2974 222 3024 tum
240 2985 335 3045 neque
349 2970 580 3046 pronuntiatione
600 2968 679 3028 flecti
694 2985 788 3046 neque
810 2966 912 3026 diutius
931 2965 1008 3025 lerre
1023 2967 1064 3024 in·

59 3050 220 3107 tentionem
242 3060 349 3127 potest.
384 3052 457 3112 Nam
477 3069 536 3111 vox
561 3061 591 3111 ut
611 3053 709 3127 nervi,
733 3068 790 3129 quo
810 3051 976 3125 remissior,
1009 3049 1106 3111 hocta

59 3132 180 3207 gravior
203 3140 233 3191 et
252 3134 384 3210 plenior;
406 3153 465 3215 qno
481 3137 608 3212 tensior,
630 3135 686 3196 hoo
707 3137 800 3224 tenuis
823 3142 851 3195 et
875 3143 958 3194 acuta
973 3136 1065 3211 magis

60 3222 117 3272 est.
145 3216 195 3272 Sic
211 3216 266 3274 ima
282 3219 339 3277 vim
354 3237 410 3279 non
426 3218 530 3294 habet,
550 3237 657 3279 summa
675 3220 767 3297 rumpi
785 3218 974 3297 periclitatur.
1004 3216 1064 3277 tle·

61 3297 117 3357 diis
138 3314 212 3373 ergo
233 3300 367 3360 utendum
383 3304 479 3379 sonis,
505 3303 592 3380 hique
611 3321 676 3362 cuns
689 3302 820 3379 augenda
835 3303 991 3363 intentione
1014 3319 1063 3361 ex·

61 3380 187 3455 citandi,
211 3399 275 3440 oum
297 3385 493 3446 summittenda
509 3396 575 3446 suut
589 3386 778 3464 temperandi.
1201 3451 1202 3462 ,

145 3461 219 3524 llam
239 3468 330 3544 prima
352 3478 397 3529 est
419 3470 586 3532 observatio
607 3479 689 3532 recte
704 3471 903 3549 pronuntiandi
927 3472 1105 3549 nequa-ts
1192 3465 1202 3550 g
