<?xml version="1.0" encoding="UTF-8"?>
<!DOCTYPE html PUBLIC "-//W3C//DTD XHTML 1.0 Transitional//EN"
    "http://www.w3.org/TR/xhtml1/DTD/xhtml1-transitional.dtd">
<html xmlns="http://www.w3.org/1999/xhtml" xml:lang="en" lang="en">
 <head>
  <title>
</title>
<meta http-equiv="Content-Type" content="text/html;charset=utf-8" />
  <meta name='ocr-system' content='tesseract 3.04.00' />
  <meta name='ocr-capabilities' content='ocr_page ocr_carea ocr_par ocr_line ocrx_word'/>
</head>
<body>
  <div class='ocr_page' id='page_1' title='image "./mfabiiquintilia08bonngoog_0455.png"; bbox 0 0 2434 3925; ppageno 0'>
   <div class='ocr_carea' id='block_1_1' title="bbox 350 165 1100 243">
    <p class='ocr_par' dir='ltr' id='par_1_1' title="bbox 350 165 1100 243">
     <span class='ocr_line' id='line_1_1' title="bbox 350 165 1100 243; baseline 0.007 -19"><span class='ocrx_word' id='word_1_1' title='bbox 350 172 851 243; x_wconf 76' lang='lat' dir='ltr'><strong>nnsr.onnnon.n1n.un1,n.u.</strong></span> <span class='ocrx_word' id='word_1_2' title='bbox 1063 165 1100 230; x_wconf 87' lang='lat'><strong>51</strong></span> 
     </span>
    </p>
   </div>
   <div class='ocr_carea' id='block_1_2' title="bbox 99 332 1193 2768">
    <p class='ocr_par' dir='ltr' id='par_1_2' title="bbox 99 332 1193 998">
     <span class='ocr_line' id='line_1_2' title="bbox 99 332 1102 409; baseline -0.003 -14"><span class='ocrx_word' id='word_1_3' title='bbox 99 340 277 395; x_wconf 71' lang='lat' dir='ltr'><strong>aureuma</strong></span> <span class='ocrx_word' id='word_1_4' title='bbox 290 332 458 392; x_wconf 77' lang='lat' dir='ltr'><strong>secuudum</strong></span> <span class='ocrx_word' id='word_1_5' title='bbox 474 332 556 391; x_wconf 70' lang='lat' dir='ltr'><strong>mum</strong></span> <span class='ocrx_word' id='word_1_6' title='bbox 569 338 671 403; x_wconf 79' lang='lat' dir='ltr'><strong>sture,</strong></span> <span class='ocrx_word' id='word_1_7' title='bbox 693 338 738 404; x_wconf 89' lang='lat' dir='ltr'><strong>et,</strong></span> <span class='ocrx_word' id='word_1_8' title='bbox 762 333 810 409; x_wconf 82' lang='lat' dir='ltr'><strong>qni</strong></span> <span class='ocrx_word' id='word_1_9' title='bbox 828 348 898 392; x_wconf 92' lang='lat' dir='ltr'><strong>snos</strong></span> <span class='ocrx_word' id='word_1_10' title='bbox 913 342 991 393; x_wconf 87' lang='lat' dir='ltr'><strong>artus</strong></span> <span class='ocrx_word' id='word_1_11' title='bbox 1006 350 1102 393; x_wconf 84' lang='lat' dir='ltr'><strong>morsu</strong></span> 
     </span>
     <span class='ocr_line' id='line_1_3' title="bbox 100 412 1142 493; baseline -0.001 -17"><span class='ocrx_word' id='word_1_12' title='bbox 100 415 281 491; x_wconf 77' lang='lat' dir='ltr'><strong>lacerasset,</strong></span> <span class='ocrx_word' id='word_1_13' title='bbox 303 415 443 491; x_wconf 85' lang='lat' dir='ltr'><strong>lingitur</strong></span> <span class='ocrx_word' id='word_1_14' title='bbox 433 433 463 473; x_wconf 87' lang='grc' dir='ltr'><strong>ιιι</strong></span> <span class='ocrx_word' id='word_1_15' title='bbox 477 412 587 474; x_wconf 92' lang='lat' dir='ltr'><strong>scholis</strong></span> <span class='ocrx_word' id='word_1_16' title='bbox 601 432 700 493; x_wconf 76' lang='lat' dir='ltr'><strong>supro</strong></span> <span class='ocrx_word' id='word_1_17' title='bbox 719 434 754 475; x_wconf 83' lang='lat' dir='ltr'><strong>oe</strong></span> <span class='ocrx_word' id='word_1_18' title='bbox 769 416 907 480; x_wconf 76' lang='lat' dir='ltr'><strong>cubasse.</strong></span> <span class='ocrx_word' id='word_1_19' title='bbox 950 416 1142 492; x_wconf 80' lang='lat' dir='ltr'><strong>Ingeniosanl</strong></span> 
     </span>
     <span class='ocr_line' id='line_1_4' title="bbox 101 481 1193 579; baseline 0.001 -20"><span class='ocrx_word' id='word_1_20' title='bbox 101 499 178 560; x_wconf 87' lang='lat' dir='ltr'><strong>baec</strong></span> <span class='ocrx_word' id='word_1_21' title='bbox 198 508 227 559; x_wconf 89' lang='lat' dir='ltr'><strong>et</strong></span> <span class='ocrx_word' id='word_1_22' title='bbox 245 501 331 560; x_wconf 81' lang='lat' dir='ltr'><strong>fortia</strong></span> <span class='ocrx_word' id='word_1_23' title='bbox 351 508 381 558; x_wconf 87' lang='lat' dir='ltr'><strong>et</strong></span> <span class='ocrx_word' id='word_1_24' title='bbox 399 517 437 558; x_wconf 83' lang='lat' dir='ltr'><strong>ox</strong></span> <span class='ocrx_word' id='word_1_25' title='bbox 457 481 574 577; x_wconf 88' lang='lat' dir='ltr'><strong>ancipiti</strong></span> <span class='ocrx_word' id='word_1_26' title='bbox 593 498 701 558; x_wconf 87' lang='lat' dir='ltr'><strong>diserta</strong></span> <span class='ocrx_word' id='word_1_27' title='bbox 723 498 892 576; x_wconf 88' lang='lat' dir='ltr'><strong>creduntur,</strong></span> <span class='ocrx_word' id='word_1_28' title='bbox 915 503 1101 579; x_wconf 81' lang='lat' dir='ltr'>pervasitque</span> <span class='ocrx_word' id='word_1_29' title='bbox 1188 501 1193 512; x_wconf 97' lang='grc'>’</span> 
     </span>
     <span class='ocr_line' id='line_1_5' title="bbox 100 582 1103 663; baseline 0.003 -20"><span class='ocrx_word' id='word_1_30' title='bbox 100 585 159 644; x_wconf 88' lang='lat' dir='ltr'><strong>iam</strong></span> <span class='ocrx_word' id='word_1_31' title='bbox 172 585 276 643; x_wconf 90' lang='lat' dir='ltr'><strong>multos</strong></span> <span class='ocrx_word' id='word_1_32' title='bbox 292 585 347 643; x_wconf 89' lang='lat' dir='ltr'><strong>ista</strong></span> <span class='ocrx_word' id='word_1_33' title='bbox 361 584 530 661; x_wconf 83' lang='lat' dir='ltr'><strong>persuasio,</strong></span> <span class='ocrx_word' id='word_1_34' title='bbox 551 590 581 642; x_wconf 89' lang='lat' dir='ltr'><strong>ut</strong></span> <span class='ocrx_word' id='word_1_35' title='bbox 602 582 655 642; x_wconf 93' lang='lat' dir='ltr'><strong>id</strong></span> <span class='ocrx_word' id='word_1_36' title='bbox 646 600 701 642; x_wconf 84' lang='lat' dir='ltr'><strong>naun</strong></span> <span class='ocrx_word' id='word_1_37' title='bbox 718 582 830 643; x_wconf 87' lang='lat' dir='ltr'><strong>demum</strong></span> <span class='ocrx_word' id='word_1_38' title='bbox 846 584 995 661; x_wconf 77' lang='lat' dir='ltr'><strong>eleganter</strong></span> <span class='ocrx_word' id='word_1_39' title='bbox 1015 594 1103 663; x_wconf 90' lang='lat' dir='ltr'><strong>atque</strong></span> 
     </span>
     <span class='ocr_line' id='line_1_6' title="bbox 102 667 1101 746; baseline -0.001 -17"><span class='ocrx_word' id='word_1_40' title='bbox 102 669 247 746; x_wconf 77' lang='lat' dir='ltr'><strong>exquisite</strong></span> <span class='ocrx_word' id='word_1_41' title='bbox 269 668 376 729; x_wconf 87' lang='lat' dir='ltr'><strong>dictum</strong></span> <span class='ocrx_word' id='word_1_42' title='bbox 396 675 512 746; x_wconf 90' lang='lat' dir='ltr'><strong>putent,</strong></span> <span class='ocrx_word' id='word_1_43' title='bbox 535 667 614 745; x_wconf 87' lang='lat' dir='ltr'><strong>quod</strong></span> <span class='ocrx_word' id='word_1_44' title='bbox 629 667 872 745; x_wconf 88' lang='lat' dir='ltr'><strong>interpretandum</strong></span> <span class='ocrx_word' id='word_1_45' title='bbox 887 670 932 728; x_wconf 90' lang='lat' dir='ltr'><strong>sit.</strong></span> <span class='ocrx_word' id='word_1_46' title='bbox 975 668 1035 728; x_wconf 90' lang='lat' dir='ltr'><strong>Sed</strong></span> <span class='ocrx_word' id='word_1_47' title='bbox 1053 686 1101 728; x_wconf 86' lang='lat' dir='ltr'><strong>au·</strong></span> 
     </span>
     <span class='ocr_line' id='line_1_7' title="bbox 102 750 1101 831; baseline -0.001 -18"><span class='ocrx_word' id='word_1_48' title='bbox 102 751 243 813; x_wconf 91' lang='lat' dir='ltr'><strong>ditoribus</strong></span> <span class='ocrx_word' id='word_1_49' title='bbox 265 753 350 811; x_wconf 90' lang='lat' dir='ltr'><strong>etiam</strong></span> <span class='ocrx_word' id='word_1_50' title='bbox 372 751 515 810; x_wconf 87' lang='lat' dir='ltr'><strong>nonnullis</strong></span> <span class='ocrx_word' id='word_1_51' title='bbox 536 759 619 827; x_wconf 83' lang='lat' dir='ltr'><strong>grata</strong></span> <span class='ocrx_word' id='word_1_52' title='bbox 640 760 706 809; x_wconf 90' lang='lat' dir='ltr'><strong>sunt</strong></span> <span class='ocrx_word' id='word_1_53' title='bbox 726 750 814 827; x_wconf 87' lang='lat' dir='ltr'><strong>baec,</strong></span> <span class='ocrx_word' id='word_1_54' title='bbox 841 770 915 831; x_wconf 89' lang='lat' dir='ltr'><strong>qnae</strong></span> <span class='ocrx_word' id='word_1_55' title='bbox 938 771 1002 812; x_wconf 87' lang='lat' dir='ltr'><strong>oum</strong></span> <span class='ocrx_word' id='word_1_56' title='bbox 1018 754 1101 812; x_wconf 92' lang='lat' dir='ltr'><strong>intel·</strong></span> 
     </span>
     <span class='ocr_line' id='line_1_8' title="bbox 101 834 1101 914; baseline -0.001 -17"><span class='ocrx_word' id='word_1_57' title='bbox 101 836 252 897; x_wconf 84' lang='lat' dir='ltr'><strong>lexerunt:</strong></span> <span class='ocrx_word' id='word_1_58' title='bbox 269 837 400 895; x_wconf 81' lang='lat' dir='ltr'><strong>acumine</strong></span> <span class='ocrx_word' id='word_1_59' title='bbox 415 852 469 894; x_wconf 92' lang='lat' dir='ltr'><strong>suo</strong></span> <span class='ocrx_word' id='word_1_60' title='bbox 484 835 666 894; x_wconf 85' lang='lat' dir='ltr'><strong>delectantur</strong></span> <span class='ocrx_word' id='word_1_61' title='bbox 681 844 710 908; x_wconf 86' lang='lat' dir='ltr'><strong>et</strong></span> <span class='ocrx_word' id='word_1_62' title='bbox 724 834 866 913; x_wconf 89' lang='lat' dir='ltr'><strong>gaudent,</strong></span> <span class='ocrx_word' id='word_1_63' title='bbox 884 853 941 897; x_wconf 92' lang='lat' dir='ltr'><strong>nou</strong></span> <span class='ocrx_word' id='word_1_64' title='bbox 956 838 1038 914; x_wconf 83' lang='lat' dir='ltr'><strong>quasi</strong></span> <span class='ocrx_word' id='word_1_65' title='bbox 1053 854 1101 896; x_wconf 90' lang='lat' dir='ltr'><strong>an-</strong></span> 
     </span>
     <span class='ocr_line' id='line_1_9' title="bbox 101 920 555 998; baseline -0.009 -17"><span class='ocrx_word' id='word_1_66' title='bbox 101 921 206 981; x_wconf 89' lang='lat' dir='ltr'><strong>dierint</strong></span> <span class='ocrx_word' id='word_1_67' title='bbox 220 920 274 979; x_wconf 92' lang='lat' dir='ltr'><strong>sed</strong></span> <span class='ocrx_word' id='word_1_68' title='bbox 289 920 370 998; x_wconf 87' lang='lat' dir='ltr'><strong>qnasi</strong></span> <span class='ocrx_word' id='word_1_69' title='bbox 385 920 555 979; x_wconf 87' lang='lat' dir='ltr'><strong>invenerint.</strong></span> 
     </span>
    </p>

    <p class='ocr_par' dir='ltr' id='par_1_3' title="bbox 101 1003 1147 2768">
     <span class='ocr_line' id='line_1_10' title="bbox 186 1003 1145 1083; baseline 0.001 -20"><span class='ocrx_word' id='word_1_70' title='bbox 186 1003 278 1064; x_wconf 90' lang='lat' dir='ltr'><strong>Nobis</strong></span> <span class='ocrx_word' id='word_1_71' title='bbox 302 1004 392 1081; x_wconf 88' lang='lat' dir='ltr'><strong>prima</strong></span> <span class='ocrx_word' id='word_1_72' title='bbox 409 1006 446 1063; x_wconf 87' lang='lat' dir='ltr'><strong>sit</strong></span> <span class='ocrx_word' id='word_1_73' title='bbox 460 1005 550 1063; x_wconf 88' lang='lat' dir='ltr'><strong>virtus</strong></span> <span class='ocrx_word' id='word_1_74' title='bbox 567 1003 915 1083; x_wconf 86' lang='lat' dir='ltr'><strong>perspicuitas,propria</strong></span> <span class='ocrx_word' id='word_1_75' title='bbox 929 1004 1036 1081; x_wconf 86' lang='lat' dir='ltr'><strong>verba,</strong></span> <span class='ocrx_word' id='word_1_76' title='bbox 1057 1018 1145 1073; x_wconf 71' lang='lat' dir='ltr'><strong>rona</strong></span> 
     </span>
     <span class='ocr_line' id='line_1_11' title="bbox 103 1086 1103 1166; baseline 0.001 -18"><span class='ocrx_word' id='word_1_77' title='bbox 103 1098 167 1148; x_wconf 90' lang='lat' dir='ltr'><strong>ctus</strong></span> <span class='ocrx_word' id='word_1_78' title='bbox 184 1089 273 1164; x_wconf 92' lang='lat' dir='ltr'><strong>ordo,</strong></span> <span class='ocrx_word' id='word_1_79' title='bbox 292 1105 349 1146; x_wconf 95' lang='lat' dir='ltr'><strong>non</strong></span> <span class='ocrx_word' id='word_1_80' title='bbox 363 1089 391 1146; x_wconf 94' lang='lat' dir='ltr'><strong>in</strong></span> <span class='ocrx_word' id='word_1_81' title='bbox 406 1087 523 1164; x_wconf 91' lang='lat' dir='ltr'><strong>longum</strong></span> <span class='ocrx_word' id='word_1_82' title='bbox 538 1086 626 1147; x_wconf 90' lang='lat' dir='ltr'><strong>dilata</strong></span> <span class='ocrx_word' id='word_1_83' title='bbox 642 1087 806 1157; x_wconf 88' lang='lat' dir='ltr'><strong>conclusio;</strong></span> <span class='ocrx_word' id='word_1_84' title='bbox 827 1088 898 1148; x_wconf 88' lang='lat' dir='ltr'><strong>nibil</strong></span> <span class='ocrx_word' id='word_1_85' title='bbox 913 1107 1009 1166; x_wconf 88' lang='lat' dir='ltr'><strong>neque</strong></span> <span class='ocrx_word' id='word_1_86' title='bbox 1028 1089 1103 1149; x_wconf 81' lang='lat' dir='ltr'><strong>desit</strong></span> 
     </span>
     <span class='ocr_line' id='line_1_12' title="bbox 101 1170 1103 1252; baseline -0.001 -19"><span class='ocrx_word' id='word_1_87' title='bbox 101 1190 199 1250; x_wconf 80' lang='lat' dir='ltr'><strong>neque</strong></span> <span class='ocrx_word' id='word_1_88' title='bbox 219 1172 387 1251; x_wconf 86' lang='lat' dir='ltr'><strong>superfluat.</strong></span> <span class='ocrx_word' id='word_1_89' title='bbox 428 1170 470 1231; x_wconf 88' lang='lat' dir='ltr'><strong>lta</strong></span> <span class='ocrx_word' id='word_1_90' title='bbox 493 1189 588 1230; x_wconf 92' lang='lat' dir='ltr'><strong>sermo</strong></span> <span class='ocrx_word' id='word_1_91' title='bbox 614 1180 644 1231; x_wconf 91' lang='lat' dir='ltr'><strong>et</strong></span> <span class='ocrx_word' id='word_1_92' title='bbox 664 1170 757 1231; x_wconf 91' lang='lat' dir='ltr'><strong>doctis</strong></span> <span class='ocrx_word' id='word_1_93' title='bbox 775 1172 935 1250; x_wconf 89' lang='lat' dir='ltr'><strong>probabilis</strong></span> <span class='ocrx_word' id='word_1_94' title='bbox 954 1182 984 1232; x_wconf 88' lang='lat' dir='ltr'><strong>et</strong></span> <span class='ocrx_word' id='word_1_95' title='bbox 1001 1173 1103 1252; x_wconf 90' lang='lat' dir='ltr'><strong>planus</strong></span> 
     </span>
     <span class='ocr_line' id='line_1_13' title="bbox 101 1254 1102 1336; baseline -0.002 -19"><span class='ocrx_word' id='word_1_96' title='bbox 101 1258 242 1334; x_wconf 88' lang='lat' dir='ltr'><strong>imperitis</strong></span> <span class='ocrx_word' id='word_1_97' title='bbox 259 1258 322 1315; x_wconf 90' lang='lat' dir='ltr'><strong>erit.</strong></span> <span class='ocrx_word' id='word_1_98' title='bbox 359 1255 439 1315; x_wconf 87' lang='lat' dir='ltr'><strong>Haeo</strong></span> <span class='ocrx_word' id='word_1_99' title='bbox 455 1255 612 1333; x_wconf 87' lang='lat' dir='ltr'><strong>eloquendi</strong></span> <span class='ocrx_word' id='word_1_100' title='bbox 627 1254 803 1315; x_wconf 86' lang='lat' dir='ltr'><strong>observatio.</strong></span> <span class='ocrx_word' id='word_1_101' title='bbox 841 1255 912 1316; x_wconf 86' lang='lat' dir='ltr'><strong>Nam</strong></span> <span class='ocrx_word' id='word_1_102' title='bbox 926 1275 1022 1317; x_wconf 89' lang='lat' dir='ltr'><strong>rerum</strong></span> <span class='ocrx_word' id='word_1_103' title='bbox 1036 1275 1102 1336; x_wconf 93' lang='lat' dir='ltr'><strong>per-</strong></span> 
     </span>
     <span class='ocr_line' id='line_1_14' title="bbox 101 1339 1103 1420; baseline 0 -20"><span class='ocrx_word' id='word_1_104' title='bbox 101 1342 241 1419; x_wconf 86' lang='lat' dir='ltr'><strong>spicuitas</strong></span> <span class='ocrx_word' id='word_1_105' title='bbox 257 1340 412 1418; x_wconf 88' lang='lat' dir='ltr'><strong>quomodo</strong></span> <span class='ocrx_word' id='word_1_106' title='bbox 428 1339 600 1418; x_wconf 88' lang='lat' dir='ltr'><strong>praestanda</strong></span> <span class='ocrx_word' id='word_1_107' title='bbox 616 1341 669 1415; x_wconf 86' lang='lat' dir='ltr'><strong>sit,</strong></span> <span class='ocrx_word' id='word_1_108' title='bbox 688 1340 808 1400; x_wconf 86' lang='lat' dir='ltr'><strong>diximus</strong></span> <span class='ocrx_word' id='word_1_109' title='bbox 819 1342 848 1399; x_wconf 91' lang='lat' dir='ltr'><strong>in</strong></span> <span class='ocrx_word' id='word_1_110' title='bbox 862 1343 1027 1420; x_wconf 87' lang='lat' dir='ltr'><strong>praeceptis</strong></span> <span class='ocrx_word' id='word_1_111' title='bbox 1039 1359 1103 1401; x_wconf 89' lang='lat' dir='ltr'><strong>nar·</strong></span> 
     </span>
     <span class='ocr_line' id='line_1_15' title="bbox 102 1424 1146 1489; baseline 0.005 -5"><span class='ocrx_word' id='word_1_112' title='bbox 102 1426 233 1484; x_wconf 90' lang='lat' dir='ltr'><strong>rationis.</strong></span> <span class='ocrx_word' id='word_1_113' title='bbox 276 1424 382 1484; x_wconf 83' lang='lat' dir='ltr'><strong>Similis</strong></span> <span class='ocrx_word' id='word_1_114' title='bbox 404 1433 498 1483; x_wconf 89' lang='lat' dir='ltr'><strong>autem</strong></span> <span class='ocrx_word' id='word_1_115' title='bbox 523 1425 597 1482; x_wconf 90' lang='lat' dir='ltr'><strong>ratio</strong></span> <span class='ocrx_word' id='word_1_116' title='bbox 621 1431 666 1483; x_wconf 90' lang='lat' dir='ltr'><strong>est</strong></span> <span class='ocrx_word' id='word_1_117' title='bbox 683 1426 711 1483; x_wconf 93' lang='lat' dir='ltr'><strong>in</strong></span> <span class='ocrx_word' id='word_1_118' title='bbox 734 1424 873 1484; x_wconf 89' lang='lat' dir='ltr'><strong>omnibus.</strong></span> <span class='ocrx_word' id='word_1_119' title='bbox 916 1424 989 1485; x_wconf 92' lang='lat' dir='ltr'><strong>Nam</strong></span> <span class='ocrx_word' id='word_1_120' title='bbox 1010 1428 1035 1484; x_wconf 90' lang='lat' dir='ltr'><strong>si</strong></span> <span class='ocrx_word' id='word_1_121' title='bbox 1055 1434 1146 1489; x_wconf 67' lang='lat' dir='ltr'><strong>nce-23</strong></span> 
     </span>
     <span class='ocr_line' id='line_1_16' title="bbox 103 1508 1105 1587; baseline 0.002 -20"><span class='ocrx_word' id='word_1_122' title='bbox 103 1527 161 1587; x_wconf 88' lang='lat' dir='ltr'><strong>qne</strong></span> <span class='ocrx_word' id='word_1_123' title='bbox 181 1510 335 1587; x_wconf 83' lang='lat' dir='ltr'><strong>pauciora,</strong></span> <span class='ocrx_word' id='word_1_124' title='bbox 357 1526 441 1586; x_wconf 87' lang='lat' dir='ltr'><strong>quarn</strong></span> <span class='ocrx_word' id='word_1_125' title='bbox 464 1516 595 1584; x_wconf 80' lang='lat' dir='ltr'><strong>oportet,</strong></span> <span class='ocrx_word' id='word_1_126' title='bbox 620 1525 715 1585; x_wconf 88' lang='lat' dir='ltr'><strong>neque</strong></span> <span class='ocrx_word' id='word_1_127' title='bbox 734 1508 817 1586; x_wconf 90' lang='lat' dir='ltr'><strong>plura</strong></span> <span class='ocrx_word' id='word_1_128' title='bbox 832 1526 927 1587; x_wconf 85' lang='lat' dir='ltr'><strong>neque</strong></span> <span class='ocrx_word' id='word_1_129' title='bbox 945 1511 1105 1570; x_wconf 89' lang='lat' dir='ltr'><strong>inordinata</strong></span> 
     </span>
     <span class='ocr_line' id='line_1_17' title="bbox 103 1591 1103 1672; baseline 0 -20"><span class='ocrx_word' id='word_1_130' title='bbox 103 1601 152 1652; x_wconf 89' lang='lat' dir='ltr'><strong>ant</strong></span> <span class='ocrx_word' id='word_1_131' title='bbox 169 1593 330 1653; x_wconf 90' lang='lat' dir='ltr'><strong>indistincta</strong></span> <span class='ocrx_word' id='word_1_132' title='bbox 350 1591 520 1651; x_wconf 83' lang='lat' dir='ltr'><strong>dixerimus:</strong></span> <span class='ocrx_word' id='word_1_133' title='bbox 545 1600 627 1650; x_wconf 87' lang='lat' dir='ltr'><strong>erunt</strong></span> <span class='ocrx_word' id='word_1_134' title='bbox 642 1591 766 1651; x_wconf 90' lang='lat' dir='ltr'><strong>dilucida</strong></span> <span class='ocrx_word' id='word_1_135' title='bbox 781 1602 811 1651; x_wconf 91' lang='lat' dir='ltr'><strong>et</strong></span> <span class='ocrx_word' id='word_1_136' title='bbox 828 1593 1015 1670; x_wconf 84' lang='lat' dir='ltr'><strong>negligenter</strong></span> <span class='ocrx_word' id='word_1_137' title='bbox 1033 1610 1103 1672; x_wconf 85' lang='lat' dir='ltr'><strong>quo-</strong></span> 
     </span>
     <span class='ocr_line' id='line_1_18' title="bbox 103 1675 1103 1756; baseline 0 -20"><span class='ocrx_word' id='word_1_138' title='bbox 103 1695 161 1756; x_wconf 88' lang='lat' dir='ltr'><strong>que</strong></span> <span class='ocrx_word' id='word_1_139' title='bbox 178 1676 358 1739; x_wconf 88' lang='lat' dir='ltr'><strong>audientibus</strong></span> <span class='ocrx_word' id='word_1_140' title='bbox 374 1683 489 1754; x_wconf 89' lang='lat' dir='ltr'><strong>aperta;</strong></span> <span class='ocrx_word' id='word_1_141' title='bbox 514 1675 590 1752; x_wconf 85' lang='lat' dir='ltr'><strong>quod</strong></span> <span class='ocrx_word' id='word_1_142' title='bbox 606 1684 636 1733; x_wconf 93' lang='lat' dir='ltr'><strong>et</strong></span> <span class='ocrx_word' id='word_1_143' title='bbox 650 1677 742 1753; x_wconf 85' lang='lat' dir='ltr'><strong>ipsum</strong></span> <span class='ocrx_word' id='word_1_144' title='bbox 755 1677 783 1734; x_wconf 92' lang='lat' dir='ltr'><strong>in</strong></span> <span class='ocrx_word' id='word_1_145' title='bbox 800 1677 921 1735; x_wconf 90' lang='lat' dir='ltr'><strong>consilio</strong></span> <span class='ocrx_word' id='word_1_146' title='bbox 938 1686 983 1736; x_wconf 89' lang='lat' dir='ltr'><strong>est</strong></span> <span class='ocrx_word' id='word_1_147' title='bbox 997 1676 1103 1736; x_wconf 87' lang='lat' dir='ltr'><strong>baben-</strong></span> 
     </span>
     <span class='ocr_line' id='line_1_19' title="bbox 101 1759 1103 1838; baseline -0.003 -16"><span class='ocrx_word' id='word_1_148' title='bbox 101 1762 185 1836; x_wconf 91' lang='lat' dir='ltr'><strong>dum,</strong></span> <span class='ocrx_word' id='word_1_149' title='bbox 201 1779 259 1821; x_wconf 92' lang='lat' dir='ltr'><strong>non</strong></span> <span class='ocrx_word' id='word_1_150' title='bbox 274 1778 391 1838; x_wconf 91' lang='lat' dir='ltr'><strong>semper</strong></span> <span class='ocrx_word' id='word_1_151' title='bbox 406 1769 462 1819; x_wconf 88' lang='lat' dir='ltr'><strong>tam</strong></span> <span class='ocrx_word' id='word_1_152' title='bbox 478 1776 546 1817; x_wconf 89' lang='lat' dir='ltr'><strong>esse</strong></span> <span class='ocrx_word' id='word_1_153' title='bbox 561 1776 658 1818; x_wconf 89' lang='lat' dir='ltr'><strong>acrem</strong></span> <span class='ocrx_word' id='word_1_154' title='bbox 673 1759 774 1820; x_wconf 91' lang='lat' dir='ltr'><strong>indicis</strong></span> <span class='ocrx_word' id='word_1_155' title='bbox 787 1760 989 1835; x_wconf 90' lang='lat' dir='ltr'><strong>intentionem,</strong></span> <span class='ocrx_word' id='word_1_156' title='bbox 1007 1770 1037 1819; x_wconf 92' lang='lat' dir='ltr'><strong>ut</strong></span> <span class='ocrx_word' id='word_1_157' title='bbox 1052 1760 1103 1820; x_wconf 94' lang='lat' dir='ltr'><strong>ob·</strong></span> 
     </span>
     <span class='ocr_line' id='line_1_20' title="bbox 101 1842 1105 1923; baseline -0.002 -18"><span class='ocrx_word' id='word_1_158' title='bbox 101 1846 271 1906; x_wconf 83' lang='lat' dir='ltr'><strong>scuritatem</strong></span> <span class='ocrx_word' id='word_1_159' title='bbox 288 1845 365 1923; x_wconf 87' lang='lat' dir='ltr'><strong>apud</strong></span> <span class='ocrx_word' id='word_1_160' title='bbox 381 1861 414 1903; x_wconf 91' lang='lat' dir='ltr'><strong>se</strong></span> <span class='ocrx_word' id='word_1_161' title='bbox 430 1845 494 1921; x_wconf 90' lang='lat' dir='ltr'><strong>ipse</strong></span> <span class='ocrx_word' id='word_1_162' title='bbox 510 1842 644 1901; x_wconf 87' lang='lat' dir='ltr'><strong>discutiat</strong></span> <span class='ocrx_word' id='word_1_163' title='bbox 659 1852 688 1902; x_wconf 90' lang='lat' dir='ltr'><strong>et</strong></span> <span class='ocrx_word' id='word_1_164' title='bbox 703 1842 831 1903; x_wconf 90' lang='lat' dir='ltr'><strong>tenebris</strong></span> <span class='ocrx_word' id='word_1_165' title='bbox 847 1846 984 1903; x_wconf 88' lang='lat' dir='ltr'><strong>orationis</strong></span> <span class='ocrx_word' id='word_1_166' title='bbox 999 1844 1105 1904; x_wconf 83' lang='lat' dir='ltr'><strong>inferat</strong></span> 
     </span>
     <span class='ocr_line' id='line_1_21' title="bbox 101 1925 1103 2010; baseline -0.003 -20"><span class='ocrx_word' id='word_1_167' title='bbox 101 1930 247 2010; x_wconf 83' lang='lat' dir='ltr'><strong>qrroddam</strong></span> <span class='ocrx_word' id='word_1_168' title='bbox 264 1928 472 2005; x_wconf 87' lang='lat' dir='ltr'><strong>intelligentiae</strong></span> <span class='ocrx_word' id='word_1_169' title='bbox 487 1944 557 1987; x_wconf 90' lang='lat' dir='ltr'><strong>suae</strong></span> <span class='ocrx_word' id='word_1_170' title='bbox 573 1925 683 2003; x_wconf 89' lang='lat' dir='ltr'><strong>lumen,</strong></span> <span class='ocrx_word' id='word_1_171' title='bbox 708 1927 760 1986; x_wconf 90' lang='lat' dir='ltr'><strong>sed</strong></span> <span class='ocrx_word' id='word_1_172' title='bbox 776 1927 872 1988; x_wconf 90' lang='lat' dir='ltr'><strong>multis</strong></span> <span class='ocrx_word' id='word_1_173' title='bbox 889 1945 952 1987; x_wconf 92' lang='lat' dir='ltr'><strong>eum</strong></span> <span class='ocrx_word' id='word_1_174' title='bbox 968 1927 1103 2007; x_wconf 82' lang='lat' dir='ltr'><strong>frequen·</strong></span> 
     </span>
     <span class='ocr_line' id='line_1_22' title="bbox 102 2011 1104 2092; baseline -0.003 -17"><span class='ocrx_word' id='word_1_175' title='bbox 102 2024 150 2076; x_wconf 89' lang='lat' dir='ltr'><strong>ter</strong></span> <span class='ocrx_word' id='word_1_176' title='bbox 165 2012 389 2092; x_wconf 78' lang='lat' dir='ltr'><strong>cogitationibus</strong></span> <span class='ocrx_word' id='word_1_177' title='bbox 405 2013 538 2087; x_wconf 86' lang='lat' dir='ltr'><strong>avocari,</strong></span> <span class='ocrx_word' id='word_1_178' title='bbox 553 2013 608 2071; x_wconf 91' lang='lat' dir='ltr'><strong>nisi</strong></span> <span class='ocrx_word' id='word_1_179' title='bbox 627 2021 683 2071; x_wconf 87' lang='lat' dir='ltr'><strong>tam</strong></span> <span class='ocrx_word' id='word_1_180' title='bbox 698 2012 776 2072; x_wconf 88' lang='lat' dir='ltr'><strong>clara</strong></span> <span class='ocrx_word' id='word_1_181' title='bbox 791 2012 911 2087; x_wconf 84' lang='lat' dir='ltr'><strong>luerint,</strong></span> <span class='ocrx_word' id='word_1_182' title='bbox 935 2030 1009 2091; x_wconf 88' lang='lat' dir='ltr'><strong>quae</strong></span> <span class='ocrx_word' id='word_1_183' title='bbox 1025 2011 1104 2072; x_wconf 88' lang='lat' dir='ltr'><strong>dice·</strong></span> 
     </span>
     <span class='ocr_line' id='line_1_23' title="bbox 102 2096 1105 2174; baseline -0.004 -16"><span class='ocrx_word' id='word_1_184' title='bbox 102 2118 182 2174; x_wconf 87' lang='lat' dir='ltr'><strong>mus,</strong></span> <span class='ocrx_word' id='word_1_185' title='bbox 207 2108 238 2159; x_wconf 92' lang='lat' dir='ltr'><strong>ut</strong></span> <span class='ocrx_word' id='word_1_186' title='bbox 262 2101 290 2159; x_wconf 92' lang='lat' dir='ltr'><strong>in</strong></span> <span class='ocrx_word' id='word_1_187' title='bbox 308 2100 429 2158; x_wconf 89' lang='lat' dir='ltr'><strong>animum</strong></span> <span class='ocrx_word' id='word_1_188' title='bbox 445 2098 507 2156; x_wconf 87' lang='lat' dir='ltr'><strong>eius</strong></span> <span class='ocrx_word' id='word_1_189' title='bbox 524 2098 634 2170; x_wconf 88' lang='lat' dir='ltr'><strong>oratio,</strong></span> <span class='ocrx_word' id='word_1_190' title='bbox 656 2104 687 2154; x_wconf 90' lang='lat' dir='ltr'><strong>ut</strong></span> <span class='ocrx_word' id='word_1_191' title='bbox 701 2096 747 2155; x_wconf 91' lang='lat' dir='ltr'><strong>sol</strong></span> <span class='ocrx_word' id='word_1_192' title='bbox 761 2098 790 2155; x_wconf 91' lang='lat' dir='ltr'><strong>in</strong></span> <span class='ocrx_word' id='word_1_193' title='bbox 805 2096 925 2172; x_wconf 86' lang='lat' dir='ltr'><strong>oculos,</strong></span> <span class='ocrx_word' id='word_1_194' title='bbox 949 2097 1060 2156; x_wconf 89' lang='lat' dir='ltr'><strong>etiamsi</strong></span> <span class='ocrx_word' id='word_1_195' title='bbox 1076 2097 1105 2155; x_wconf 93' lang='lat' dir='ltr'><strong>in</strong></span> 
     </span>
     <span class='ocr_line' id='line_1_24' title="bbox 103 2179 1147 2257; baseline -0.008 -14"><span class='ocrx_word' id='word_1_196' title='bbox 103 2199 168 2243; x_wconf 87' lang='lat' dir='ltr'><strong>eam</strong></span> <span class='ocrx_word' id='word_1_197' title='bbox 180 2200 238 2243; x_wconf 92' lang='lat' dir='ltr'><strong>non</strong></span> <span class='ocrx_word' id='word_1_198' title='bbox 252 2182 429 2257; x_wconf 89' lang='lat' dir='ltr'><strong>intendatur,</strong></span> <span class='ocrx_word' id='word_1_199' title='bbox 445 2182 580 2240; x_wconf 86' lang='lat' dir='ltr'><strong>incurrat.</strong></span> <span class='ocrx_word' id='word_1_200' title='bbox 615 2179 711 2253; x_wconf 80' lang='lat' dir='ltr'><strong>Quare</strong></span> <span class='ocrx_word' id='word_1_201' title='bbox 723 2196 795 2255; x_wconf 91' lang='lat' dir='ltr'><strong>non,</strong></span> <span class='ocrx_word' id='word_1_202' title='bbox 812 2188 842 2239; x_wconf 90' lang='lat' dir='ltr'><strong>ut</strong></span> <span class='ocrx_word' id='word_1_203' title='bbox 857 2180 1022 2257; x_wconf 89' lang='lat' dir='ltr'><strong>intelligere</strong></span> <span class='ocrx_word' id='word_1_204' title='bbox 1035 2181 1147 2257; x_wconf 77' lang='lat' dir='ltr'><strong>pos-24</strong></span> 
     </span>
     <span class='ocr_line' id='line_1_25' title="bbox 102 2264 1104 2343; baseline -0.003 -16"><span class='ocrx_word' id='word_1_205' title='bbox 102 2268 160 2342; x_wconf 88' lang='lat' dir='ltr'><strong>sit,</strong></span> <span class='ocrx_word' id='word_1_206' title='bbox 179 2267 248 2342; x_wconf 88' lang='lat' dir='ltr'><strong>sed,</strong></span> <span class='ocrx_word' id='word_1_207' title='bbox 264 2286 301 2326; x_wconf 92' lang='lat' dir='ltr'><strong>ne</strong></span> <span class='ocrx_word' id='word_1_208' title='bbox 317 2266 432 2324; x_wconf 92' lang='lat' dir='ltr'><strong>omnino</strong></span> <span class='ocrx_word' id='word_1_209' title='bbox 447 2265 541 2343; x_wconf 90' lang='lat' dir='ltr'><strong>possit</strong></span> <span class='ocrx_word' id='word_1_210' title='bbox 554 2280 613 2324; x_wconf 92' lang='lat' dir='ltr'><strong>non</strong></span> <span class='ocrx_word' id='word_1_211' title='bbox 626 2264 810 2341; x_wconf 85' lang='lat' dir='ltr'><strong>intelligere,</strong></span> <span class='ocrx_word' id='word_1_212' title='bbox 833 2264 996 2324; x_wconf 89' lang='lat' dir='ltr'><strong>curandum.</strong></span> <span class='ocrx_word' id='word_1_213' title='bbox 1034 2264 1104 2324; x_wconf 92' lang='lat' dir='ltr'><strong>Pro-</strong></span> 
     </span>
     <span class='ocr_line' id='line_1_26' title="bbox 102 2349 1105 2450; baseline -0.002 -40"><span class='ocrx_word' id='word_1_214' title='bbox 102 2359 169 2431; x_wconf 90' lang='lat' dir='ltr'><strong>pter</strong></span> <span class='ocrx_word' id='word_1_215' title='bbox 185 2351 263 2450; x_wconf 81' lang='lat' dir='ltr'><strong>quod</strong></span> <span class='ocrx_word' id='word_1_216' title='bbox 278 2351 363 2410; x_wconf 90' lang='lat' dir='ltr'><strong>etiam</strong></span> <span class='ocrx_word' id='word_1_217' title='bbox 383 2349 541 2427; x_wconf 91' lang='lat' dir='ltr'><strong>repetimus</strong></span> <span class='ocrx_word' id='word_1_218' title='bbox 561 2366 669 2428; x_wconf 90' lang='lat' dir='ltr'><strong>saepe,</strong></span> <span class='ocrx_word' id='word_1_219' title='bbox 691 2366 765 2425; x_wconf 89' lang='lat' dir='ltr'><strong>qnae</strong></span> <span class='ocrx_word' id='word_1_220' title='bbox 780 2365 837 2407; x_wconf 93' lang='lat' dir='ltr'><strong>non</strong></span> <span class='ocrx_word' id='word_1_221' title='bbox 851 2350 919 2408; x_wconf 90' lang='lat' dir='ltr'><strong>satis</strong></span> <span class='ocrx_word' id='word_1_222' title='bbox 933 2350 1105 2429; x_wconf 86' lang='lat' dir='ltr'><strong>percepisse</strong></span> 
     </span>
     <span class='ocr_line' id='line_1_27' title="bbox 103 2429 1106 2514; baseline -0.002 -19"><span class='ocrx_word' id='word_1_223' title='bbox 103 2452 173 2511; x_wconf 87' lang='lat' dir='ltr'><strong>eos,</strong></span> <span class='ocrx_word' id='word_1_224' title='bbox 191 2437 239 2514; x_wconf 82' lang='lat' dir='ltr'><strong>qui</strong></span> <span class='ocrx_word' id='word_1_225' title='bbox 257 2442 453 2513; x_wconf 86' lang='lat' dir='ltr'><strong>cognoscunt,</strong></span> <span class='ocrx_word' id='word_1_226' title='bbox 474 2441 621 2510; x_wconf 87' lang='lat' dir='ltr'><strong>putamus:</strong></span> <span class='ocrx_word' id='word_1_227' title='bbox 650 2429 738 2504; x_wconf 83' lang='lat' dir='ltr'><strong>Quae</strong></span> <span class='ocrx_word' id='word_1_228' title='bbox 756 2450 855 2495; x_wconf 79' lang='lat' dir='ltr'><strong>couno</strong></span> <span class='ocrx_word' id='word_1_229' title='bbox 875 2435 979 2511; x_wconf 79' lang='lat' dir='ltr'><strong>utique</strong></span> <span class='ocrx_word' id='word_1_230' title='bbox 999 2441 1106 2496; x_wconf 78' lang='lat' dir='ltr'><strong>nostro</strong></span> 
     </span>
     <span class='ocr_line' id='line_1_28' title="bbox 102 2512 1105 2615; baseline -0.004 -33"><span class='ocrx_word' id='word_1_231' title='bbox 102 2522 196 2598; x_wconf 82' lang='lat' dir='ltr'><strong>culpo</strong></span> <span class='ocrx_word' id='word_1_232' title='bbox 213 2521 298 2582; x_wconf 83' lang='lat' dir='ltr'><strong>dioto</strong></span> <span class='ocrx_word' id='word_1_233' title='bbox 318 2519 480 2580; x_wconf 76' lang='lat' dir='ltr'><strong>obscurius</strong></span> <span class='ocrx_word' id='word_1_234' title='bbox 500 2525 561 2579; x_wconf 77' lang='lat' dir='ltr'><strong>est:</strong></span> <span class='ocrx_word' id='word_1_235' title='bbox 582 2517 627 2577; x_wconf 85' lang='lat' dir='ltr'><strong>od</strong></span> <span class='ocrx_word' id='word_1_236' title='bbox 643 2517 789 2615; x_wconf 75' lang='lat' dir='ltr'><strong>ploiuioro</strong></span> <span class='ocrx_word' id='word_1_237' title='bbox 803 2524 832 2578; x_wconf 84' lang='lat' dir='ltr'><strong>et</strong></span> <span class='ocrx_word' id='word_1_238' title='bbox 851 2512 1021 2580; x_wconf 81' lang='lat' dir='ltr'><strong>commemo</strong></span> <span class='ocrx_word' id='word_1_239' title='bbox 1040 2533 1105 2578; x_wconf 85' lang='lat' dir='ltr'><strong>mo·</strong></span> 
     </span>
     <span class='ocr_line' id='line_1_29' title="bbox 101 2600 1105 2698; baseline -0.006 -33"><span class='ocrx_word' id='word_1_240' title='bbox 101 2605 259 2684; x_wconf 78' lang='lat' dir='ltr'><strong>piooerbu</strong></span> <span class='ocrx_word' id='word_1_241' title='bbox 274 2604 507 2698; x_wconf 51' lang='lat' dir='ltr'><strong>desumimus&amp;</strong></span> <span class='ocrx_word' id='word_1_242' title='bbox 527 2619 590 2660; x_wconf 88' lang='lat' dir='ltr'><strong>cum</strong></span> <span class='ocrx_word' id='word_1_243' title='bbox 605 2600 659 2659; x_wconf 95' lang='lat' dir='ltr'><strong>id</strong></span> <span class='ocrx_word' id='word_1_244' title='bbox 651 2618 744 2678; x_wconf 82' lang='lat' dir='ltr'><strong>ipsum</strong></span> <span class='ocrx_word' id='word_1_245' title='bbox 755 2602 862 2680; x_wconf 89' lang='lat' dir='ltr'><strong>optime</strong></span> <span class='ocrx_word' id='word_1_246' title='bbox 878 2601 942 2677; x_wconf 87' lang='lat' dir='ltr'><strong>liat,</strong></span> <span class='ocrx_word' id='word_1_247' title='bbox 959 2601 1036 2680; x_wconf 88' lang='lat' dir='ltr'><strong>quod</strong></span> <span class='ocrx_word' id='word_1_248' title='bbox 1050 2617 1105 2659; x_wconf 90' lang='lat' dir='ltr'><strong>nos</strong></span> 
     </span>
     <span class='ocr_line' id='line_1_30' title="bbox 102 2684 766 2768; baseline -0.009 -19"><span class='ocrx_word' id='word_1_249' title='bbox 102 2688 256 2768; x_wconf 85' lang='lat' dir='ltr'><strong>aliquando</strong></span> <span class='ocrx_word' id='word_1_250' title='bbox 271 2704 329 2747; x_wconf 93' lang='lat' dir='ltr'><strong>non</strong></span> <span class='ocrx_word' id='word_1_251' title='bbox 344 2687 451 2765; x_wconf 89' lang='lat' dir='ltr'><strong>optime</strong></span> <span class='ocrx_word' id='word_1_252' title='bbox 468 2685 576 2744; x_wconf 82' lang='lat' dir='ltr'><strong>iecisse</strong></span> <span class='ocrx_word' id='word_1_253' title='bbox 592 2684 766 2745; x_wconf 83' lang='lat' dir='ltr'><strong>simulamus.</strong></span> 
     </span>
    </p>
   </div>
   <div class='ocr_carea' id='block_1_3' title="bbox 500 2837 709 2891">
    <p class='ocr_par' dir='ltr' id='par_1_4' title="bbox 500 2837 709 2891">
     <span class='ocr_line' id='line_1_31' title="bbox 500 2837 709 2891; baseline 0.005 -3"><span class='ocrx_word' id='word_1_254' title='bbox 500 2838 545 2888; x_wconf 78' lang='lat' dir='ltr'><strong>DE</strong></span> <span class='ocrx_word' id='word_1_255' title='bbox 567 2837 709 2891; x_wconf 67' lang='lat' dir='ltr'><strong>onusto.</strong></span> 
     </span>
    </p>
   </div>
   <div class='ocr_carea' id='block_1_4' title="bbox 104 2931 1199 3434">
    <p class='ocr_par' dir='ltr' id='par_1_5' title="bbox 104 2931 1199 3434">
     <span class='ocr_line' id='line_1_32' title="bbox 186 2931 1104 3012; baseline -0.005 -15"><span class='ocrx_word' id='word_1_256' title='bbox 186 2935 237 2997; x_wconf 87' lang='lat' dir='ltr'><strong>lll.</strong></span> <span class='ocrx_word' id='word_1_257' title='bbox 265 2935 360 2996; x_wconf 87' lang='lat' dir='ltr'><strong>Venio</strong></span> <span class='ocrx_word' id='word_1_258' title='bbox 376 2953 452 2996; x_wconf 91' lang='lat' dir='ltr'><strong>nuno</strong></span> <span class='ocrx_word' id='word_1_259' title='bbox 466 2934 502 2995; x_wconf 91' lang='lat' dir='ltr'><strong>ad</strong></span> <span class='ocrx_word' id='word_1_260' title='bbox 520 2943 710 3010; x_wconf 86' lang='lat' dir='ltr'><strong>ornatum,</strong></span> <span class='ocrx_word' id='word_1_261' title='bbox 733 2934 761 2993; x_wconf 86' lang='lat' dir='ltr'><strong>in</strong></span> <span class='ocrx_word' id='word_1_262' title='bbox 782 2950 839 3012; x_wconf 87' lang='lat' dir='ltr'><strong>qno</strong></span> <span class='ocrx_word' id='word_1_263' title='bbox 855 2934 918 2992; x_wconf 91' lang='lat' dir='ltr'><strong>sine</strong></span> <span class='ocrx_word' id='word_1_264' title='bbox 935 2931 1021 2991; x_wconf 92' lang='lat' dir='ltr'><strong>dubio</strong></span> <span class='ocrx_word' id='word_1_265' title='bbox 1039 2932 1104 3011; x_wconf 86' lang='lat' dir='ltr'><strong>plus</strong></span> 
     </span>
     <span class='ocr_line' id='line_1_33' title="bbox 104 3015 1199 3100; baseline -0.006 -19"><span class='ocrx_word' id='word_1_266' title='bbox 104 3039 189 3100; x_wconf 87' lang='lat' dir='ltr'><strong>qnam</strong></span> <span class='ocrx_word' id='word_1_267' title='bbox 208 3024 238 3081; x_wconf 89' lang='lat' dir='ltr'><strong>in</strong></span> <span class='ocrx_word' id='word_1_268' title='bbox 258 3022 365 3081; x_wconf 90' lang='lat' dir='ltr'><strong>ceteris</strong></span> <span class='ocrx_word' id='word_1_269' title='bbox 383 3019 497 3080; x_wconf 91' lang='lat' dir='ltr'><strong>dicendi</strong></span> <span class='ocrx_word' id='word_1_270' title='bbox 517 3016 647 3096; x_wconf 90' lang='lat' dir='ltr'><strong>partibus</strong></span> <span class='ocrx_word' id='word_1_271' title='bbox 663 3017 719 3077; x_wconf 89' lang='lat' dir='ltr'><strong>sibi</strong></span> <span class='ocrx_word' id='word_1_272' title='bbox 740 3017 870 3093; x_wconf 79' lang='lat' dir='ltr'><strong>indulget</strong></span> <span class='ocrx_word' id='word_1_273' title='bbox 885 3023 993 3076; x_wconf 85' lang='lat' dir='ltr'><strong>orator.</strong></span> <span class='ocrx_word' id='word_1_274' title='bbox 1032 3015 1105 3077; x_wconf 89' lang='lat' dir='ltr'><strong>Nam</strong></span> <span class='ocrx_word' id='word_1_275' title='bbox 1196 3070 1199 3074; x_wconf 88' lang='lat'><em>.</em></span> 
     </span>
     <span class='ocr_line' id='line_1_34' title="bbox 105 3101 1104 3204; baseline -0.007 -38"><span class='ocrx_word' id='word_1_276' title='bbox 105 3107 256 3166; x_wconf 90' lang='lat' dir='ltr'><strong>emendate</strong></span> <span class='ocrx_word' id='word_1_277' title='bbox 278 3104 392 3204; x_wconf 82' lang='lat' dir='ltr'><strong>quidem</strong></span> <span class='ocrx_word' id='word_1_278' title='bbox 416 3122 451 3165; x_wconf 88' lang='lat' dir='ltr'><strong>ac</strong></span> <span class='ocrx_word' id='word_1_279' title='bbox 473 3101 570 3162; x_wconf 88' lang='lat' dir='ltr'><strong>lucide</strong></span> <span class='ocrx_word' id='word_1_280' title='bbox 592 3101 747 3162; x_wconf 88' lang='lat' dir='ltr'><strong>dicentium</strong></span> <span class='ocrx_word' id='word_1_281' title='bbox 763 3112 850 3162; x_wconf 91' lang='lat' dir='ltr'><strong>tenue</strong></span> <span class='ocrx_word' id='word_1_282' title='bbox 870 3101 1029 3178; x_wconf 89' lang='lat' dir='ltr'><strong>praemium</strong></span> <span class='ocrx_word' id='word_1_283' title='bbox 1048 3110 1104 3176; x_wconf 90' lang='lat' dir='ltr'><strong>est,</strong></span> 
     </span>
     <span class='ocr_line' id='line_1_35' title="bbox 104 3184 1105 3270; baseline -0.006 -21"><span class='ocrx_word' id='word_1_284' title='bbox 104 3191 255 3270; x_wconf 83' lang='lat' dir='ltr'><strong>magisque</strong></span> <span class='ocrx_word' id='word_1_285' title='bbox 277 3198 308 3248; x_wconf 88' lang='lat' dir='ltr'><strong>ut</strong></span> <span class='ocrx_word' id='word_1_286' title='bbox 320 3190 396 3249; x_wconf 85' lang='lat' dir='ltr'><strong>vitiis</strong></span> <span class='ocrx_word' id='word_1_287' title='bbox 412 3205 513 3248; x_wconf 88' lang='lat' dir='ltr'><strong>carere</strong></span> <span class='ocrx_word' id='word_1_288' title='bbox 532 3203 615 3263; x_wconf 86' lang='lat' dir='ltr'><strong>quam</strong></span> <span class='ocrx_word' id='word_1_289' title='bbox 636 3194 666 3243; x_wconf 92' lang='lat' dir='ltr'><strong>ut</strong></span> <span class='ocrx_word' id='word_1_290' title='bbox 681 3184 805 3263; x_wconf 86' lang='lat' dir='ltr'><strong>aliquam</strong></span> <span class='ocrx_word' id='word_1_291' title='bbox 826 3202 957 3262; x_wconf 86' lang='lat' dir='ltr'><strong>magnam</strong></span> <span class='ocrx_word' id='word_1_292' title='bbox 971 3186 1105 3244; x_wconf 87' lang='lat' dir='ltr'><strong>virtutem</strong></span> 
     </span>
     <span class='ocr_line' id='line_1_36' title="bbox 104 3269 1133 3352; baseline -0.005 -18"><span class='ocrx_word' id='word_1_293' title='bbox 104 3273 227 3352; x_wconf 90' lang='lat' dir='ltr'><strong>adeptus</strong></span> <span class='ocrx_word' id='word_1_294' title='bbox 252 3290 320 3333; x_wconf 92' lang='lat' dir='ltr'><strong>esse</strong></span> <span class='ocrx_word' id='word_1_295' title='bbox 340 3272 475 3332; x_wconf 74' lang='lat' dir='ltr'><strong>videaris,</strong></span> <span class='ocrx_word' id='word_1_296' title='bbox 519 3269 649 3329; x_wconf 78' lang='lat' dir='ltr'><strong>Intentio</strong></span> <span class='ocrx_word' id='word_1_297' title='bbox 670 3285 734 3328; x_wconf 90' lang='lat' dir='ltr'><strong>cum</strong></span> <span class='ocrx_word' id='word_1_298' title='bbox 754 3270 893 3348; x_wconf 87' lang='lat' dir='ltr'><strong>imperitis</strong></span> <span class='ocrx_word' id='word_1_299' title='bbox 913 3286 1003 3348; x_wconf 85' lang='lat' dir='ltr'><strong>saepe</strong></span> <span class='ocrx_word' id='word_1_300' title='bbox 1027 3285 1104 3328; x_wconf 90' lang='lat' dir='ltr'><strong>com·</strong></span> <span class='ocrx_word' id='word_1_301' title='bbox 1116 3277 1133 3329; x_wconf 79' lang='lat'><strong>2</strong></span> 
     </span>
     <span class='ocr_line' id='line_1_37' title="bbox 104 3352 1104 3434; baseline -0.008 -17"><span class='ocrx_word' id='word_1_302' title='bbox 104 3359 214 3433; x_wconf 89' lang='lat' dir='ltr'><strong>munis,</strong></span> <span class='ocrx_word' id='word_1_303' title='bbox 228 3357 394 3434; x_wconf 90' lang='lat' dir='ltr'><strong>dispositio</strong></span> <span class='ocrx_word' id='word_1_304' title='bbox 415 3355 547 3417; x_wconf 87' lang='lat' dir='ltr'><strong>modicae</strong></span> <span class='ocrx_word' id='word_1_305' title='bbox 571 3352 721 3413; x_wconf 89' lang='lat' dir='ltr'><strong>doctrinae</strong></span> <span class='ocrx_word' id='word_1_306' title='bbox 746 3354 826 3415; x_wconf 91' lang='lat' dir='ltr'><strong>credi</strong></span> <span class='ocrx_word' id='word_1_307' title='bbox 849 3362 961 3432; x_wconf 89' lang='lat' dir='ltr'><strong>potest;</strong></span> <span class='ocrx_word' id='word_1_308' title='bbox 984 3352 1104 3430; x_wconf 83' lang='lat' dir='ltr'><strong>siquae</strong></span> 
     </span>
    </p>
   </div>
   <div class='ocr_carea' id='block_1_5' title="bbox 104 3437 1103 3583">
    <p class='ocr_par' dir='ltr' id='par_1_6' title="bbox 104 3437 1103 3583">
     <span class='ocr_line' id='line_1_38' title="bbox 104 3437 1103 3583; baseline -0.008 -81"><span class='ocrx_word' id='word_1_309' title='bbox 104 3451 171 3503; x_wconf 86' lang='lat' dir='ltr'><strong>sunt</strong></span> <span class='ocrx_word' id='word_1_310' title='bbox 195 3449 274 3501; x_wconf 87' lang='lat' dir='ltr'><strong>artes</strong></span> <span class='ocrx_word' id='word_1_311' title='bbox 298 3439 435 3501; x_wconf 89' lang='lat' dir='ltr'><strong>altiores:</strong></span> <span class='ocrx_word' id='word_1_312' title='bbox 461 3440 633 3520; x_wconf 88' lang='lat' dir='ltr'><strong>plerumque</strong></span> <span class='ocrx_word' id='word_1_313' title='bbox 658 3438 857 3514; x_wconf 88' lang='lat' dir='ltr'><strong>occultantur,</strong></span> <span class='ocrx_word' id='word_1_314' title='bbox 848 3445 1010 3583; x_wconf 59' lang='lat' dir='ltr'><strong>,upprtes</strong></span> <span class='ocrx_word' id='word_1_315' title='bbox 1032 3437 1103 3504; x_wconf 87' lang='lat' dir='ltr'><strong>sint;</strong></span> 
     </span>
    </p>
   </div>
   <div class='ocr_carea' id='block_1_6' title="bbox 0 0 1228 3925">
    <p class='ocr_par' dir='ltr' id='par_1_7' title="bbox 0 0 1228 3925">
     <span class='ocr_line' id='line_1_39' title="bbox 0 0 1228 3925; baseline 0 0"><span class='ocrx_word' id='word_1_316' title='bbox 0 0 1228 3925; x_wconf 95' lang='lat' dir='ltr'><strong> </strong></span> 
     </span>
    </p>
   </div>
  </div>
 </body>
</html>
