2434 3925
256 266 258 269 ’
301 255 394 304 lusu.
408 255 555 304 ORATOR.
571 256 641 302 LIB.
657 256 699 321 11,
715 251 757 305 lt.
774 254 816 307 15.

151 408 243 487 lgitur
254 408 401 468 rhetorice
426 410 507 487 (iarn
528 411 602 469 enirn
624 413 686 469 sine
704 420 780 470 metu
800 410 990 471 cavillationis
1004 422 1094 475 ute-5

66 512 129 554 mur
144 493 199 554 hac
215 494 426 573 appellatione)
443 496 496 569 sic,
512 503 542 552 ut
556 497 670 572 opinor,
687 497 794 572 optime
814 495 966 573 dividetur,
982 498 1064 556 atde

67 588 168 652 arte,
192 577 228 636 de
248 578 421 653 artifice,
443 577 480 637 de
500 594 615 655 opere
638 578 774 637 dicamus.
812 577 966 655 Arserit,
989 597 1064 658 quae

66 661 222 739 disciplina
239 664 351 739 percipi
369 661 469 730 debet;
487 679 520 720 ea
539 671 584 721 est
607 662 698 721 bene
719 662 866 722 dicendi
889 666 1062 725 scientia.

65 745 220 805 Artifex
243 754 303 820 est,
326 747 373 823 qui
394 748 526 823 percepit
546 746 621 806 hanc
643 756 750 821 artem,
777 746 805 805 id
828 756 888 821 est,
918 759 1062 824 orator,

66 832 150 890 cuius
167 838 213 888 est
229 847 335 888 summa
350 830 423 889 hene
440 830 553 899 dicere;
579 848 688 908 opus,
707 831 788 908 quod
806 830 929 891 efficitur
946 832 981 891 ab
996 836 1062 892 arti-

65 915 138 989 fice,
160 914 190 973 id
211 921 270 989 est,
295 913 384 973 bonu
405 916 537 973 oratic.
578 914 659 974 llaec
673 917 766 974 omnia
781 933 880 973 rursus
895 914 1065 975 diducuntur

64 998 94 1058 in
110 999 243 1075 speciem
264 997 316 1057 sed
335 998 384 1057 illa
399 1001 550 1075 sequentia
567 999 721 1076 sualane,
742 1017 817 1058 nanc
832 1017 906 1078 quae
923 999 1063 1078 deprima

64 1091 151 1161 parte
167 1082 315 1142 tractanda
330 1092 409 1158 sunt,
426 1082 532 1142 ordiar.

217 1232 293 1293 QUID
310 1232 361 1283 sm
379 1233 565 1286 maurontus
581 1234 624 1285 ΕΤ
641 1233 714 1293 QUIS
731 1233 804 1285 EIUS
822 1233 916 1287 FlNlS.

151 1329 215 1389 XV.
246 1329 322 1390 Ante
337 1332 447 1406 omnia,
471 1332 538 1409 quid
557 1333 594 1391 sit
609 1330 765 1391 rhetorice.
799 1330 880 1405 Quae
895 1332 989 1391 finitur
1002 1337 1062 1410 qni-

64 1414 133 1475 dem
146 1417 226 1474 varie
241 1414 293 1474 sed
309 1417 507 1492 quaestionem
521 1415 608 1475 hahet
623 1415 777 1493 duplicem,
793 1425 842 1475 aut
856 1418 929 1476 enim
942 1417 977 1476 de
994 1435 1061 1495 qna·

64 1500 148 1560 litate
163 1501 253 1576 ipsius
268 1501 317 1557 'rei
336 1504 384 1558 aut
405 1499 441 1558 de
462 1498 720 1577 comprehensione
743 1499 896 1559 verborum
918 1501 1060 1561 dissensio

65 1593 122 1643 est,
157 1582 248 1642 Prima
266 1591 352 1660 atque
367 1585 523 1661 praecipua
545 1586 709 1661 opinionum
724 1584 801 1643 circa
816 1583 873 1644 hoc
888 1585 1060 1662 differentia,

66 1668 146 1746 qnod
169 1665 217 1727 alii
238 1666 330 1726 malos
359 1684 474 1745 quoque
500 1669 579 1727 viros
601 1684 691 1745 posse
711 1677 843 1727 oratores
865 1669 921 1728 dici
945 1679 1059 1746 putant;

65 1753 127 1826 alii,
146 1767 266 1830 quorum
280 1768 334 1811 nos
350 1753 511 1811 sententiae
526 1753 700 1827 accedimus,
716 1769 819 1814 nornen
834 1751 891 1811 hoc
902 1762 1060 1831 artemque,

65 1835 103 1896 de
119 1852 176 1914 qua
191 1835 350 1912 loquimur,
367 1834 450 1894 bonis
467 1836 578 1895 demum
596 1835 680 1894 tribui
696 1835 806 1896 volunt·
835 1835 942 1895 Eomm
957 1847 1090 1912 autem,2

66 1923 117 1999 qni
139 1920 254 1980 dicendi
275 1919 441 1980 facultatem
459 1938 477 1980 a
498 1922 606 1979 maiore
629 1938 664 1980 uc
684 1922 775 1996 magis
801 1920 964 1997 expetenda
984 1923 1060 1981 vitae

64 2005 152 2066 laude
178 2013 346 2080 secernunt,
382 2005 495 2082 quidam
518 2004 683 2064 rhetoricen
713 2007 769 2064 vim
796 2013 917 2078 tantum,
949 2005 1062 2082 quidam

64 2090 218 2149 scientiam
233 2088 286 2148 sed
302 2105 359 2147 non
372 2095 518 2155 virtutem,
535 2088 647 2167 qnidam
658 2107 749 2164 usum,
765 2088 879 2166 quidam
894 2097 983 2147 artem
999 2091 1059 2166 qui-

64 2173 132 2234 dem
148 2173 202 2232 sed
217 2189 233 2231 a
247 2175 367 2232 scientia
382 2183 411 2233 et
425 2175 530 2232 virtute
546 2173 730 2248 disiunctum,
755 2171 867 2251 quidam
890 2174 974 2231 etiam
995 2190 1060 2250 pra·

63 2262 184 2317 vitatem
199 2257 340 2333 quandam
353 2259 437 2333 artis,
454 2257 483 2316 id
498 2266 543 2317 est
558 2257 756 2334 κακοτεχνίαν,
771 2259 997 2316 nominaverunt.
1027 2256 1090 2321 lli3

63 2340 129 2402 fere
146 2349 194 2402 aut
214 2343 243 2400 in
258 2342 461 2420 persuadendo
478 2351 526 2401 ant
546 2344 575 2400 in
599 2341 721 2401 dicendo
742 2346 809 2420 apte
829 2341 865 2400 ad
885 2340 1060 2419 persuaden-

64 2427 132 2488 dum
146 2426 272 2504 positum
288 2426 387 2485 orandi
401 2444 501 2485 munus
525 2426 741 2486 suntarbitrati.
777 2425 809 2485 ld
832 2427 907 2485 enirn
928 2424 989 2484 lieri
1009 2442 1061 2503 po·

63 2520 124 2570 test
135 2509 171 2572 ah
188 2526 225 2568 eo
241 2526 367 2587 quoque,
384 2512 431 2588 qui
445 2512 489 2569 vir
503 2509 594 2569 honus
609 2512 727 2569 nonsit.
757 2508 810 2569 Est
825 2511 912 2586 igitur
925 2510 1060 2586 frequen-

65 2595 191 2654 tissimus
213 2593 292 2671 linis,
309 2595 482 2656 rhetoricen
497 2613 563 2655 ease
582 2596 641 2655 uim
652 2596 872 2673 persuadendi.
905 2593 987 2668 Quod
1003 2610 1060 2668 ego

63 2680 126 2740 cim
146 2675 281 2755 appello,
303 2677 436 2757 plerique
453 2687 643 2754 potestatem,
667 2678 795 2737 nonnulli
813 2678 991 2757 fucultatem
1009 2693 1059 2736 vo·

67 2771 146 2829 cant;
164 2779 298 2839 quaeres
313 2780 349 2821 ne
363 2761 430 2839 quid
440 2761 542 2822 alferat
553 2761 753 2839 ambiguitatis,
769 2764 829 2822 man
843 2762 908 2821 dico
923 2755 1058 2838 δύναμιν.

65 2845 145 2906 llaec
163 2848 261 2924 opinio
278 2849 417 2923 originem
440 2845 475 2906 ab
496 2846 668 2923 Isocrate
691 2847 736 2924 (si
756 2856 850 2907 tamen
869 2862 972 2904 revera
991 2844 1089 2920 ΑΜ

66 2947 141 3009 quae
157 2930 367 3005 circumfertur,
384 2933 445 2990 eius
459 2932 518 3010 est)
537 2931 626 2990 duxit.
657 2930 723 3006 Qui,
741 2949 802 2990 cum
818 2930 906 3006 longe
923 2931 961 2988 sit
975 2947 991 2988 a
1006 2945 1057 2987 vo·

65 3014 175 3075 luntate
195 3015 387 3075 infamantium
404 3017 527 3075 oratoris
544 3015 655 3089 oillcia,
671 3015 759 3074 linem
772 3015 840 3073 artis
858 3023 967 3079 temere
982 3030 1058 3072 com-

65 3097 230 3177 prehendit,
247 3099 347 3158 dicens
363 3118 430 3159 esse
446 3098 611 3158 rhetoricen
622 3099 834 3178 persuadendi
854 3098 1007 3177 opificem,
1031 3097 1059 3156 id

67 3191 113 3242 est
140 3185 263 3254 πειθοῦς
284 3174 476 3262 δημιουργόν;
502 3200 596 3259 neque
621 3186 695 3242 enim
721 3181 787 3242 mihi
813 3183 991 3260 permiserim
1012 3199 1059 3240 ea-

65 3265 131 3326 dem
146 3269 187 3325 uti
203 3266 406 3340 declinatione,
424 3283 479 3344 qua
494 3264 602 3326 Ennius
621 3266 659 3326 hl.
677 3264 836 3343 Cethegum
850 3265 978 3326 Suodue
998 3283 1059 3325 me·

67 3351 184 3412 dullum
197 3360 294 3410 vocat.
320 3350 407 3429 Apud
421 3350 569 3409 Platonem
583 3369 699 3429 quoque
716 3350 838 3427 Gorgias
855 3353 883 3409 in
898 3350 990 3422 libro,
1012 3348 1088 3425 quia

65 3436 180 3494 nomine
200 3437 263 3513 eius
283 3436 437 3512 inscriptus
460 3442 522 3509 est,
544 3433 619 3493 idem
634 3435 697 3494 fere
713 3436 796 3503 dicit;
819 3433 871 3494 sed
891 3434 964 3492 hanc
977 3432 1059 3491 Plato

65 3519 143 3580 illius
160 3519 325 3597 opinionem
339 3519 402 3578 vult
414 3520 508 3596 accipi
523 3535 580 3577 non
594 3536 683 3578 suant.
718 3516 824 3578 Cicero
840 3516 968 3597 pluribus
985 3515 1059 3575 locis
