2434 3925
178 192 240 257 276
457 162 468 171 ⁹
505 205 543 252 ιι.
558 203 636 252 ran.
649 201 879 264 qururmmur·

179 360 342 438 inquirere,
364 355 486 418 candide
506 374 552 418 me
574 366 660 436 atque
682 356 851 436 simpliciter
870 357 899 416 in
917 358 1062 419 notitiam
1078 376 1160 431 eous,

181 446 205 503 si
221 443 269 521 qui
283 441 359 503 forte
376 458 559 520 cognoscere
574 443 745 516 voluissent,
762 440 929 519 protulisse.
957 442 1068 520 Atque
1083 443 1110 503 id
1121 446 1162 501 rim

151 528 259 597 obono
276 527 345 585 satis
361 534 422 602 est,
439 525 574 585 docuisse
592 525 669 603 quod
684 526 783 585 sciret.
814 523 930 584 Vereor
945 534 1072 603 tamen,
1090 546 1123 586 ne
1135 535 1163 584 au

180 628 282 687 magna
293 610 406 669 nimium
420 610 522 670 videar
536 609 669 686 exigere,
684 610 733 688 qui
748 608 870 669 eundem
883 610 975 669 virum
991 609 1108 670 bonum
1120 628 1164 670 esar

182 704 211 754 et
232 693 345 755 dicendi
360 694 483 771 peritum
497 693 598 761 relim;
623 701 671 753 ant
686 691 789 768 multa,
812 694 860 770 qui
877 701 919 752 tot
936 694 1061 753 artibus
1076 696 1105 753 in
1118 711 1164 772 pur

180 780 245 838 ritia
266 776 412 838 discendis
435 793 545 836 morum
565 793 683 857 quoque
705 786 864 855 praecepta
884 785 914 835 et
933 778 1100 837 seientiam
1119 777 1164 836 inu't

181 861 274 922 civilis
289 871 407 940 praeter
423 878 473 937 ea,
499 879 572 938 quae
591 860 628 921 de
644 860 811 939 eloquentia
833 860 1045 937 tradebantur,
1073 861 1165 921 adiere

180 947 247 1014 rim;
273 946 378 1024 quique
401 943 475 1004 haec
494 946 579 1022 operi
595 953 697 1004 nostro
718 945 885 1005 necessaria
900 962 969 1005 esse
989 945 1166 1005 crediderint

179 1030 261 1090 velut
274 1045 382 1096 moram
398 1029 442 1088 rei
456 1028 683 1107 perhorrescant
698 1037 726 1089 et
737 1028 896 1106 desperent
910 1037 976 1088 ante
995 1031 1166 1107 experimen

140 1123 248 1176 loturu.
283 1111 340 1187 Qui
358 1114 477 1190 primurn
491 1114 655 1171 renuntient
674 1112 744 1187 sibi,
768 1120 872 1190 quanta
887 1113 924 1171 sit
939 1111 1065 1171 humani
1080 1109 1168 1188 ingenii

180 1198 241 1273 vis,
263 1214 348 1276 quarn
370 1204 474 1274 potens
495 1196 643 1256 alliciendi
665 1213 740 1274 quae
764 1196 851 1255 velit:
885 1213 949 1256 curu
969 1198 1072 1256 maria
1095 1207 1165 1256 trans·

180 1284 240 1356 ire,
255 1281 381 1340 siderum
395 1299 496 1339 cursus
511 1296 704 1358 numerosque
721 1296 920 1356 cognoscere,
934 1280 1080 1339 mundum
1095 1281 1167 1358 ipsun

181 1383 275 1444 paene
291 1364 412 1424 dimetiri
427 1366 553 1423 minores
569 1364 622 1424 sed
637 1364 816 1424 difficiliores
831 1373 909 1424 artes
922 1365 1088 1442 potuerint.
1114 1362 1165 1421 len

181 1450 324 1526 cogitent,
347 1457 478 1526 quautam
492 1466 554 1508 rem
568 1456 682 1526 petant,
704 1466 846 1527 quamque
864 1446 958 1507 nullus
976 1451 1020 1508 sit
1043 1448 1102 1507 boc
1115 1461 1165 1524 pro·

144 1535 277 1612 llposito
297 1532 425 1610 praemio
448 1531 532 1591 labor
550 1532 737 1592 recusandus.
770 1530 855 1605 Quod
877 1532 901 1590 si
917 1539 1016 1590 mente
1036 1546 1165 1607 concepe

180 1618 251 1676 rint:
269 1616 334 1675 huic
350 1632 465 1693 quoque
480 1616 554 1694 parti
567 1615 679 1675 facilius
692 1615 843 1692 accedent,
855 1612 889 1674 vnt
903 1616 995 1693 ipsum
1013 1617 1075 1676 iter
1089 1628 1164 1690 neque

179 1701 349 1778 impervium
365 1717 459 1778 neque
475 1700 576 1759 saltem
591 1698 690 1758 durum
703 1709 812 1779 putent.
842 1698 913 1760 Nam
928 1699 972 1775 id,
998 1700 1085 1778 quod
1104 1698 1164 1776 prins

183 1784 318 1864 quodque
339 1785 428 1843 maius
451 1792 511 1859 est,
537 1792 568 1844 ut
588 1783 657 1842 boni
677 1784 731 1856 viri
752 1784 856 1857 simus,
882 1784 1035 1843 voluntate
1059 1783 1161 1842 maxiut

183 1877 310 1935 constat;
327 1886 411 1946 quam
424 1869 472 1946 qui
482 1885 553 1927 vera
568 1866 625 1926 fide
638 1868 772 1943 induerit,
787 1868 876 1927 iacile
888 1867 1020 1943 easdem,
1040 1865 1161 1947 quaerir

141 1963 268 2018 latntem
283 1952 404 2027 docent,
420 1961 499 2013 artes
515 1951 651 2032 accipiet.
679 1949 783 2030 Neque
798 1952 873 2012 enim
887 1960 935 2013 aut
949 1960 1007 2011 tam
1023 1950 1158 2031 perplexa,
1178 1924 1180 2022 l

183 2047 231 2099 aut
250 2047 306 2097 tarn
327 2052 480 2097 numerosa
501 2044 564 2095 sunt
585 2053 660 2113 quae
681 2045 862 2115 promuntur,
885 2045 993 2095 utnon
1020 2046 1159 2115 paucornn

183 2122 334 2183 admodum
349 2138 486 2181 annorum
508 2120 666 2179 intentione
688 2118 843 2180 discantur.
875 2120 1002 2197 Longam
1020 2122 1096 2180 enim
1109 2113 1158 2177 iacit

167 2223 313 2285 operam,
327 2204 404 2284 quod
415 2221 622 2282 repugnamus;
635 2203 733 2264 brevis
745 2213 790 2263 est
800 2206 936 2264 institutio
947 2206 1025 2265 vitae
1038 2205 1157 2264 honestat

182 2290 362 2367 beataeque,
384 2290 408 2347 si
423 2289 536 2348 credas.
568 2286 677 2347 Natura
691 2289 767 2347 enim
782 2304 835 2346 nos
850 2287 886 2347 ad
900 2297 1026 2348 mentem
1044 2288 1156 2367 optimu
1178 2323 1179 2382 p

182 2374 297 2450 genuit,
319 2374 452 2451 adeoque
475 2373 591 2432 discere
614 2371 737 2432 meliora
757 2371 920 2431 volentibus
938 2382 1102 2452 promptum
1117 2371 1154 2433 etl
1178 2399 1179 2442 ι

182 2467 214 2516 ut
226 2474 297 2516 vere
313 2457 432 2515 intuenti
443 2456 543 2516 mirum
557 2456 593 2515 sit
604 2454 675 2516 illud
687 2456 789 2532 magis,
803 2456 896 2515 malos
911 2474 979 2515 esse
989 2464 1050 2516 tam
1064 2452 1154 2515 multoe
1178 2501 1179 2520 ,

142 2539 251 2606 13Nam
268 2548 299 2599 ut
314 2558 389 2618 aqua
406 2540 553 2617 piscibus,
574 2547 605 2598 ut
620 2540 699 2599 sicca
719 2541 862 2615 terrenis,
883 2540 1075 2601 circumfusus
1093 2531 1154 2596 nobit
1178 2555 1179 2568 ι

184 2626 300 2703 spiritus
311 2622 479 2683 volucribus
491 2624 639 2683 convenit:
655 2623 694 2683 ita
710 2632 791 2684 certe
804 2623 917 2683 facilius
935 2642 1002 2684 esse
1023 2617 1155 2705 oportebat
1178 2609 1179 2678 l

184 2708 341 2769 secundum
365 2715 493 2767 naturam
515 2724 599 2785 quam
616 2716 715 2768 contra
731 2725 794 2767 eam
815 2709 927 2767 virere.
964 2706 1072 2768 cetera
1091 2715 1152 2762 vero,

92 2822 93 2825 ¹
185 2794 295 2852 etiamsi
317 2799 440 2852 aetatem
461 2799 587 2850 nostram
607 2808 666 2850 uon
681 2792 773 2869 spatio
794 2792 953 2856 senectutis
969 2793 1022 2851 sed
1045 2798 1154 2865 tempor
1178 2815 1179 2840 ι

184 2876 400 2936 adolescentiae
415 2877 579 2951 metiamur,
601 2874 715 2934 abunde
732 2875 836 2935 multos
852 2875 888 2934 ad
904 2876 1072 2937 discendum
1086 2880 1153 2933 anno
1178 2895 1179 2940 ι

184 2959 300 3019 babent.
328 2957 426 3019 Omnia
443 2962 517 3019 enirn
531 2959 667 3020 breviora
681 2959 785 3019 reddet
799 2960 871 3020 ordo
887 2968 916 3018 et
931 2962 1003 3019 ratio
1020 2969 1051 3020 et
1064 2953 1151 3019 modat·

143 3042 243 3102 neSed
259 3044 343 3122 culpa
362 3044 447 3103 estin
462 3042 703 3122 praeceptoribus
718 3044 824 3122 prima,
848 3045 896 3121 qui
912 3044 1036 3104 libenter
1051 3039 1153 3105 detinent
1178 3087 1179 3118 ,

186 3142 258 3204 quos
274 3137 506 3206 occupaverunt,
531 3128 633 3206 partim
654 3127 809 3204 cupiditate
827 3127 931 3187 diutius
949 3128 1084 3205 exigendi
1098 3133 1150 3182 met

185 3209 420 3290 cedulaspartim
436 3211 600 3285 ambitione,
618 3227 674 3288 quo
690 3210 833 3271 difficilius
849 3213 886 3271 sit
901 3212 976 3289 quod
992 3212 1150 3291 pollicentia

183 3295 286 3373 partim
303 3295 390 3354 etiani
408 3296 558 3356 inscientia
577 3294 709 3355 tradendi
722 3294 770 3354 vel
784 3296 972 3373 negligentia.
1002 3285 1148 3356 ΡιοιιίιιιιὶΙ
1178 3275 1179 3310 ¹

184 3377 285 3453 nobis,
308 3380 356 3456 qui
372 3380 477 3439 morari
497 3380 525 3437 in
547 3395 584 3439 eo
600 3376 677 3458 quod
692 3375 838 3455 novimus,
863 3397 946 3457 quam
969 3379 1083 3439 discere
1096 3383 1148 3452 quae
1178 3437 1179 3440 ,

142 3462 308 3524 ltnondunr
324 3463 446 3540 scimus,
468 3462 571 3522 melius
593 3470 734 3542 putamus.
772 3460 844 3524 Nam
861 3472 891 3523 ut
910 3464 947 3525 de
963 3464 1068 3524 nostris
1082 3453 1144 3542 potit-
