2434 3925
146 172 216 236 λ278
404 252 408 257 .
472 186 598 234 nnnc.
611 186 830 246 pumannum

154 336 274 421 gratius,
289 343 314 402 si
331 360 386 420 qua
404 343 488 401 etiam
503 339 687 418 ambiguitate
702 342 846 403 conditur:
866 350 898 401 ut
912 338 1018 402 Cicero
1033 343 1061 402 in
1076 343 1147 404 Lar·

155 430 233 502 tium,
247 427 389 486 hominem
406 425 537 486 callidum
553 434 582 485 et
596 436 752 502 versutum,
769 445 833 486 cum
847 427 908 486 isin
921 428 1041 504 quadam
1056 446 1147 488 cansa

84 570 88 581 ,
155 520 307 589 suspectus
327 518 421 585 esset,
438 508 506 570 Nr'sr'
521 512 549 571 ct'
564 527 625 588 qna
642 509 746 572 Ulixes
759 513 917 573 interuenit
930 510 1075 580 Lartium
1092 531 1147 571 seu

112 594 251 660 nivernis
269 603 401 672 exparte
416 594 544 653 mutatis:
566 602 597 653 ut
612 595 640 653 in
654 613 735 671 eum,
754 596 818 673 qui,
835 613 898 654 cum
912 604 996 655 antea
1011 595 1146 655 stultissi-

154 697 215 738 mus
231 688 310 738 esset
326 679 449 754 habitus,
465 687 532 756 post
547 687 697 756 acceptam
708 679 896 740 hereditatem
910 681 1018 757 primus
1029 687 1146 738 senten·

154 765 221 823 tiam
235 763 403 841 rogabatur,
422 760 515 823 Ocius
530 763 686 826 hereditas
705 772 765 839 est,
788 780 879 841 qnam
898 771 1010 825 nocant
1022 766 1146 842 snpien-

155 849 238 922 tinm,
255 864 309 924 pro
326 847 392 921 illo,
408 847 546 929 [omittas
560 856 623 916 crt;
643 866 695 906 seu
708 847 767 906 licti
782 848 858 906 notis
872 847 1005 908 versibus
1022 847 1145 922 similes,

114 937 227 1009 98quae
242 932 378 1014 nnppdtn
393 930 506 1000 dicitur-3
529 939 558 990 et
578 931 783 1009 proverbia
801 940 964 1010 opportune
980 940 1094 1008 aptata:
1114 939 1146 991 ut

154 1015 260 1074 homini
277 1033 398 1092 nequam
411 1015 494 1092 lapso
515 1020 560 1090 et,
585 1024 616 1074 ιιι
636 1015 825 1090 allevaretur,
842 1018 971 1091 roganti,
994 1014 1091 1077 Tollnt
1104 1022 1145 1089 te,

156 1101 209 1177 qna'
227 1118 287 1160 non
307 1100 398 1160 novit.
442 1097 488 1162 Ex
510 1100 669 1159 historia
695 1101 780 1159 etiarn
809 1100 917 1159 ducere
944 1099 1145 1174 urbanitatem,

156 1183 295 1244 eruditum
310 1191 371 1243 est:
392 1191 422 1242 ιιι
438 1180 543 1242 Cicero
558 1183 646 1259 fecit,
671 1201 734 1243 cum
748 1186 776 1243 ei
790 1192 895 1243 testem
907 1186 936 1243 in
950 1184 1055 1243 iudicio
1071 1183 1145 1241 Ver·

155 1269 195 1326 ris
206 1269 318 1344 roganti
329 1267 449 1326 dixisset
460 1266 642 1342 Hortensius,
654 1266 721 1330 Non
731 1270 863 1346 intelligo
873 1269 952 1330 baec
962 1269 1147 1346 eeniqmnta.

155 1348 247 1428 Atqui
262 1352 364 1426 debes,
380 1351 487 1428 iniquit,
508 1371 576 1412 cunc
590 1349 753 1431 Spttoqem
768 1353 849 1413 domi
864 1353 999 1421 habena·
1020 1368 1146 1428 accepe-

156 1443 200 1494 rat
216 1443 312 1507 autem
326 1434 376 1493 ille
394 1452 410 1494 a
427 1435 521 1494 Verre
537 1435 694 1513 Sphingem
709 1454 828 1496 aeneam
850 1453 971 1512 magnae
992 1436 1145 1513 pecuniae.

114 1518 148 1573 99
238 1518 478 1578 Subahsurda
505 1519 554 1579 illa
584 1529 715 1580 constant
737 1520 895 1579 stultissimi
916 1521 1087 1592 imitatione,
1117 1528 1147 1577 et

156 1619 241 1680 quae,
257 1604 311 1661 nisi
325 1602 476 1679 fingantur,
493 1603 579 1663 stulta
596 1612 675 1664 sunt:
693 1613 734 1679 ut,
752 1607 800 1681 qui
810 1604 987 1680 mirantibus,
1003 1602 1080 1680 quod
1094 1602 1145 1660 hu·

60 1688 62 1692 ‘
155 1687 222 1746 mile
244 1687 446 1747 candelabrum
466 1689 601 1764 emisset,
627 1687 829 1750 Praestutiani
848 1691 923 1766 erit,
945 1689 1044 1765 iuquit.
1087 1685 1145 1745 Sed

126 1829 134 1835 ,
156 1769 207 1830 illa
227 1770 328 1831 similia
349 1771 480 1830 absurdis
501 1781 566 1831 sunt
584 1774 679 1846 acria,
704 1789 778 1850 quae
799 1781 932 1850 tanquam
952 1773 1014 1830 sine
1033 1771 1145 1829 ratione

157 1853 233 1914 dicta
248 1855 392 1915 feruntur:
410 1864 441 1914 ut
458 1873 559 1914 servus
580 1856 765 1931 Dolabellae,
779 1875 842 1916 cum
857 1858 1094 1932 interrogaretur,
1111 1871 1147 1912 an

158 1937 286 1999 dominus
307 1941 368 1999 eius
384 1941 545 2000 auctionem
560 1942 776 2020 proposuisset,
790 1939 934 2016 Domtnn,
950 1940 1056 2018 inquit,
1072 1957 1145 1999 nen·

99 2030 151 2082 100
160 2026 247 2087 ntntt.
292 2023 473 2102 Deprehensi
501 2026 612 2085 interim
635 2026 774 2104 pudorem
797 2043 878 2084 suurn
903 2024 1024 2085 ridiculo
1049 2022 1146 2099 aliquo

159 2109 318 2187 explicant:
338 2118 384 2184 ut,
409 2111 457 2186 qui
477 2118 582 2168 testem
596 2110 738 2169 dicentem
757 2128 791 2169 se
812 2126 895 2169 areo
909 2109 1088 2168 vulneratum
1105 2107 1145 2164 in·

158 2201 377 2268 terrogaverat,
398 2211 434 2251 an
455 2194 619 2254 cicatricem
639 2194 776 2269 haberet,
800 2211 862 2252 cum
882 2193 933 2252 ille
954 2194 1097 2269 ingentem
1117 2192 1148 2247 in

130 2276 263 2336 *femine
290 2276 480 2352 ostendisset,
506 2275 619 2355 Latus,
643 2279 749 2356 inquit,
775 2279 915 2356 oportuit.
960 2273 1147 2335 Contumeliis

159 2377 275 2437 quoque
293 2360 334 2418 uti
356 2359 436 2419 belle
457 2360 553 2420 datur:
574 2370 605 2421 ut
625 2362 715 2440 Hispo
739 2361 885 2421 obiicienti
907 2361 952 2421 bis
967 2358 1073 2419 acerba
1091 2357 1146 2415 cri·

128 2444 145 2479 *
155 2446 229 2501 mina
244 2444 416 2518 accusatori,
434 2441 582 2521 Mentiris,
600 2448 699 2524 inquit.
727 2444 765 2505 Et
779 2443 896 2505 Fulvius
910 2445 1088 2522 Propinquus
1104 2440 1147 2500 le·

158 2536 227 2604 gato
248 2528 451 2603 interroganti,
472 2546 508 2589 an
524 2530 553 2587 in
570 2529 691 2605 tabulis,
710 2548 780 2607 quas
795 2528 978 2607 proferebat,
1000 2527 1147 2601 chirogra-

160 2611 234 2690 phus
250 2619 339 2684 esset,
354 2607 395 2671 Et
412 2630 514 2688 cerno,
531 2614 631 2691 inquit,
647 2615 777 2675 donnae.

102 2703 151 2756 101
241 2693 300 2754 llas
323 2704 370 2754 aut
390 2697 491 2774 accepi
512 2699 628 2774 species
647 2705 696 2756 aut
716 2698 811 2756 inveni
825 2696 1088 2774 frequentissimas,
1110 2711 1149 2752 ex

160 2778 262 2857 quibus
283 2779 402 2839 ridicula
418 2779 604 2850 ducerentur3
627 2781 680 2841 sed
693 2790 824 2859 repetam
840 2798 964 2840 necesse
982 2788 1042 2854 est,
1057 2777 1148 2837 inlini·

160 2872 204 2922 tas
219 2881 287 2922 esse
303 2871 360 2922 tarn
375 2862 453 2923 salse
474 2865 586 2924 dicendi
602 2882 686 2943 quain
706 2881 826 2940 severe,
848 2882 918 2942 qaas
939 2871 1068 2942 praestat
1082 2879 1150 2942 per·

161 2963 248 3023 sona,
266 2947 364 3022 locus,
381 2955 509 3026 tempus,
531 2967 614 3008 casus
630 2950 770 3026 denique,
787 2950 834 3026 qui
847 2958 892 3007 est
905 2949 1026 3007 maxime
1041 2947 1147 3006 varius.

104 3040 154 3092 loa
163 3030 263 3107 ltaque
278 3031 361 3106 haec,
376 3050 413 3090 ne
428 3033 560 3091 omisisse
576 3032 707 3106 viderer,
724 3034 819 3109 attigi;
832 3032 882 3091 illa
897 3040 1006 3105 autem,
1024 3047 1098 3107 quae
1113 3030 1150 3088 de

135 3127 215 3172 *usu
229 3116 294 3192 ipso
310 3123 338 3173 et
358 3115 444 3174 modo
459 3116 572 3175 iocandi
589 3116 758 3193 complexus
783 3134 857 3190 sum,
880 3117 953 3175 adeo
968 3115 1148 3173 infirmarem.

236 3196 332 3280 ,Plane
359 3201 525 3259 necessaria
549 3200 592 3259 his
619 3200 716 3259 adiicit
734 3199 874 3259 Domitius
890 3198 1017 3272 Marsus,
1044 3195 1151 3274 quide

162 3278 321 3340 urbanitate
336 3279 551 3358 diligentissime
567 3284 700 3359 scripsit,
723 3283 862 3360 quaedam
886 3300 944 3341 uon
963 3280 1083 3340 ridicula
1097 3278 1150 3337 sed

164 3364 280 3426 cuilibet
295 3367 495 3426 severissimae
517 3368 638 3427 orationi
654 3368 852 3427 convenientia
868 3366 1017 3442 eleganter
1031 3364 1106 3424 dicta
1122 3369 1151 3422 et

142 3466 145 3473 ’
164 3450 283 3530 proprio
293 3446 421 3542 'quodam
438 3448 539 3528 lepore
551 3450 686 3521 iucunda;
708 3468 781 3529 qnae
802 3457 866 3509 sunt
880 3450 994 3530 quidem
1013 3444 1150 3507 urbana
