2434 3925
175 179 216 243 66
493 190 854 254 nosocomorum

148 349 386 430 iquodammodo
404 364 490 425 supra
507 365 653 407 summum.
686 346 822 406 Omnibus
837 347 882 407 hia
896 346 1003 408 sufficit
1016 348 1067 408 vei
1086 367 1181 412 unum

177 433 327 496 Ciceronis
344 431 523 510 exemplum:
539 429 675 493 Facinus
689 441 734 493 eat
747 434 865 493 vincire
879 433 975 494 civem
987 430 1180 510 Mmumum,

175 519 276 581 sceiua
289 518 465 591 uerberare,
478 534 576 594 prope
587 517 798 594 parricidium
818 533 950 577 necare:
973 516 1048 594 quid
1063 518 1179 579 dicam

175 605 208 664 io
227 619 352 665 crucem
372 600 499 662 tollere?
537 597 609 682 Nam
634 606 678 675 et,
703 600 728 657 si
750 608 856 659 tantum
878 598 1050 659 verberatus
1079 609 1178 675 esset,

176 703 232 746 uno
248 683 338 763 gradu
352 685 525 758 increverat,
540 683 675 761 ponendo
690 683 775 741 etiam
795 683 824 743 id
844 701 912 743 esso
934 683 1076 762 focinus,
1096 684 1178 762 quod

148 778 239 834 serat
253 769 386 835 inierins;
403 775 442 841 et,
463 767 488 826 si
505 775 612 826 tantum
628 768 743 827 occisus
758 774 854 843 esset,
879 767 1045 846 perplures
1061 768 1176 845 gradm

175 853 359 919 ascenderam
376 869 439 911 cum
454 867 525 910 vero
547 850 673 926 dixerit,
696 868 740 930 pr
779 853 1018 929 cporricidium
1042 871 1175 927 necare,

175 956 262 1017 supra
277 935 354 1014 quod
368 934 438 995 nihii
454 943 513 1010 est:
529 934 636 1006 adiecit
651 935 727 1013 quid
765 937 889 997 icamia
904 954 1027 997 crucem
1044 937 1174 997 toliere?

92 1089 94 1092 ,
175 1020 227 1098 ltu,
240 1038 304 1081 curn
320 1019 359 1092 id,
378 1018 455 1097 qnod
468 1019 619 1078 maximum
635 1025 696 1093 est,
712 1028 903 1095 occupasset:
920 1036 1043 1079 necesse
1063 1022 1172 1080 eratin

147 1115 223 1180 seo,
242 1104 319 1184 quod
334 1102 408 1163 ultra
426 1110 480 1177 est,
497 1101 588 1162 verba
609 1101 746 1162 deiicere.
784 1101 829 1162 Fit
849 1111 878 1163 et
892 1103 977 1164 aliter
989 1121 1081 1182 supra
1098 1122 1171 1165 sum·

174 1208 249 1250 mum
263 1188 398 1263 adiectio,
413 1195 444 1246 ut
458 1187 534 1264 apud
548 1185 708 1263 Vergilium
723 1187 759 1247 de
774 1185 885 1247 Lauso:

627 1304 669 1313 —
684 1286 742 1349 quo
751 1270 911 1349 pulchrior
927 1272 1006 1332 aiter

285 1352 352 1417 Non
371 1354 446 1432 fuit,
474 1361 600 1432 eccepto
628 1350 794 1416 Laurentis
813 1374 943 1435 conpone
966 1352 1072 1414 Turni.

175 1440 318 1499 Summum
333 1446 377 1497 εει
393 1439 477 1512 enim,
493 1437 723 1516 quopulcdrior
732 1440 812 1500 ulter
821 1459 881 1501 uon
890 1439 969 1518 fuci,-
984 1438 1052 1498 huic
1064 1438 1172 1499 deinde

149 1521 282 1600 taliqnid
297 1523 519 1601 superpositum.
556 1520 670 1581 Tertius
692 1539 809 1601 qnoque
826 1533 872 1583 est
885 1523 1003 1596 modus,
1027 1521 1064 1581 ad
1087 1540 1173 1602 quem

175 1624 232 1666 non
251 1624 305 1684 per
326 1606 432 1683 gradus
453 1607 509 1664 itur
532 1614 561 1665 et
576 1605 653 1683 quod
672 1623 729 1665 non
751 1615 796 1666 est
818 1608 900 1686 plus,
924 1607 1097 1682 maximum,
1120 1606 1172 1668 sed

175 1708 233 1768 quo
251 1689 320 1749 ninii
336 1691 425 1750 maius
439 1698 494 1748 est.
529 1686 661 1752 Matrem
681 1698 764 1752 tuom
784 1693 933 1753 cecidisti.
968 1688 1051 1762 Quid
1067 1693 1171 1753 dicam

174 1776 329 1854 amplius?
365 1771 494 1835 Matrem
516 1781 601 1835 ioum
622 1775 770 1836 cecidisti.
816 1773 889 1835 Nam
914 1783 944 1834 ει
965 1774 1023 1834 hoc
1045 1775 1170 1852 augendi

174 1877 266 1937 genus
292 1867 353 1933 est,
380 1867 486 1917 tantum
511 1856 618 1935 aliquid
648 1858 784 1933 efficere,
811 1867 914 1918 utnon
942 1859 1036 1937 possit
1057 1862 1168 1937 augeri.

145 1943 290 2011 acrescit
314 1943 407 2003 oratio
430 1943 520 2002 minus
539 1951 640 2021 aperte
662 1942 716 2004 sed
736 1943 836 2003 nescio
858 1961 893 2005 an
914 1942 971 2004 hoc
989 1943 1054 2020 ipso
1072 1943 1168 2004 effica-

175 2031 258 2102 cius,
284 2046 347 2087 cum
362 2029 433 2086 citra
451 2026 661 2086 distinctionem
683 2029 713 2087 iu
733 2036 870 2088 contextu
892 2037 921 2088 ει
942 2045 1026 2087 cursu
1053 2045 1170 2106 semper

174 2111 280 2189 aliquid
302 2113 399 2189 priore
420 2111 509 2169 maius
528 2111 704 2189 insequitur:
727 2121 758 2171 ut
779 2112 816 2172 do
837 2113 945 2171 vomitu
966 2112 994 2170 in
1015 2110 1169 2171 Antonium

176 2193 295 2270 Cicero,
310 2193 349 2255 lu
364 2204 450 2257 coetu
464 2196 651 2274 ceropopuli
671 2194 817 2273 Romani,
839 2198 990 2274 negotium
1013 2197 1169 2274 pubiicum

172 2296 301 2356 gerens,
322 2280 468 2357 mogi-tier
495 2280 637 2357 equitum.
672 2278 791 2357 Singula
820 2282 1025 2339 incrementum
1052 2278 1167 2340 habent

174 2361 230 2421 Per
252 2380 286 2421 se
308 2361 437 2422 deiorme
459 2361 508 2422 vei
531 2379 588 2422 non
608 2364 637 2422 in
659 2372 745 2426 coetu
765 2381 901 2438 vomere,
927 2366 955 2423 in
982 2372 1068 2423 coetu
1086 2366 1170 2424 etiam

174 2462 230 2505 non
241 2438 358 2525 populi,
373 2446 474 2524 popuii
489 2448 574 2506 etiam
596 2464 653 2506 non
677 2447 826 2523 Romani,
849 2447 898 2508 vel
914 2450 939 2507 si
953 2447 1061 2507 nullum
1076 2467 1168 2526 nego

174 2530 247 2592 ium
261 2539 374 2607 ageret,
391 2529 440 2589 vel
458 2532 483 2589 si
498 2548 555 2590 non
566 2531 733 2609 poblicum,
749 2531 798 2592 vel
813 2534 838 2592 si
854 2550 912 2591 non
922 2533 1068 2610 magister
1085 2534 1169 2609 equi·

147 2621 247 2680 itum.
278 2614 337 2674 Sed
354 2613 425 2674 alius
441 2614 581 2674 divideret
604 2614 679 2675 haec
703 2624 733 2674 et
749 2616 826 2676 circa
842 2615 973 2694 singulos
988 2616 1095 2693 gradus
1110 2632 1168 2675 mo·

174 2707 301 2765 raretum
324 2697 371 2758 hic
391 2699 420 2757 in
439 2696 561 2758 sublime
582 2701 666 2759 etiam
689 2702 815 2760 cucurrit
839 2709 870 2761 et
894 2700 929 2764 ad
951 2717 1090 2759 summum
1112 2717 1168 2760 non

174 2783 307 2861 pervenit
321 2783 383 2841 nisu
398 2781 451 2842 sed
466 2783 583 2860 impetu.

256 2866 365 2926 Verum
384 2875 415 2925 ut
447 2865 521 2926 haec
552 2867 736 2945 amplificatio
762 2869 792 2928 in
812 2869 964 2947 superiora
987 2867 1092 2928 tendit:
1118 2869 1190 2945 ita„

176 2966 249 3026 quae
268 2950 299 3009 fic
313 2969 367 3030 per
387 2952 719 3028 comparationem,
741 2954 947 3012 incrementum
962 2951 1166 3011 exminoribus

174 3035 256 3110 petit.
287 3035 430 3112 Augendo
453 3036 537 3110 euim,
553 3035 632 3113 quod
649 3045 694 3095 est
716 3037 806 3112 inira,
827 3054 952 3096 necesse
973 3046 1019 3096 est
1043 3036 1166 3096 extollat

173 3115 217 3191 id,
240 3118 316 3196 quod
337 3137 424 3197 supra
446 3120 571 3197 positum
587 3128 649 3179 est:
671 3128 702 3180 ut
725 3120 800 3180 idem
816 3130 902 3199 atquo
917 3124 946 3180 in
967 3121 1071 3180 eodem
1089 3121 1165 3195 loco,

132 3198 210 3262 lusi
223 3200 280 3261 doc
295 3203 348 3263 tibi
362 3204 443 3263 inter
458 3212 628 3265 coenamus
645 3205 678 3264 io
699 3205 760 3265 iliis
774 3206 957 3266 immanibus
969 3205 1093 3283 poculis
1109 3206 1166 3266 tuis

58 3356 64 3365 .
173 3285 347 3362 accidisset,
363 3287 430 3363 quic
445 3305 505 3348 non
519 3296 608 3364 turpe
626 3289 778 3350 duceret?
808 3286 847 3350 io
867 3297 953 3351 coetu
972 3308 1046 3350 aero
1063 3289 1166 3368 popuii

172 3367 303 3431 Romani
318 3404 369 3426 -.
405 3368 441 3428 Et
457 3371 485 3428 in
501 3367 665 3431 Catilinam:
688 3370 780 3433 Serui
801 3373 989 3435 mehercules
1004 3374 1063 3435 mei
1075 3374 1105 3434 oi
1120 3391 1167 3434 me

172 3456 231 3517 isto
244 3461 340 3534 pacto
358 3461 538 3531 metuerent,
562 3463 596 3517 ut
615 3464 645 3517 te
664 3463 799 3519 metuunt
813 3475 916 3521 omncs
931 3459 1013 3521 cives
1031 3458 1092 3519 tui.-
1114 3457 1167 3520 do·
