2434 3925
312 198 401 246 msc.
419 198 567 247 oanuon.
584 200 654 248 um.
667 199 733 264 x11,
749 198 774 250 1.
1009 183 1068 245 241

53 362 171 430 turus,
195 353 272 432 quod
287 353 380 415 adhuc
396 353 573 413 abscisurum
587 362 683 432 putem
700 353 804 421 luisse3
826 370 890 412 nam
908 361 937 412 et
951 352 1015 413 lere
1031 353 1073 412 sic

56 439 150 499 docti
170 439 384 513 iudicaverunt,
407 437 558 516 plurimum
573 439 601 496 in
617 454 653 498 eo
668 438 819 512 virtutum,
840 436 968 496 nonnihil
982 438 1073 497 luisse

56 523 223 597 vitiorum,
246 531 274 581 et
296 523 409 600 ipsese
425 521 512 580 multa
533 539 570 580 ex
585 519 704 581 iuvenili
718 519 890 580 abundantia
906 521 1073 580 coercuisse

56 614 211 665 testatur:
228 614 333 681 tamen,
350 605 686 684 quando-nec'sapicntis
702 603 757 664 sibi
770 621 885 680 nomeu,
900 605 1013 664 minime
1029 605 1073 663 sui

60 698 275 767 contemptor,
298 690 422 748 asseruit
444 697 473 747 et
494 687 596 748 melius
619 689 733 762 dicere,
759 697 839 747 certe
855 687 921 748 data
936 688 1072 764 longiore

58 773 129 835 vita
147 782 180 833 et
193 782 325 851 tempore
343 772 379 832 ad
395 773 623 850 componendum
642 773 809 847 securiore,
832 772 988 849 potuisset:
1015 788 1073 830 non

61 857 200 933 maligne
224 856 411 931 crediderim,
439 855 567 916 defuisse
593 857 621 914 ei
646 873 781 915 summam
806 853 899 931 illam,
926 855 963 915 ad
988 873 1072 934 quam

62 958 159 999 nemo
175 943 294 1019 propius
310 941 445 1000 accessit.
476 938 513 1001 Et
528 939 645 1014 licebat,
663 940 688 998 si
707 939 790 999 aliter
806 940 952 1014 sentirem,
969 939 1071 998 lortius
1078 953 1113 1006 21

64 1024 99 1083 id
121 1023 301 1102 liberiusque
323 1023 491 1084 defendere.
523 1022 570 1082 An
590 1040 662 1083 vero
683 1022 720 1082 Μ.
739 1021 880 1082 Antonius
901 1024 1073 1081 neminema

67 1126 107 1167 se
123 1110 217 1167 visum
232 1109 434 1185 eloquentem,
454 1108 530 1185 quod
546 1115 624 1166 tanto
640 1108 731 1166 minus
747 1114 825 1181 erat,
841 1106 993 1185 professus
1012 1114 1071 1172 est;

65 1193 138 1269 ipse
157 1194 242 1251 etiam
259 1191 297 1251 Μ.
314 1191 425 1255 Tullius
447 1192 558 1269 quaerit
578 1191 672 1251 adbuc
696 1208 776 1264 eum,
799 1197 830 1249 et
850 1198 956 1249 tantum
972 1190 1072 1266 imagi·

68 1283 158 1336 natur
173 1293 208 1335 ac
225 1276 321 1352 fingit:
341 1292 397 1352 ego
412 1292 470 1334 non
485 1274 604 1335 audeam
620 1275 730 1351 dicere,
747 1273 854 1352 aliquid
871 1275 899 1333 in
913 1273 979 1349 hac,
998 1289 1073 1352 quae

69 1368 227 1437 superest,
252 1361 421 1420 aeternitate
444 1360 565 1419 inveniri
579 1375 670 1436 posse
692 1375 745 1434 eo,
774 1357 852 1436 quod
874 1357 977 1434 fuerit,
1005 1375 1071 1435 per·

69 1441 202 1504 sectius?
235 1443 365 1503 Transeo
385 1443 469 1518 illos,
494 1445 542 1521 qui
565 1439 701 1503 Ciceroni
725 1460 759 1502 ac
776 1441 963 1501 Demostheni
985 1459 1022 1500 ue
1043 1440 1072 1498 in
1080 1447 1114 1500 22

72 1526 242 1604 eloquentia
259 1528 372 1606 quidem
389 1528 459 1586 satis
476 1526 615 1595 tribuunt;
631 1544 790 1605 quanquam
805 1544 901 1605 neque
916 1526 972 1603 ipsi
988 1523 1071 1584 (lice-

70 1612 140 1670 roni
159 1609 372 1671 Demosthenes
389 1610 521 1671 videatur
537 1611 606 1670 satis
628 1628 694 1670 esse
713 1610 879 1688 perlectus,
903 1627 987 1688 quem
1006 1607 1072 1668 dor·

68 1695 177 1754 ,mitare
197 1695 310 1754 interim
325 1694 408 1770 dicit,
431 1712 487 1754 nec
503 1691 610 1754 Cicero
627 1694 715 1754 Bruto
732 1692 899 1773 Caluoque,
923 1695 971 1770 qui
992 1700 1073 1752 certe

45 1811 59 1818 -
74 1778 316 1856 compositionem
339 1778 417 1838 illius
442 1780 526 1838 etiam
550 1778 627 1856 apud
648 1780 740 1856 ipsum
760 1776 989 1856 reprehendunt,
1017 1794 1074 1834 neo

12 1866 19 1884 ⁹
71 1860 177 1921 Asinio
201 1864 329 1940 utrique,
358 1864 405 1941 qui
421 1863 490 1922 vitia
512 1862 651 1922 orationis
668 1863 730 1922 eius
748 1864 833 1921 etiam
854 1861 967 1920 inimice
983 1859 1072 1938 pluri·

36 2021 42 2028 ι
74 1944 132 2006 bus
147 1945 220 2006 locis
234 1946 431 2025 insequuntur.

162 2028 361 2090 Concedamus
380 2048 467 2108 sane,
491 2032 567 2109 quod
582 2031 695 2091 minime
710 2039 809 2091 natura
826 2032 949 2110 patitur,
972 2035 1115 2107 repa-23

74 2122 135 2174 mm
150 2132 216 2174 esse
238 2115 363 2193 aliquem
388 2115 491 2174 malum
509 2116 600 2176 virum
615 2134 724 2176 summe
747 2115 900 2176 disertum:
927 2113 1016 2173 nihilo
1031 2122 1072 2172 ta·

75 2216 143 2258 men
157 2200 247 2258 minus
263 2208 409 2258 oratorem
426 2216 490 2258 eum
505 2199 629 2276 negabo.
661 2200 726 2260 Nec
741 2198 888 2277 omnibus,
905 2201 952 2277 qui
968 2198 1074 2257 luerint

76 2299 160 2342 manu
176 2283 312 2361 prompti,
329 2283 384 2342 viri
400 2282 484 2342 fortis
500 2301 605 2343 nomen
622 2285 835 2359 concesserim,
853 2285 919 2362 quia
937 2285 998 2343 sine
1015 2281 1072 2341 vir·

77 2375 138 2426 tute
152 2366 272 2443 intelligi
287 2384 344 2426 non
359 2375 459 2445 potest
472 2366 621 2427 fortitudo.
647 2367 694 2428 An
708 2369 746 2445 ei,
762 2369 810 2447 qui
825 2368 862 2428 ad
876 2366 1072 2429 defendendas
1081 2374 1116 2426 24

80 2468 181 2511 causas
205 2450 379 2528 advocatur,
401 2467 459 2511 non
481 2459 526 2509 est
550 2468 624 2529 opus
646 2452 719 2527 lide,
749 2470 832 2529 quam
854 2470 910 2512 nec
933 2451 1074 2530 cupiditas

81 2543 242 2614 corrumpat
257 2552 313 2594 uec
334 2536 427 2611 gratia
442 2543 554 2595 avertat
570 2553 625 2595 nec
640 2546 731 2596 metus
755 2536 883 2612 frangam
908 2535 961 2595 sed
977 2534 1073 2614 prodi-

79 2627 185 2694 torem,
208 2619 402 2696 mansiugam,
418 2621 683 2698 praevaricatorem
699 2619 866 2681 donabimus
876 2620 1006 2679 'oratoris
1022 2618 1073 2676 illo

80 2719 162 2762 sacro
176 2699 312 2762 nomine?
341 2702 454 2775 Quodsi
475 2703 670 2772 mediocribus
690 2706 776 2765 etiam
796 2705 924 2783 patronis
941 2702 1075 2761 convenit

79 2785 166 2861 baec,
182 2804 256 2865 quae
271 2786 362 2863 vulgo
378 2787 497 2864 dicitur,
514 2786 642 2848 bonitas:
672 2807 723 2848 cur
738 2806 796 2848 non
817 2796 915 2847 orator
931 2785 1000 2860 ille,
1026 2786 1074 2861 qui

80 2868 199 2928 nondum
213 2869 266 2929 luit
288 2871 341 2931 sed
362 2880 462 2949 potest
484 2888 568 2946 esse,
592 2880 649 2931 tam
665 2874 702 2931 sit
716 2871 844 2932 moribus
860 2888 944 2948 quam
959 2868 1074 2928 dicendi

80 2954 181 3014 virtute
196 2951 365 3031 perlectus?
397 2953 462 3014 Non
483 2956 558 3015 enlm
581 2955 728 3016 forensem
750 2956 889 3034 quandam
903 2953 1074 3012 instituimus
1082 2955 1117 3008 25

83 3054 198 3118 operam
214 3055 270 3097 nec
284 3039 493 3099 mercenariam
509 3055 614 3098 rocem
628 3057 701 3114 nec,
717 3048 748 3098 ut
762 3037 959 3117 asperioribus
973 3036 1075 3095 verbis
1107 3075 1114 3090 κ

82 3138 239 3201 parcamus,
256 3138 313 3180 uon
324 3123 452 3182 inutilem
464 3140 534 3182 saue
546 3122 636 3182 litium
651 3124 831 3198 advocatum,
848 3140 932 3199 quern
949 3121 1073 3200 denique

83 3204 253 3265 causidicum
264 3205 353 3282 vulgo
368 3216 488 3274 vocaut3
506 3206 558 3267 sed
572 3209 664 3266 virum
678 3224 741 3265 cum
754 3206 860 3282 ingenii
875 3214 973 3265 natura
989 3222 1073 3283 prae-

83 3296 201 3350 stantem
215 3297 274 3347 tum
288 3307 358 3348 vero
375 3299 417 3350 tot
432 3290 736 3382 pulcherrimaqartes
751 3292 865 3368 penitus
882 3297 978 3351 mente
997 3305 1073 3348 com·

82 3373 204 3452 plexum,
221 3370 317 3431 datum
331 3375 444 3434 tandem
456 3374 545 3461 rebus
559 3374 699 3448 brunonis,
716 3373 829 3451 qualem
840 3373 918 3433 nulla
930 3380 1013 3432 antea
1023 3388 1073 3429 ve·

82 3465 169 3518 tostas
184 3457 366 3533 cognoverit,
382 3458 555 3536 singularem
571 3457 790 3539 perlectumque
804 3458 947 3533 undiquc,
968 3454 1074 3531 optima

124 3562 150 3614 rr,
159 3561 183 3598 r.
197 3560 309 3609 cumam.
321 3545 354 3605 Π.
531 3538 533 3541 ’
871 3539 908 3602 16
