2434 3925
210 159 214 171 ⁵
277 205 777 275 ·1nsr.osnnon.n1e.x11,11.
997 191 1059 254 279

39 378 121 438 ron,
151 356 292 436 Tyrtaei.
325 359 497 445 Quinimmo
515 362 539 420 si
556 361 630 421 hanc
645 362 848 438 cogitationem
863 361 992 421 homines
1007 359 1056 420 ha·

39 446 214 520 ruissent,
230 453 262 504 ut
278 461 361 504 nemo
378 463 410 504 se
425 445 575 505 meliorem
591 444 656 504 iore
672 462 724 521 eo,
743 447 790 523 qui
806 447 929 523 optimus
944 445 1057 519 luisset,

39 528 269 590 arbitraretur:
297 529 326 588 hi
341 529 414 608 ipsi,
438 531 485 607 qui
506 539 570 589 sunt
591 530 706 609 optimi,
727 547 784 588 non
803 529 941 603 luissent,
963 546 1057 607 neque

39 621 120 691 post
145 610 320 672 Lucretium
343 630 378 673 ao
398 611 525 672 Macrum
540 612 688 689 Vergilius
708 630 765 672 nec
785 620 853 691 post
874 609 1008 672 Crassum
1030 621 1059 671 et

39 695 252 756 Hortensium
269 693 372 756 Cicero
389 697 442 757 sed
456 697 577 773 necilli,
591 698 640 774 qui
654 705 722 775 post
736 713 788 755 eos
803 696 926 755 fuerunt.
951 694 1101 757 Verum28

39 789 79 839 ut
97 779 281 839 transeundi
297 799 366 858 spes
381 796 439 839 non
456 781 507 840 sit:
527 798 630 857 magna
652 789 746 840 tamen
761 789 806 839 est
820 779 943 856 dignitas
958 779 1058 839 subse·

41 863 181 942 quendi.
219 862 266 922 An
291 863 384 923 Pollio
413 873 442 924 et
465 862 610 939 Messala,
639 866 688 942 qui
714 866 769 924 iam
795 861 938 924 Cicerone
963 881 1059 923 arcem

41 955 182 1006 tenente
201 947 387 1026 eloquentiae
401 965 492 1024 agere
508 957 684 1026 coeperunt,
706 965 805 1026 parum
824 949 852 1006 in
865 949 923 1007 vita
941 947 1059 1024 dignita·

44 1031 91 1091 tis
108 1029 296 1106 habuerunt,
312 1048 411 1110 panum
424 1031 460 1091 ad
475 1040 611 1110 posteros
626 1031 737 1110 gloriae
753 1031 951 1091 tradidemnt?
979 1030 1060 1090 alio·

50 1114 109 1192 qui
128 1115 265 1193 pessime
289 1115 326 1175 de
347 1114 436 1174 rebus
455 1114 583 1175 humanis
605 1114 763 1193 perductae
784 1117 813 1173 in'
832 1132 966 1174 summum
982 1123 1060 1173 artes

50 1208 267 1274 mererentur,
283 1199 324 1275 si,
340 1198 417 1277 quod
434 1201 585 1278 optimum,
606 1199 718 1259 luisset.
751 1198 835 1259 Adde
851 1199 928 1278 qnod
943 1199 1102 1275 ma'gnos29

53 1282 182 1341 modica
205 1299 323 1361 qnoque
349 1282 514 1360 eloquentia
538 1284 613 1363 parit
632 1282 758 1359 fructus,
781 1300 832 1357 ac,
854 1285 878 1341 si
900 1284 963 1361 quis
987 1283 1061 1342 haec

58 1364 162 1425 studia
186 1365 308 1426 utilitate
329 1365 393 1425 sola
414 1368 561 1442 metiatur,
582 1384 677 1446 paene
699 1366 741 1426 illi
760 1366 910 1444 perfectae
931 1384 984 1444 par
1006 1375 1059 1425 est.

58 1446 173 1526 Neque
192 1458 256 1509 erat
276 1449 394 1510 difficile
413 1450 462 1509 vel
476 1451 623 1510 veteribus
643 1449 692 1509 vel
713 1452 795 1510 nonis
811 1451 953 1527 exemplis
968 1450 1063 1529 palam

62 1531 188 1607 iacere,
205 1550 264 1592 non
278 1532 391 1592 aliunde
407 1534 531 1593 maiores
547 1552 637 1614 opes,
658 1533 800 1610 honores,
823 1535 978 1608 amicitias,
1001 1534 1061 1593 lau·

66 1617 137 1676 dem
150 1626 344 1694 praesentem,
360 1615 482 1677 futuram
492 1617 652 1678 hominibus
665 1619 836 1696 contigisse:
852 1618 906 1676 nisi
919 1618 1062 1695 indignum

68 1700 177 1759 litteris
197 1709 293 1776 esset,
320 1699 356 1760 ab
378 1717 469 1779 opere
491 1702 700 1780 pulcherrimo,
723 1703 802 1761 cuius
823 1710 960 1760 tractatus
976 1710 1062 1779 atque

68 1784 137 1862 ipsa
156 1785 308 1861 possessio
327 1783 522 1863 plenissimam
542 1785 643 1846 studiis
665 1786 784 1863 gratiam
798 1785 905 1860 refert,
923 1785 998 1844 hanc
1012 1785 1062 1842 mi·

70 1883 176 1926 norem
190 1869 310 1945 exigere
324 1868 499 1946 mercedem,
515 1886 595 1929 more
610 1887 719 1946 eorum,
736 1871 783 1947 qni
798 1887 815 1929 a
830 1887 862 1928 se
874 1886 933 1928 non
942 1870 1064 1927 virtutes

72 1949 130 2011 sed
149 1947 341 2030 voluptatem,
363 1970 438 2031 quae
458 1953 489 2013 lit
503 1973 541 2014 ex
563 1953 731 2027 virtutibus,
753 1954 812 2032 peti
833 1953 938 2013 dicunt.
970 1950 1106 2031 Ipsamao

73 2034 165 2111 igitur
179 2034 278 2094 orandi
292 2037 484 2114 maiestatem,
499 2056 554 2117 qua
570 2038 638 2098 nihil
656 2039 694 2098 dii
708 2037 882 2098 immortales
896 2036 998 2108 melius
1014 2036 1064 2095 ho·

76 2119 144 2177 mini
161 2118 315 2197 dederunt,
334 2130 364 2181 et
378 2140 433 2201 qua
447 2131 558 2182 remota
574 2131 650 2182 muta
666 2130 731 2181 sunt
746 2123 838 2181 omnia
853 2130 882 2180 et
899 2120 965 2180 luce
982 2138 1065 2198 prae·

80 2202 155 2266 senti
173 2223 208 2265 ac
225 2207 364 2265 memoria
386 2208 564 2284 posteritatis
588 2214 702 2281 carent,
729 2213 790 2264 toto
817 2207 909 2272 animo
936 2213 1066 2283 petamus

82 2290 256 2367 nitamurque
273 2305 390 2366 semper
405 2289 441 2349 ad
456 2292 579 2368 optima,
600 2288 677 2369 quod
691 2289 831 2349 facientes
847 2297 895 2348 aut
911 2288 1066 2349 evademus

83 2375 115 2433 in
130 2389 259 2431 summum
276 2381 324 2432 aut
339 2381 419 2432 certe
434 2373 537 2433 multos
552 2372 624 2433 inira
639 2389 693 2432 nos
710 2371 878 2433 videbimus.

166 2454 241 2516 llaec
259 2464 350 2531 erant,
366 2454 506 2538 Marcelle
521 2455 642 2531 Victori,
660 2456 937 2536 quihuspraecepta
954 2455 1067 2516 dicendi
1074 2454 1108 2508 31

88 2554 141 2618 pro
158 2539 228 2598 virili
249 2548 330 2617 parte
353 2539 480 2600 adiuvari
495 2559 584 2619 posse
599 2559 653 2619 per
667 2558 720 2599 nos
734 2539 919 2617 videbantur,
948 2557 1068 2619 quorum

91 2623 208 2699 cognitio
223 2623 358 2683 studiosis
374 2624 524 2685 iuvenibus
545 2625 569 2685 si
585 2641 643 2684 non
657 2643 788 2704 magnam
803 2624 952 2684 utilitatem
965 2623 1069 2684 alienet

92 2713 223 2783 atcerte,
239 2707 317 2787 quod
333 2710 424 2786 magis
439 2710 578 2790 petimus,
593 2708 697 2769 bonam
711 2709 894 2769 voluntatem.
