2434 3925
322 187 758 280 mar.onnuon·.n1s.1x,s.
979 202 1037 265 125

37 389 102 433 nou
127 379 192 430 sunt
212 365 338 447 figurae,
362 371 437 428 sicut
457 368 545 444 ordo,
572 366 778 448 dinumeratio,
799 369 1038 450 circumscriptio,

37 459 107 517 sive
122 455 180 515 boc
194 453 308 514 nomine
322 452 499 530 significatur
520 442 730 529 comprehensa
747 451 877 512 breviter
897 456 1040 515 sententia

39 543 109 600 sive
127 539 226 598 linitio.
267 534 339 597 Num
361 544 391 595 et
410 536 467 596 boc
482 533 652 596 Comificius
674 546 761 616 atque
781 535 904 596 Rutilius
921 537 1040 598 schema

37 623 146 698 λέξεως
168 629 276 700 putant.
318 619 480 680 Verborum
500 628 595 680 autem
622 622 761 680 concinna
779 623 990 697 transgressio,
1011 621 1041 681 id

40 716 91 767 est
108 705 305 785 hyperbaton,
323 705 400 782 quod
417 702 561 764 Caecilius
578 721 694 782 quoque
708 713 789 783 putat
803 704 939 780 schema,
955 722 972 765 a
988 721 1040 764 no·

39 791 90 851 bis
106 798 152 850 est
169 791 244 849 inter
261 798 363 866 tropos
377 789 482 866 posita.
520 787 559 847 Et
578 790 713 863 mutatio,
737 790 793 848 etsi
817 805 851 847 ea
873 796 935 864 est,
957 801 1082 868 quamue

39 874 168 935 Rutilius
183 864 338 933 ἀλλοίωσίν
352 880 453 946 vocat,
474 872 729 932 dissimilitudinem
746 872 872 931 ostendit
886 872 1040 948 bominum,

39 975 157 1032 rerum,
178 954 333 1022 iacturum:
357 972 432 1033 quae
449 956 473 1014 si
493 955 577 1015 latius
592 955 657 1015 liat:
679 956 770 1033 ligura
785 972 842 1015 non
861 966 918 1023 est;
945 957 970 1015 si
992 974 1040 1016 an·

39 1042 173 1119 gustius:
188 1043 217 1100 in
233 1031 388 1100 ἀντίθετον
402 1040 500 1107 cadct;
517 1039 541 1098 si
556 1052 628 1098 vero
639 1037 713 1099 baec
725 1040 883 1118 appellatio
899 1040 1042 1116 significat

41 1118 235 1204 ὑπαίίαγήνε
257 1124 327 1185 satis
342 1123 379 1183 dc
395 1140 430 1183 ea
448 1123 555 1183 dictum
576 1132 631 1183 est.
668 1123 752 1197 Quod
771 1140 843 1183 vero
864 1124 981 1184 schema
996 1133 1041 1183 est
1048 1133 1083 1189 93

41 1210 81 1272 ad
98 1209 278 1287 propositum
293 1206 425 1267 subiecta
444 1204 539 1267 ratio?
567 1205 692 1283 Utrum,
707 1208 784 1286 quod
805 1208 928 1268 Rutilius
952 1207 1040 1268 circo-

42 1293 151 1372 λογίαν
162 1288 270 1352 uocat?
289 1309 353 1351 nam
370 1291 408 1350 de
426 1291 480 1351 illo
497 1290 619 1351 dubitari
633 1294 743 1369 possit,
760 1309 796 1351 an
810 1292 927 1352 scbemu
946 1293 983 1351 sit
999 1294 1039 1352 di·

42 1375 175 1437 stributis
191 1375 321 1437 subiecta
336 1376 426 1449 ratio,
443 1375 520 1452 quod
538 1375 615 1453 apud
632 1376 753 1436 eundern
768 1378 859 1454 primo
878 1377 946 1436 loco
962 1377 1040 1455 posi·

43 1471 106 1521 turn
120 1468 175 1518 est.
214 1454 444 1536 Hpcourtddocw
463 1458 548 1535 dicit,
579 1476 671 1537 quae,
698 1469 729 1519 ut
748 1462 886 1535 maxime,
909 1470 1083 1525 serveturtl

43 1561 118 1605 sane
141 1545 170 1602 in
188 1542 318 1622 pluribus
339 1542 514 1620 propositis,
538 1543 604 1620 quia
627 1552 675 1603 aot
700 1543 820 1621 singulis
847 1546 942 1604 statim
966 1546 1040 1605 ratio

44 1628 231 1689 subiiciatur:
246 1636 278 1686 ut
292 1636 338 1685 est
352 1625 428 1704 apud
444 1624 478 1685 C.
495 1625 660 1703 Antonium,
679 1626 744 1688 Sed
762 1645 860 1705 neque
879 1638 1041 1691 acmanto-

44 1729 115 1776 νοω
135 1731 203 1772 cum
221 1719 336 1785 metuo,
358 1712 411 1788 qui
430 1728 497 1770 aum
518 1712 683 1780 innocen&
703 1727 798 1789 neque
820 1714 1042 1788 competitorem

43 1815 167 1871 uereor,
190 1796 270 1875 quod
286 1813 354 1855 eum
372 1791 539 1866 Antonium
560 1812 659 1872 neque
673 1796 824 1856 οοοινίνιο
836 1811 938 1871 spero,
960 1799 1042 1874 pund

46 1888 95 1945 est
116 1878 243 1950 Cicero,·
263 1886 311 1939 aut
325 1880 428 1957 positis
444 1878 556 1939 duobus
571 1879 620 1938 vel
637 1877 727 1938 tribus
749 1877 852 1938 eodem
868 1878 968 1937 ordine
986 1880 1083 1943 sin-95

45 1965 125 2044 gulis
141 1967 273 2026 continua
287 1964 436 2024 reddatur:
458 1956 543 2042 quale
558 1964 634 2042 apud
650 1963 765 2023 Brutum
782 1961 818 2022 de
834 1961 972 2024 dictatura
988 1960 1040 2023 (in.

45 2050 189 2127 Pompeii,
204 2047 344 2109 Praestat
360 2050 439 2118 enim
455 2050 569 2109 ommni
581 2051 736 2126 imperare
747 2064 838 2126 quom
858 2048 953 2109 οίίονί
974 2066 1041 2109 cer·

45 2135 134 2201 circ;
153 2135 219 2196 ciue
239 2133 292 2195 illo
311 2135 390 2194 emm
408 2134 512 2193 cicere
524 2132 646 2192 honeste
666 2132 747 2207 licet,
769 2150 838 2192 eunt
851 2130 909 2192 tce
921 2132 1041 2193 uiuendi

45 2218 134 2278 πνίία
154 2218 294 2278 condicio
308 2223 364 2277 eci.
400 2215 459 2275 Sed
475 2225 505 2275 ct
518 2217 566 2274 uni
581 2218 625 2275 rei
641 2215 792 2295 multiplex
806 2216 880 2276 ratio
895 2215 1083 2294 subiungi-96

45 2310 108 2360 tur:
129 2308 161 2358 ut
174 2300 249 2378 apud
265 2299 425 2377 Vergilium

131 2381 203 2446 δίον
223 2385 296 2445 inde
314 2385 450 2446 occultas
470 2385 553 2446 circs
574 2390 603 2445 et
621 2383 738 2461 pabulo
758 2389 862 2448 terroe

132 2465 261 2547 Piupuic
283 2470 469 2546 concipiunt,
491 2470 556 2529 cicc
575 2469 636 2529 iilic
655 2485 742 2531 omne
761 2484 819 2545 per
837 2468 937 2546 ipuem

131 2547 324 2630 recoquatur
342 2555 446 2613 citium
458 2582 507 2622 ,-
528 2561 557 2610 οι
572 2561 650 2612 totus
665 2551 763 2618 locus;

132 2632 194 2695 Seu
213 2636 319 2713 plures
337 2638 423 2697 color
441 2637 492 2697 ille
510 2637 588 2712 ciac,
611 2672 655 2682 -
675 2634 738 2699 Seu
753 2637 846 2698 durat
862 2638 1020 2715 mapic--.

48 2716 229 2779 Relationem
245 2719 311 2797 quid
328 2722 421 2799 accipi
435 2720 521 2796 velit,
544 2736 601 2779 non
622 2719 712 2797 liquet
728 2719 805 2778 mibi.
840 2719 911 2778 Nam
931 2719 956 2777 si
970 2710 1042 2777 ἆνοὶ-
1050 2725 1084 2781 97

48 2807 154 2862 κίοσιν
168 2811 216 2861 aut
233 2795 378 2863 ἐπάνοδον
392 2812 440 2862 aut
455 2794 684 2881 ἆντιμεταβοίὴν
701 2804 784 2863 dicit:
803 2802 838 2861 de
853 2800 983 2862 omuibus
999 2801 1041 2859 lo·

47 2887 109 2947 outi
123 2903 229 2945 sumus.
258 2886 318 2946 Sed
333 2886 469 2965 quidquid
485 2888 513 2948 id
529 2897 584 2960 est,
601 2905 697 2965 neque
710 2885 767 2946 hoc
779 2904 874 2963 neque
893 2885 1043 2963 superiora

46 2972 77 3029 iu
93 2967 216 3033 Oratore
229 2972 344 3048 repetit.
364 2969 447 3030 ¹Sola
469 2979 514 3029 cst
528 2972 556 3029 in
578 2989 615 3030 eo
639 2971 714 3031 libro
735 2973 829 3047 posita
844 2970 954 3045 pariter
969 2968 1044 3029 inter

47 3054 157 3130 figuras
179 3053 334 3113 verborum
349 3055 537 3130 exclamatio,
559 3073 644 3133 quam
665 3054 825 3114 sententiae
843 3053 940 3131 potius
957 3062 1042 3130 puto;

48 3137 172 3197 affectus
189 3139 264 3196 enirn
279 3148 339 3205 est;
362 3147 392 3197 et
407 3138 514 3197 ceteris
530 3138 659 3198 omnibus
680 3137 840 3197 consentio.
877 3135 984 3196 Adiicit
997 3135 1042 3195 bis
1070 3153 1074 3158 ·

50 3218 196 3280 caecilius
216 3223 408 3300 περίφρασιν,
432 3222 468 3282 de
487 3239 542 3299 qua
559 3221 632 3290 dixi;
656 3219 826 3280 cornificius
842 3221 1085 3296 iuterrogatio-uc
1124 3289 1128 3300 ,

48 3321 125 3378 nem,
142 3305 399 3380 ratiocinationem,
415 3305 634 3379 subiectionem,
646 3305 859 3380 transitionem,
872 3304 1042 3364 occultatio·

48 3404 131 3452 nem:
154 3396 309 3466 praeterea
331 3390 516 3464 sententiam,
534 3389 706 3463 membrum,
723 3387 886 3464 articulum,
902 3389 1042 3465 interpre-

49 3472 198 3548 tationem,
210 3471 435 3532 conclusionem.
462 3472 590 3546 Quorum
609 3474 707 3550 priora
721 3471 839 3532 alterius
850 3473 967 3549 generis
978 3478 1043 3529 sunt
