2434 3925
343 169 758 240 mor.ouurou.u1s.1,5.
891 235 894 240 Ι
963 137 1073 226 ,ιι

46 330 233 392 recentiores
254 328 435 388 instituemut
454 326 572 389 Graecis
593 327 754 388 nominibus
773 328 899 390 Graecas
921 328 1047 391 declina·

45 418 147 475 tiones
163 415 260 491 potius
277 411 361 488 dare,
386 412 462 492 quod
477 422 571 471 tamen
589 413 682 511 ipsum
698 429 756 471 nou
777 431 893 512 semper
913 414 975 473 lieri
994 432 1047 494 po·
1116 423 1122 432 '

45 508 120 559 test.
154 497 224 557 Mihi
243 505 337 556 autem
358 497 454 574 placet
469 495 596 556 latinam
613 497 753 556 rationem
774 500 872 577 sequi,
896 516 1048 577 quousque

5 609 6 612 ¹
45 585 178 662 patretur
192 582 292 642 decor
320 578 423 660 Neque
439 583 512 640 enim
527 582 582 640 iam
596 579 662 641 Cal
651 598 795 660 Jpsonem
809 582 929 642 duxerim
946 591 977 641 ut
993 582 1047 645 ln-

45 686 176 741 ment,
205 682 366 743 quanquam
392 673 510 725 secutus
532 666 665 742 antiquos
691 661 723 722 G.
746 663 855 725 Caesar
881 668 970 726 utitur
993 666 1048 727 luac

45 754 165 811 ratione
183 748 353 809 declinandi.
393 749 451 808 Sed
467 750 667 808 auctoritatem
690 750 869 808 consuetudo
890 753 1047 828 superavit.
1055 757 1090 812 64

46 834 83 895 lu
105 834 230 909 ceteris,
252 851 325 910 quae
347 841 482 911 poterunt
501 840 625 931 utroque
646 833 731 892 modo
751 849 808 890 non
824 834 991 896 indecenter
1006 836 1048 895 ei·

46 920 137 994 ferri,
158 918 206 996 qui
229 916 367 976 Graecam
381 917 501 993 liguram
518 918 601 994 sequi
618 915 721 991 malet,
741 934 799 975 non
816 917 914 977 Latine
934 919 1048 997 quidem

47 1004 104 1064 sed
126 1012 221 1063 tamen
242 1003 312 1061 citra
331 1001 586 1079 reprehensionem
609 1000 753 1077 loquetur.

137 1085 290 1181 Simplices
309 1102 400 1144 voces
418 1086 508 1163 prima
526 1085 671 1162 positione
686 1084 715 1144 id
730 1093 775 1143 est
791 1071 891 1146 n'atura
912 1103 963 1144 sua
980 1103 1048 1146 cou·
1037 1093 1089 1148 -65
1156 1114 1159 1118 >

48 1179 145 1244 stant,
169 1169 348 1246 compositae
370 1178 418 1228 aut
438 1168 701 1247 praepositionibus
723 1168 931 1246 subiunguntur
950 1178 981 1229 ut
1001 1171 1048 1230 in-

46 1273 182 1330 nocens,
207 1251 347 1313 interdum
363 1252 588 1331 repugnantibus
611 1254 733 1312 intense
749 1252 874 1328 duabus,
897 1254 982 1330 quale
1004 1262 1049 1313 est

46 1339 277 1417 imperterritus
282 1359 296 1406 ‚·
316 1336 424 1414 alioqui
438 1345 560 1414 possunt
578 1336 731 1416 aliquando
748 1338 906 1397 continuari
926 1336 999 1398 duae
1018 1346 1049 1397 ut

47 1423 283 1501 incompositus,
303 1422 479 1482 reconditas
495 1428 540 1495 et,
564 1438 621 1499 quo
639 1418 743 1480 Cicero
758 1424 860 1496 utitur,
881 1423 1048 1484 subabsur-

50 1508 146 1575 dnm;
167 1514 215 1565 aut
235 1523 251 1563 e
271 1503 382 1564 duobus
404 1506 485 1583 quasi
507 1504 679 1582 corporibus
700 1505 883 1581 coalescunt,
904 1514 935 1565 ut
952 1505 1047 1568 malc-

48 1590 138 1667 ficns.
174 1587 247 1670 Nam
269 1606 306 1648 ex
333 1588 423 1648 tribus
445 1597 562 1648 nostrae
589 1591 686 1668 utique
709 1588 825 1665 linguae
847 1603 904 1649 non
925 1603 1090 1659 conces-66

49 1676 153 1741 serim;
170 1675 298 1751 quamvis
311 1674 415 1751 capsis
427 1670 532 1731 cicero
547 1673 623 1733 dicat
636 1677 826 1751 compositum
841 1692 908 1746 esse
921 1692 959 1733 ex
971 1693 1050 1754 cape

50 1760 79 1818 n'
93 1759 157 1833 nis,
180 1765 210 1816 et
229 1758 407 1816 inveniantur
421 1758 469 1834 qui
483 1755 672 1835 Lupercalia
688 1774 781 1836 aeque
795 1765 856 1816 tres
870 1767 969 1836 partes
983 1776 1048 1819 ora·

50 1843 138 1901 tionis
163 1859 231 1900 esse
252 1842 440 1915 contendant,
464 1842 546 1918 quasi
565 1842 651 1901 incre
670 1858 729 1918 per
743 1859 892 1919 caprnm;
912 1860 976 1901 nam
990 1841 1090 1911 So-fit

51 1926 202 1988 iitanrilia
226 1928 281 1986 iam
308 1943 477 2004 persuasum
499 1932 544 1984 est
565 1942 632 1984 esse
655 1923 898 2002 Saooetanrilia,
927 1934 956 1985 et
978 1944 1049 1986 saue

50 2013 91 2071 ita
104 2029 139 2070 se
154 2009 241 2070 habet
256 2028 384 2087 sucrum,
407 2010 492 2088 quale
510 2010 586 2087 apud
598 2009 753 2069 Homerum
768 2027 885 2087 quoque
902 2019 956 2069 est.
990 2010 1050 2071 Sed

50 2094 126 2154 haec
149 2103 284 2154 nontam
312 2094 460 2154 extribus
482 2110 566 2172 quam
589 2112 627 2153 ex
648 2093 798 2171 particulis
825 2096 908 2154 trium
931 2104 1047 2154 coeunt.

53 2177 190 2239 Ceterum
212 2180 297 2238 etiam
319 2196 357 2237 ex
378 2180 594 2256 praepositione
620 2186 650 2237 et
671 2178 783 2238 duobus
804 2168 956 2238 vocabulis
977 2179 1049 2239 dure

51 2263 167 2323 ridetur
185 2265 326 2323 struxisse
347 2261 487 2322 Pacuvius
502 2259 596 2324 Nerei
612 2264 892 2341 repandirostrnm,
912 2265 1049 2325 incurui-

53 2347 210 2409 cervicum
227 2365 333 2425 pecns.
375 2344 532 2423 Iunguntur
558 2355 653 2407 autem
675 2355 723 2407 aut
744 2366 782 2407 ex
804 2347 916 2407 duobus
943 2347 1091 2413 Latinisos

52 2431 175 2508 integris
195 2438 226 2490 ut
247 2431 404 2509 snpcrfni,
423 2431 594 2509 mcdtmfnpi
614 2431 792 2509 (quanquam
813 2450 851 2492 ex
872 2433 993 2508 integris
1014 2449 1049 2491 au

55 2515 215 2593 composita
239 2515 296 2574 sint
322 2515 501 2593 quaeritur),
523 2520 577 2573 aut'
599 2533 637 2573 ex
661 2517 774 2591 integro
803 2524 833 2574 et
860 2525 997 2594 corrupto
1019 2524 1049 2575 ut

54 2598 235 2674 malevolus,
259 2608 306 2658 aut
328 2617 365 2658 ex
385 2606 522 2675 corrupto
546 2607 575 2658 et
596 2600 711 2675 integro
734 2607 765 2658 ut
784 2601 978 2678 noctivagas,
1001 2607 1050 2660 aut

56 2681 166 2742 duobus
186 2684 330 2760 corruptis
350 2692 381 2742 ut
396 2683 575 2761 pedisecos,
597 2691 646 2741 aut
667 2700 705 2741 ex
724 2692 824 2742 nostro
842 2692 871 2743 et
891 2686 1048 2761 peregrino

56 2775 82 2824 ιι
102 2767 275 2842 biclinium,
297 2775 345 2825 aut
366 2775 466 2825 contra
487 2775 517 2825 ut
536 2767 699 2844 epitopinm
718 2775 747 2825 et
761 2765 920 2841 Anticato,
942 2777 990 2828 aut
1011 2785 1049 2827 ex

55 2849 165 2909 duobus
186 2851 349 2928 peregrinis
372 2858 404 2908 ut
419 2852 600 2928 epircdinnr.
633 2849 705 2910 Nam
727 2868 790 2910 cum
810 2853 846 2911 sit
868 2854 1048 2930 praepositio

55 2932 181 3007 Graeca,
201 2937 281 2995 reda
294 2932 448 2995 Gallicum:
470 2952 565 3011 neque
580 2933 707 2994 Graecus
725 2944 820 2994 tamen
840 2952 934 3013 neque
950 2935 1049 2997 Gallus

53 3019 140 3077 utitur
155 3019 332 3096 composito;
355 3016 475 3078 Romani
494 3036 574 3076 suum
592 3036 630 3077 ex
647 3019 743 3078 alieno
762 3028 885 3096 utroque
906 3019 1047 3079 lecerunt.

52 3097 234 3179 Frequenter
249 3111 344 3162 autem
362 3104 594 3180 praepositiones
611 3119 727 3180 quoque
747 3103 894 3180 copulatio
914 3106 969 3163 ista
986 3111 1091 3167 cor-69

51 3188 171 3264 rumpit:
194 3186 261 3246 inde
275 3187 414 3260 abstulit,
436 3187 573 3265 aufugit,
595 3189 713 3264 annisa,
733 3204 797 3245 cum
817 3190 998 3286 praepositio
1011 3189 1050 3247 sit

52 3270 91 3331 ab
115 3269 194 3338 sola;
224 3279 254 3330 et
278 3272 352 3347 coit,
376 3288 439 3330 cum
464 3273 501 3331 sit
525 3272 703 3368 praepositio
731 3289 807 3340 con,·
829 3272 872 3332 sic
892 3273 998 3350 ignaui
1020 3279 1050 3330 et

52 3362 157 3432 crepet
172 3363 201 3413 et
217 3342 328 3414 similia.
364 3355 422 3415 Sed
438 3374 486 3416 res
506 3363 566 3415 tota
586 3356 677 3430 magis
693 3353 822 3415 Graecos
838 3356 941 3431 decet,
963 3353 1046 3414 uobis
1056 3360 1091 3417 7⁰

51 3439 143 3497 miuus
166 3439 313 3516 succedit,
335 3457 390 3499 nec
412 3439 440 3500 id
463 3440 527 3500 lieri
548 3447 648 3498 natura
668 3448 755 3518 puto,
778 3439 830 3499 sed
848 3439 949 3500 alienis
967 3439 1048 3498 inve·
