2434 3925
316 230 738 301 1nsr.onnron.u1n.x‚4.
754 232 779 284 s.
987 225 1048 286 177

10 387 94 448 thoe
112 388 290 465 contingere
306 406 422 466 semper
436 396 535 467 potest
550 390 721 466 praesertim
737 389 854 465 oratori,
871 391 916 450 cui
931 391 1047 470 saepius

24 472 182 549 scribere¹
194 473 230 531 ad
245 481 415 550 praesentes
436 490 505 531 usus
525 489 650 531 necesse
673 481 730 540 est;
755 481 784 532 et
807 475 966 535 emendatio
985 478 1048 555 ipsa

10 557 127 616 finem
145 555 267 615 habeat.
294 557 364 616 Sunt
380 557 454 615 enim
471 558 519 635 qui
529 557 565 616 ad
577 558 670 615 omnia
682 558 789 635 scripta
799 562 932 636 tanquam
943 561 1048 622 uitiosa

26 640 167 700 redeant
188 649 234 714 et,
250 642 331 718 qnasi
345 640 415 700 nihil
432 640 475 699 fas
488 636 529 699 'sit
542 649 654 700 rectum
674 658 741 700 esse
763 641 839 719 quod
856 645 974 720 primum
990 655 1045 721 est,

10 710 330 785 tmetiufexisttment
346 723 482 802 quidquid
500 733 546 784 est
560 725 653 799 alind,
671 727 757 803 idque
773 725 894 801 faciant,
913 731 1047 805 quotiens

10 832 15 869 ι
29 808 147 868 librum
163 810 193 868 in
209 826 307 867 manns
326 816 554 887 resumpserunt,
571 809 681 868 similes
696 810 816 869 medicis
834 812 918 871 etiam
935 812 1047 888 integra

10 892 223 969 peccantibus.
264 892 380 953 Accidit
402 893 517 970 itaque,
538 902 570 951 ut
585 895 756 954 cicatricosa
772 896 828 954 sint
843 904 873 954 et
891 899 1047 972 exsanguia

10 1000 12 1037 ι
33 986 66 1034 et
84 994 161 1035 cura
178 978 288 1054 peiora.
331 978 375 1036 Sit
396 995 468 1053 ergo
494 976 647 1054 aliquando
672 978 750 1056 quod
766 978 881 1056 placcat
903 988 951 1039 ant
967 989 1077 1045 certet

10 1061 121 1137 equod
146 1060 291 1134 sufficiat,
314 1070 344 1120 ut
364 1079 437 1139 opus
458 1062 549 1140 poliat
573 1062 638 1120 lima
658 1079 715 1121 nou
737 1071 859 1122 exterat.
895 1062 1047 1142 Temporis

10 1170 14 1207 ι
35 1161 163 1222 quoque
180 1163 247 1203 esse
264 1144 352 1204 debet
367 1146 478 1210 modus,
514 1145 586 1204 Nam
608 1145 685 1224 quod
704 1144 811 1207 Cinnae
832 1147 982 1222 Zmyrnam
996 1165 1046 1208 no·

10 1236 15 1293 t
35 1246 106 1286 vem
122 1230 206 1288 annis
221 1232 386 1307 accepimns
404 1232 550 1308 scriptam,
570 1239 598 1289 et
610 1229 818 1307 Panegyricum
830 1230 979 1307 isocratis,
998 1234 1046 1311 qui

10 1340 13 1378 ι
36 1314 227 1390 parcissime,
242 1312 344 1373 decem
356 1315 435 1373 annis
448 1314 545 1374 dicunt
557 1313 751 1375 elaboratum:
768 1317 803 1376 ad
818 1325 963 1375 oratorem
977 1314 1046 1376 nihii

38 1398 188 1474 pertinet,
207 1398 287 1457 cuins
303 1398 411 1458 nullum
430 1399 494 1474 erit,
511 1400 607 1458 sitam
625 1399 734 1467 tardum
745 1400 842 1476 fuerit,
858 1400 1003 1460 auxilium.

329 1551 416 1611 QUAE
433 1552 617 1603 scotssonon
630 1552 770 1604 Mnxmto.

10 1680 12 1715 ι
127 1650 164 1708 V.
181 1651 342 1712 Proximum
354 1661 409 1727 est,
422 1661 452 1712 ut
465 1652 601 1725 dicamus,
619 1671 710 1731 qnae
724 1655 935 1731 praecipue
950 1657 1045 1716 scri·

10 1774 12 1783 ι
41 1735 163 1795 beuda
184 1737 265 1795 sint.
295 1736 359 1796 Hoc
373 1736 558 1797 exuberantis
574 1739 612 1795 sit
627 1736 742 1815 quidem
757 1739 875 1815 operis,
897 1748 928 1798 ut
952 1741 1044 1819 expli·

10 1860 13 1877 .
43 1837 155 1895 cemus,
172 1838 246 1898 quae
259 1822 314 1880 sint
328 1822 475 1897 materiae,
495 1838 569 1899 quae
585 1821 675 1898 prima
692 1830 740 1880 aut
757 1821 884 1881 secunda
901 1832 949 1882 ant
965 1825 1044 1883 dein·

10 1944 12 1952 ·
44 1921 117 1983 ceps
138 1905 285 1966 tractanda
306 1906 375 1974 siut;
400 1923 464 1966 nam
484 1905 511 1966 id
535 1906 642 1967 facturn
666 1914 711 1965 est
737 1906 821 1966 etiam
840 1909 931 1986 primo
958 1907 1043 1985 libro,
1145 1952 1149 1959 .

45 2006 103 2067 quo
120 2006 284 2066 puerorum,
301 1999 330 2050 et
349 1991 493 2066 secundo,
512 2007 569 2069 quo
592 1989 785 2051 robustiorum
800 1992 901 2051 studiis
917 1992 1045 2053 ordinem

46 2073 189 2142 dedimus3
212 2076 281 2150 sed,
298 2075 334 2134 de
355 2092 412 2153 quo
434 2093 509 2136 nunc
529 2078 640 2153 agitur,
662 2075 737 2135 unde
759 2077 843 2154 copia
865 2093 900 2135 ac
920 2076 1045 2138 facilitas

45 2159 167 2216 maxime
182 2159 288 2217 veniat.

129 2242 288 2302 Vertere
312 2242 454 2303 Graeca
475 2245 509 2302 in
530 2242 824 2303 Latinumveteres
840 2244 931 2304 nostri
947 2252 1073 2305 orato-t

47 2344 96 2386 res
113 2329 248 2405 optimum
269 2326 440 2387 iudicabant.
476 2326 508 2387 ld
523 2345 557 2386 se
571 2326 602 2387 t.
625 2325 747 2387 Crassus
770 2328 800 2387 in
817 2328 876 2388 illis
893 2326 1044 2389 Ciceronis

49 2410 84 2470 de
100 2409 221 2471 Oratore
236 2410 316 2472 libris
334 2411 403 2471 dicit
417 2411 575 2472 factitasse.
601 2411 634 2472 ld
649 2409 753 2472 Cicero
768 2430 819 2472 sua
835 2413 899 2491 ipse
917 2430 1044 2491 persona

48 2495 278 2574 frequentissime
300 2498 455 2575 praecipit,
483 2497 551 2574 quin
578 2498 664 2556 etiam
688 2496 779 2557 libros
803 2496 931 2558 Platonis
957 2507 1044 2576 atque

50 2579 244 2659 Xenophontis
267 2580 355 2641 edidit
375 2581 431 2640 hoc
450 2598 561 2658 genere
573 2580 739 2640 translatos.
774 2580 806 2641 ld
821 2580 965 2641 Messalae
982 2582 1043 2660 pla·

53 2666 117 2739 cuit,
131 2665 292 2743 multaeque
307 2674 371 2724 sunt
386 2664 422 2724 ah
434 2681 470 2724 eo
482 2666 608 2742 scriptae
622 2664 743 2744 adhunc
755 2666 870 2724 modum
885 2667 1042 2740 orationes,

53 2747 122 2807 adeo
136 2757 165 2807 nt
179 2751 265 2808 etiam
284 2768 348 2808 cum
363 2749 414 2809 illa
428 2748 584 2827 Hyperidis
599 2764 653 2827 pro
671 2748 784 2825 Phryne
803 2748 968 2809 difficillima
985 2748 1043 2807 Ro·

53 2833 136 2891 manis
150 2831 305 2893 subtilitate
322 2833 520 2893 contenderet.
546 2831 584 2892 Et
593 2832 744 2893 manifesta
765 2842 810 2893 est
827 2833 1073 2894 exercitationis3

54 2916 165 2975 huiusce
185 2919 268 2975 ratio.
297 2917 368 2977 Nam
380 2927 408 2977 et
420 2935 515 2976 rerum
531 2918 616 2995 copia
633 2916 735 2977 Graeci
749 2925 885 2977 auctores
900 2914 1044 2976 abundant

54 3010 82 3061 et
96 3000 240 3080 plurimum
255 3003 323 3061 artis
346 3003 375 3061 in
397 3001 591 3080 eloquentiam
608 3001 778 3076 intulerunt,
800 3009 830 3060 et
850 2998 904 3058 hos
921 2998 1042 3061 transfe-

54 3083 172 3145 rentibus
183 3083 280 3143 verbis
296 3086 336 3145 nti
352 3087 466 3163 optimis
484 3082 562 3160 licet,
584 3084 714 3144 omuibus
726 3086 800 3144 enim
812 3086 915 3143 utimur
925 3086 1041 3145 nostris.
1149 3139 1153 3154 „

54 3170 166 3247 figuras
180 3185 263 3243 vero,
281 3168 383 3246 quibus
401 3172 523 3229 maxime
540 3178 657 3227 ornatur
668 3169 771 3244 oratio,
786 3169 889 3227 multas
902 3186 936 3228 ac
948 3171 1042 3230 varias

56 3250 228 3329 excogitandi
244 3254 329 3311 etiam
346 3255 507 3314 necessitas
523 3252 663 3331 quaedam
679 3262 741 3329 est,
760 3254 826 3332 qnia
841 3253 1010 3333 plerumque
1026 3272 1044 3314 a

57 3338 166 3400 Graecis
181 3334 307 3394 Romana
323 3336 503 3397 dissentiunt.

132 3419 186 3479 Sed
210 3427 239 3479 et
261 3419 311 3478 illa
334 3438 377 3480 ex
397 3420 537 3482 Latinis
560 3421 761 3480 conversio
784 3421 900 3481 multum
929 3432 957 3483 et
977 3424 1070 3500 ipsa4

61 3504 207 3564 contulerit.
247 3503 291 3562 Ac
312 3503 348 3563 de
372 3504 542 3567 carminibus
563 3506 677 3583 quidem
699 3506 840 3567 neminem
856 3505 945 3570 credo
961 3505 1040 3565 dubi·

96 3592 323 3660 memorermllt
854 3588 891 3651 12
