2434 3925
155 200 217 261 214
471 214 837 276 n.run.qn1uum1uu1

153 369 299 437 uideam
322 377 352 428 et
376 377 494 442 conns,
525 386 583 428 non
604 368 804 429 dominationis
830 385 917 429 causa
943 369 1052 430 Sullam
1076 389 1157 433 ama

114 461 148 516 ta
155 452 332 530 sumpsisse,
353 462 550 530 argumentum
565 461 612 513 est
626 452 770 513 dictatura
785 453 929 530 deposita.
962 454 1103 515 Similiter
1118 475 1157 516 ex

154 536 332 596 incremento
349 538 377 596 in
390 545 539 615 utramque
555 546 667 615 partem
682 536 794 597 ducitur
807 536 851 595 rei
867 538 941 597 ratio
959 555 1022 597 cum
1039 540 1068 598 iu
1085 556 1155 599 con·

154 621 265 681 iectura
280 629 338 679 turn
355 622 439 681 etiam
451 623 479 680 in
494 630 616 681 tractatu
635 621 798 697 aequitatis,
814 620 860 679 An
870 620 905 683 ad
922 621 1030 681 initium
1045 641 1156 683 summa

154 703 307 763 referenda
323 703 382 764 sit?
399 705 428 765 iu
446 714 501 781 est,
517 705 563 764 Au
579 705 606 763 ei
624 704 731 765 caedes
747 704 911 783 imputanda
926 706 973 781 sit,
989 723 1006 766 a
1022 723 1081 785 quo
1099 708 1154 767 iur-

153 789 232 865 gium
248 785 366 866 coepit?
903 784 904 787 ’

113 880 148 937 ts
238 870 291 930 Est
307 881 541 949 argumentorum
556 871 640 931 locus
654 889 693 932 ex
709 871 913 932 similibus.
936 871 972 934 st
996 874 1153 936 contineu-

153 958 197 1018 tio
212 958 327 1030 uirtus,
352 959 457 1035 utique
473 965 503 1018 et
515 957 721 1026 ubstiuenta‘o,⁸
744 955 781 1016 Si
798 956 891 1033 fidens
908 958 997 1019 debet
1017 966 1110 1032 tutor,
1126 966 1154 1020 ct

151 1050 346 1120 procurator
377 1039 442 1100 lloc
461 1049 557 1100 estex
573 1057 610 1099 eo
627 1057 756 1118 genere,
778 1039 855 1118 quod
870 1033 1026 1120 ἐπαγωγὴν
1047 1040 1152 1102 Graeci

151 1133 269 1198 vocant,
289 1121 394 1183 Cicero
417 1124 622 1184 inductionem.
659 1123 706 1183 Ex
726 1124 994 1184 dissimilibus:
1017 1122 1153 1202 Nomai

152 1209 269 1270 loetita'u
286 1209 406 1283 bonum,
422 1216 451 1270 et
465 1211 624 1307 uoluptasr
643 1206 725 1283 Nou,
744 1209 826 1286 quod
839 1209 974 1285 mulieri,
996 1210 1079 1271 idem
1090 1227 1151 1288 pu-

149 1293 234 1372 pilio
263 1288 309 1348 Ex
334 1293 555 1352 contrariis:
577 1289 755 1371 Frupulitua
775 1292 900 1368 bonuau,
924 1294 1052 1354 lumuria
1070 1295 1153 1355 euim

151 1377 282 1442 mulum
300 1373 336 1436 Si
347 1377 495 1438 mulorum
510 1393 608 1438 cauea
624 1377 733 1438 bellum
744 1384 800 1452 eat,
815 1378 874 1438 erit
885 1378 1055 1441 emendatio
1062 1396 1152 1455 paca·

153 1458 189 1520 Si
209 1461 329 1520 ueniam
348 1468 497 1537 meretur,
526 1462 579 1538 qul
599 1462 781 1539 imprudens
798 1461 917 1522 numdi:
936 1479 997 1523 nou
1017 1470 1153 1523 meretur

110 1544 329 1622 alpe-cemimus,
342 1544 395 1621 qui
405 1545 584 1622 imprudens
594 1545 723 1624 profuit.
746 1543 792 1603 Eu
806 1545 1073 1624 pugnantibus:
1093 1543 1152 1619 out

152 1636 198 1689 eat
217 1628 358 1705 amerus,
382 1630 567 1695 stultuunou
582 1637 644 1695 est,
673 1627 720 1689 lux
741 1628 1062 1706 consequentibus
1087 1631 1151 1688 siue

149 1711 359 1773 adiunctis:
380 1709 417 1772 Si
441 1713 551 1775 bouum
572 1713 690 1774 iustitia
704 1722 760 1790 est,
777 1722 862 1774 recte
875 1715 1078 1775 iudicandum
1083 1736 1100 1784 ,·
1117 1712 1152 1774 st

151 1797 263 1857 molum
276 1795 426 1874 perfidio,
440 1816 501 1859 nors
521 1804 566 1859 eal
580 1797 759 1875 fallendum.
790 1796 870 1856 Idem
884 1806 974 1857 retro.
1005 1795 1070 1856 Nec
1086 1807 1151 1857 sunt

152 1879 196 1939 bis
217 1879 364 1940 dissimilia
386 1882 511 1959 ideoque
537 1878 605 1940 huic
632 1880 700 1940 loco
728 1880 922 1957 subiicienda,
952 1898 1016 1941 cum
1036 1888 1067 1939 et
1088 1882 1151 1960 ipsa

151 1965 320 2025 naturaliter
336 1964 619 2043 congruauthuod
634 1967 702 2044 quis
716 1984 776 2027 nou
790 1966 905 2043 babuit,
921 1985 982 2028 uon
991 1967 1133 2045 perdidit
1138 1989 1151 2034 ,-

152 2047 248 2122 Quem
266 2051 335 2127 quie
348 2060 447 2128 amul,
472 2052 575 2112 eutem
587 2069 648 2111 unu
662 2051 777 2122 laedit;
800 2046 896 2122 Οαααι
917 2051 986 2128 quis
1005 2050 1152 2111 ltercdem

150 2152 239 2196 auum
254 2152 321 2195 ease
338 2136 447 2209 noluit,
464 2153 570 2197 corum
587 2135 708 2209 babuit,
724 2134 830 2211 babet,
847 2134 978 2196 babebit.
1005 2133 1065 2194 Sed
1087 2152 1151 2194 cun

110 2217 208 2276 tanim
223 2216 391 2308 indubitata,
407 2221 463 2278 vim
475 2217 582 2278 habent
591 2236 685 2317 paene
698 2219 845 2295 signorum
859 2217 1064 2278 insolubilium.
1090 2217 1151 2279 sen

151 2301 226 2361 baeu
243 2293 516 2378 consequentia
532 2302 616 2377 dico,
629 2293 800 2375 ἆαόλοαθα;
816 2310 862 2361 est
876 2303 950 2361 enim
966 2319 1152 2380 consequens

152 2385 313 2462 sapientiae
328 2384 457 2455 bonitas;
480 2386 531 2445 illa
552 2387 766 2464 sequentia,
788 2379 990 2462 παρεπόμενα,
1007 2404 1081 2464 quae
1098 2403 1150 2464 po·

152 2477 215 2527 stea
238 2468 314 2527 lacta
337 2478 402 2528 suut
426 2478 473 2530 aut
495 2469 599 2530 lutura
638 2469 701 2529 Nec
726 2487 788 2529 sum
804 2469 840 2529 de
855 2469 1016 2529 nominibus
1032 2471 1150 2537 anxium

151 2561 238 2611 vocet
253 2554 343 2628 euim,
365 2561 396 2612 ut
420 2553 546 2613 voluerit
561 2555 699 2632 quisque,
722 2552 787 2612 dum
806 2555 851 2613 vis
873 2571 968 2614 rerum
983 2554 1047 2632 ipsa
1061 2554 1150 2613 mani·

109 2637 226 2696 tofesta
242 2637 289 2710 sit,
311 2646 508 2715 appareatque
524 2637 580 2697 boo
598 2639 748 2716 temporis,
765 2638 835 2697 illud
850 2656 918 2698 esse
930 2646 1059 2697 naturae.
1092 2636 1147 2697 lta·

152 2738 208 2799 que
224 2738 281 2780 non
293 2720 392 2780 dubito
410 2721 483 2782 baec
499 2739 616 2799 quoque
636 2723 858 2799 consequentia,
875 2724 1003 2800 quamvis
1020 2738 1057 2780 ex
1072 2723 1149 2799 prio·

151 2805 230 2864 ribus
246 2805 314 2865 dent
330 2814 527 2882 argumentum
539 2805 575 2865 ad
590 2824 626 2865 ea
647 2824 721 2884 quas
741 2815 916 2883 sequuntur,
935 2821 1056 2884 quorum
1079 2804 1150 2864 duas

153 2887 266 2966 quidam
279 2892 396 2968 species
409 2908 476 2950 esse
487 2890 656 2949 voluerunt:
674 2890 817 2964 Aetionis,
833 2898 865 2948 ut
875 2907 930 2968 pro
945 2887 1052 2968 Oppio,
1067 2885 1151 2962 Ques

153 2975 285 3035 educere
298 2976 410 3036 inuitos
427 2977 460 3035 iu
479 2975 671 3051 prouinciam
690 2993 750 3036 nou
765 2976 880 3053 potuit,
897 2993 949 3036 eos
969 2975 1079 3034 incitos
1098 2991 1149 3034 re-

153 3058 248 3120 tinere
263 3060 316 3135 qui
326 3060 446 3137 potuit?
471 3058 634 3138 Temporis,
651 3059 679 3117 in
689 3058 822 3132 Verrem,
839 3057 879 3126 Si¹
887 3058 978 3136 fineen
993 3056 1150 3119 Praemia

154 3142 252 3202 edicto
272 3142 403 3224 offerunt
422 3141 584 3204 Kaleudoe
605 3141 693 3220 lum,
723 3161 781 3203 cur
803 3162 862 3203 nou
890 3143 1007 3203 irutiurn
1031 3155 1150 3220 quoque

112 3229 145 3286 ll
155 3226 249 3290 edicti
269 3234 458 3287 nosnatura
479 3225 630 3294 Kalendis
649 3225 744 3288 lau?
774 3225 858 3298 Quod
879 3235 1030 3304 utrumque
1051 3243 1148 3285 exeun·

152 3310 231 3388 plum
251 3310 310 3369 tale
333 3319 395 3384 est,
418 3320 448 3370 ut
471 3311 547 3371 idem
568 3312 596 3370 in
617 3311 776 3385 diversum,
793 3311 818 3368 si
834 3318 914 3370 retro
933 3327 1022 3387 agas,
1041 3307 1146 3368 ualeat.

154 3392 343 3472 Consequens
360 3395 434 3452 enim
451 3403 512 3468 est,
528 3410 600 3469 eos,
616 3395 666 3473 qui
680 3394 760 3453 inviti
775 3393 841 3453 duci
857 3411 915 3453 nou
930 3393 1091 3473 potuerint,
1109 3393 1148 3450 iu·

111 3479 227 3540 navitus
242 3496 300 3540 nou
314 3478 445 3558 potuisse
461 3479 588 3539 retineri.
621 3477 674 3539 llla
689 3494 823 3556 quoque,
842 3495 917 3557 quae
933 3494 971 3539 ex
984 3476 1072 3539 rebus
1089 3492 1148 3536 mu·
