2434 3925
165 194 223 259 182
475 211 512 257 ιι.
524 209 602 256 aaa.
616 208 836 269 quorumnam

161 363 332 426 stituendum
351 373 413 440 est,
432 373 465 423 ut
482 372 513 423 et
536 362 649 440 digredi
670 381 708 423 ex
728 381 766 423 eo
787 374 818 425 et
842 365 964 442 regredi
982 368 1022 426 in
1045 368 1084 427 id
1100 368 1177 429 iacit

132 451 313 529 oposstmus.
345 448 416 508 lium
433 457 465 509 ut
479 449 599 527 primum
614 456 660 506 est
673 449 760 508 domo
780 449 885 508 alierre
900 460 1048 527 paratam
1068 452 1174 512 diceri

160 534 274 612 copiam
294 541 324 592 et
346 542 468 593 certam:
489 533 529 591 itu
547 531 676 591 refutare
696 535 835 610 temporis
850 551 969 593 munera
985 536 1102 614 longe
1119 538 1171 595 stri

160 619 297 677 tissimum
317 625 372 677 est·
417 615 513 690 Quare
534 616 673 692 cogitatio
698 617 727 674 in
749 615 807 676 boc
825 628 1051 695 praeparetur,
1079 629 1118 679 nt
1136 638 1169 678 no

159 702 279 781 fortuna
288 701 426 778 decipere
442 716 500 759 uon
514 701 625 777 possit,
646 700 782 759 adinrare
797 702 899 778 possit.
942 699 978 761 ld
998 712 1122 763 autem
1138 704 1168 762 is

158 786 314 845 memoriae
328 784 448 859 suibus,
463 792 494 843 ut
507 783 574 857 illa,
590 800 666 860 quae
681 783 826 862 complexi
840 787 933 844 auimo
946 804 1079 864 sumus,
1099 788 1167 847 duas

159 888 279 936 secura;
295 886 353 928 uon
367 868 510 928 sollicitos
533 875 562 926 et
580 867 774 945 respicientes
795 877 825 928 et
845 887 900 929 una
924 887 981 946 spe
1001 888 1167 950 suspenso

158 954 369 1014 recordationis
383 970 441 1012 uon
456 952 548 1010 sinent
565 950 731 1028 providere·
764 952 881 1031 Alioqui
904 953 952 1012 rel
976 964 1168 1035 extemporr

158 1038 216 1098 lem
233 1039 422 1097 temeritatem
435 1035 511 1095 malo
527 1051 611 1113 quarn
627 1034 703 1095 male
719 1035 923 1096 cohaerentem
940 1039 1167 1113 cogitationes

131 1121 243 1182 7Peius
259 1124 333 1180 eninr
349 1121 495 1199 quaeritur
509 1128 673 1194 retrorsus,
694 1122 776 1197 quia,
798 1121 863 1180 duur
881 1120 932 1181 illa
947 1121 1167 1184 desideramus

158 1206 194 1266 ab
211 1207 275 1266 aliis
289 1207 458 1279 avertimur,
481 1212 510 1262 et
531 1221 569 1262 ex
584 1205 722 1263 memoria
735 1205 832 1282 potius
846 1206 1009 1282 repetimus
1028 1225 1131 1285 quarn
1145 1224 1168 1265 cr

158 1292 286 1349 materia.
312 1288 398 1364 Plura
412 1295 591 1363 runcantem,
609 1288 634 1346 si
644 1295 796 1366 unumque
807 1289 1006 1367 quaerendum
1018 1301 1090 1370 est,
1106 1308 1167 1372 quar

157 1374 279 1433 inveniri
294 1381 416 1452 possunt
432 1389 517 1450 qnam
532 1389 607 1450 quae
625 1372 739 1431 inventa
754 1382 829 1432 suut.

193 1524 446 1588 QUEMADMODUM
461 1521 713 1583 EXTEMPORALIS
728 1524 1082 1580 summasunmna
1100 1530 1142 1580 ΕΤ

540 1607 781 1664 couuffluATUR.

240 1701 303 1763 Vll.
335 1701 474 1762 blaximus
490 1719 563 1763 vero
576 1701 733 1761 studiorum
747 1702 858 1762 fructus
874 1711 919 1762 est
934 1711 963 1762 et
978 1704 1071 1765 velut
1087 1724 1160 1785 pme

156 1787 242 1847 mium
257 1786 400 1865 quoddam
415 1787 618 1865 amplissimum
634 1785 714 1863 longi
729 1786 838 1846 laboris
856 1805 900 1846 ex
916 1795 1039 1867 tempo
1049 1809 1097 1849 re
1118 1791 1158 1850 di·

159 1871 267 1932 cendi
283 1870 462 1946 facultas,
479 1888 563 1948 quarn
574 1870 623 1948 qui
634 1887 692 1928 non
704 1872 759 1929 erit
770 1879 954 1946 consecutus,
967 1890 1034 1931 mea
1049 1874 1156 1951 quide·

157 1956 300 2017 sententia
322 1953 455 2016 civilibus
475 1955 580 2015 oiiiciis
599 1953 774 2015 renuntiabit
796 1965 826 2016 et
845 1954 937 2015 solam
952 1957 1109 2019 scribendi
1121 1958 1154 2017 ir·
1192 1958 1193 2014 l

158 2041 295 2100 cultatem
317 2041 413 2119 potius
435 2039 472 2100 ad
492 2039 550 2099 alia
565 2036 661 2116 opera
687 2048 846 2099 convertet.
885 2038 943 2099 Vix
968 2043 1045 2100 enirn
1068 2042 1153 2101 bonae

157 2124 224 2184 bdei
239 2127 302 2184 viro
318 2124 452 2183 convenit
470 2124 605 2184 auxilium
619 2124 648 2181 in
662 2122 807 2202 poblicum
822 2122 967 2203 polliceri,
983 2125 1065 2202 quod
1078 2143 1151 2205 prae
1192 2183 1193 2198 ,

158 2209 329 2268 acutissimis
345 2207 506 2286 quibusque
521 2207 659 2286 periculis
675 2207 764 2275 desit;
779 2216 810 2266 ut
824 2211 931 2268 intrare
944 2218 1062 2286 portum
1079 2210 1150 2269 narb
1192 2211 1193 2214 ’

130 2293 212 2359 anisi
228 2291 341 2352 leuibus
355 2293 450 2351 ventis
466 2300 551 2353 vecta
565 2308 623 2351 uon
638 2293 741 2369 possit.
773 2292 919 2371 Siquidem
935 2292 1150 2353 innumerabiles

157 2374 410 2436 acciduutsubitae
421 2377 613 2435 necessitates
628 2374 677 2435 vel
694 2374 770 2453 apud
780 2377 962 2452 magistratus
976 2376 1025 2436 rel
1040 2394 1148 2455 reprae
1192 2369 1193 2414 l

157 2460 277 2519 scutatis
298 2458 410 2519 iudiciis
426 2461 561 2519 continuo
577 2458 692 2535 agendi.
730 2458 856 2533 Quarum
872 2461 897 2518 si
913 2476 987 2537 qua,
1010 2477 1068 2519 uon
1090 2460 1146 2520 dico

158 2544 319 2621 cuicunque
331 2544 523 2602 innocentium
534 2545 638 2603 civium
655 2542 707 2602 sed
719 2545 874 2602 amicorum
883 2562 918 2603 ac
930 2546 1146 2623 propinquorum

157 2629 242 2688 alicui
256 2629 403 2687 evenerit:
419 2626 543 2686 stabitne
555 2636 648 2686 mutus
663 2635 694 2686 et
707 2627 861 2686 salutarem
874 2628 1037 2705 petentibus
1051 2645 1146 2687 vocen

157 2713 322 2790 statimque,
338 2712 434 2771 sinon
449 2719 645 2786 succurratur,
660 2712 795 2789 perituris
808 2727 905 2770 moras
921 2721 950 2771 et
961 2730 1109 2772 secessum
1122 2720 1146 2770 el

157 2790 301 2856 silentium
324 2804 461 2874 quaeret,
483 2792 548 2854 dum
570 2794 622 2855 illa
642 2793 732 2854 verba
753 2794 930 2855 fabricentur
951 2804 981 2855 et
999 2798 1145 2855 memoriae

127 2881 278 2942 3iusidant
293 2889 322 2940 et
338 2897 397 2939 vox
413 2897 448 2939 ac
464 2879 538 2939 letus
559 2875 771 2956 praeparetur?
797 2878 879 2951 Quae
893 2896 965 2938 vero
980 2882 1082 2957 patitur
1095 2880 1142 2939 hoc

158 2966 261 3040 oratio,
277 2973 308 3024 ut
325 2965 473 3043 quisquam
487 2964 581 3041 possit
592 2972 691 3022 orator
708 2964 839 3021 omittere
855 2960 960 3023 casus?
992 2962 1072 3038 Quid,
1089 2981 1142 3024 cun

157 3047 323 3109 adversario
349 3047 582 3127 respondendum
605 3048 675 3121 erit,
700 3042 769 3106 liet?
803 3045 875 3105 Nam
897 3065 987 3126 saepe
1008 3065 1056 3122 ea,
1077 3065 1141 3126 quae

158 3131 265 3208 opinati
288 3150 384 3191 sumus
413 3140 443 3191 et
466 3139 566 3192 contra
588 3147 661 3207 quae
685 3130 869 3208 scripsimus,
897 3130 1017 3206 iallunt,
1039 3149 1070 3191 ac
1090 3140 1140 3192 tota

159 3213 254 3274 subito
275 3231 363 3274 causa
383 3224 519 3283 mutatur;
536 3223 623 3291 atqua
640 3221 671 3273 ut
687 3213 874 3290 gubernatori
890 3214 925 3275 ad
939 3217 1066 3274 incursus
1079 3225 1140 3275 teu·

158 3306 302 3378 pestutum
322 3300 365 3357 sic
388 3300 485 3375 agenti
506 3297 542 3358 ad
558 3299 728 3357 varietatem
751 3314 899 3357 causarum
928 3300 1001 3358 ratio
1024 3297 1139 3358 mutanda

133 3392 217 3442 aest.
246 3380 320 3455 Quid
338 3398 427 3459 porro
442 3382 545 3441 multus
563 3381 646 3441 stilus
661 3390 690 3440 et
707 3380 823 3441 assidua
838 3382 927 3442 lectio
946 3391 975 3441 et
995 3381 1075 3458 longa
1088 3392 1138 3443 stu·

194 3484 269 3527 rrum
290 3474 371 3526 aetas
393 3464 478 3542 iacit,
502 3467 527 3524 si
549 3472 645 3525 manet
667 3464 769 3525 eadem
789 3482 864 3545 quae
883 3465 937 3526 iuit
953 3465 1137 3545 incipientibus
