2434 3925
383 237 833 307 rnsn.oanaon.nas.xr1,s.
976 287 978 290 Α
1042 227 1100 290 251

105 396 164 459 sed
187 396 300 471 omnia,
329 412 403 475 qnae
425 395 574 475 protutura
596 404 678 471 sunt,
708 395 805 456 debet.
844 394 945 473 ltaque
967 412 1031 456 enm
1049 410 1133 461 nece

104 481 255 555 inutilem,
280 480 304 539 si
323 479 358 539 ad
373 478 473 539 horam
487 479 564 561 forte
580 481 758 554 constiterit,
782 498 877 558 neque
897 483 924 539 in
946 481 1104 540 testationi·

105 566 165 626 lrns
183 564 323 624 faciendis
339 582 406 623 esse
423 564 582 642 imperitum
595 564 693 625 velim.
728 563 798 637 Quis
814 565 889 624 enim
904 567 1000 643 potius
1020 582 1108 641 prae·¹

107 647 221 730 parabit
237 666 290 723 ea,
308 665 400 727 qnae,
416 665 481 706 cnm
498 657 581 724 aget,
604 666 672 707 esse
689 649 718 707 in
734 665 820 708 causa
836 645 926 708 veliti
949 646 1011 706 Nisi
1026 648 1102 708 forte

106 735 311 812 imperatorem
326 733 389 810 quis
403 731 536 791 idoneum
548 731 640 791 credit
654 734 683 790 in
697 732 818 811 proeliis
828 733 943 811 quidem
958 741 1103 792 strenuum

109 827 139 878 et
155 817 259 877 iontem
275 825 305 875 et
320 815 459 892 omnium,
475 834 549 894 quae
567 833 662 894 pugna
678 817 790 894 poscit,
808 816 963 890 artificem,
983 817 1036 876 sed
1053 834 1102 875 ne·

110 920 167 981 qne
190 900 321 961 delectus
343 917 433 977 agene
458 917 515 959 nec
537 901 638 978 copias
661 899 832 960 contrahere
853 909 940 979 atque
961 901 1104 961 instruere

109 1004 167 1045 nec
186 985 358 1063 prospicere
380 992 555 1053 commeatus
570 1001 627 1043 nee
647 983 743 1043 locum
758 1002 865 1064 capere
887 985 990 1044 eastris
1010 986 1103 1044 scien·

108 1078 183 1135 tem;
205 1070 284 1146 prius
301 1076 346 1127 est
359 1069 434 1126 enim
449 1076 531 1127 certe
547 1081 653 1146 parare
670 1067 749 1127 bella
767 1086 851 1146 mam
865 1085 983 1144 gerere.
1016 1067 1132 1145 Atquio

109 1152 269 1213 simillimus
286 1151 353 1211 hnic
372 1151 409 1211 sit
428 1151 604 1228 advocatus,
629 1153 653 1211 si
669 1151 768 1229 plura,
791 1170 865 1230 quae
883 1152 918 1212 ad
933 1151 1104 1211 vincendum

108 1236 223 1310 valent,
247 1233 312 1295 aliis
326 1234 491 1312 reliquerim
519 1255 583 1296 cum
604 1236 776 1315 praesertim
798 1235 871 1310 hoc,
893 1235 970 1313 quod
987 1244 1032 1295 est
1046 1252 1104 1295 ma·

109 1322 186 1381 xime
201 1321 415 1393 necessarium,
432 1338 488 1379 nec
504 1328 561 1379 tam
576 1320 613 1379 sit
625 1320 759 1394 arduum,
777 1337 861 1397 quarn
875 1319 978 1397 procul
994 1321 1090 1379 intuen

108 1403 185 1464 tibus
201 1403 325 1464 fortasse
341 1402 480 1462 videatur.
508 1403 639 1481 Namque
655 1420 738 1464 omne
754 1404 814 1480 ins,
830 1403 907 1482 qnod
922 1412 967 1463 est
983 1411 1103 1478 certum,

109 1497 158 1549 ant
177 1488 288 1565 scripto
314 1496 361 1546 aut
381 1486 510 1546 moribus
531 1496 657 1555 constat;
686 1486 801 1547 dubium
828 1488 980 1565 aequitatis
1002 1486 1103 1563 regula

110 1570 325 1632 examinandum
345 1579 400 1630 est.
432 1570 514 1645 Quae
537 1572 645 1649 scripta
660 1580 725 1630 sunt
740 1580 787 1631 ant
802 1573 896 1649 posita
920 1572 949 1630 in
962 1588 1044 1631 more
1065 1572 1131 1635 ‹ai-l

109 1656 223 1730 vitatis,
251 1654 356 1714 nnllam
377 1653 485 1715 hahent
506 1654 719 1730 diilicultatem,
751 1656 925 1731 cognitionis
945 1665 1009 1715 sunt
1030 1655 1104 1714 eninr

109 1756 168 1800 non
188 1739 374 1805 inventionis3
401 1745 519 1816 atquae
536 1738 731 1801 consultorum
745 1739 896 1818 responsis
912 1739 1103 1818 explicantur,

109 1832 158 1883 ant
172 1823 200 1881 in
214 1821 370 1883 verborum
391 1822 628 1900 interpretatione
644 1832 709 1882 sunt
725 1824 820 1900 posita
837 1823 928 1882 autin
949 1823 1021 1882 recti
1038 1838 1103 1900 pra·

111 1908 198 1986 vique
214 1906 387 1968 discrimine.
418 1904 483 1966 Vim
502 1907 641 1985 cuiusque
657 1908 741 1967 vocis
755 1907 939 1984 intelligere,
961 1915 1009 1968 ant
1026 1921 1102 1966 com·

108 2009 194 2051 mnne
209 1990 389 2070 prudentium
404 2000 449 2051 est
466 2000 514 2051 aut
529 1993 676 2071 proprium
693 1992 832 2061 oratoris;
848 1992 979 2069 aequitas
995 1991 1103 2069 optimo

111 2076 215 2154 cuique
231 2075 388 2134 notissima.
420 2073 483 2134 Nos
503 2091 592 2153 porro
613 2084 642 2135 et
660 2075 766 2135 bonum
781 2076 873 2134 virum
890 2084 919 2135 et
935 2075 1133 2153 prudentem8

109 2161 139 2219 in
161 2160 260 2238 primis
281 2168 426 2218 oratorem
447 2168 595 2237 putamus,
621 2160 669 2238 qui
689 2177 753 2219 cum
774 2177 807 2219 se
831 2157 867 2219 ad
887 2159 932 2234 id,
957 2158 1035 2237 quod
1058 2166 1104 2217 est

111 2245 247 2321 optimum
265 2251 381 2318 natura,
406 2242 562 2319 direxerit,
589 2260 648 2303 non
667 2258 845 2322 magnopere
866 2241 1103 2316 commovebitur,

111 2327 136 2386 si
157 2326 221 2404 quis
241 2325 277 2385 al)
298 2343 335 2386 eo
355 2326 504 2385 consultus
525 2327 693 2395 dissentiet;
716 2345 780 2387 cnm
803 2328 874 2405 ipsis
895 2326 953 2386 illis
974 2326 1103 2386 diversas

111 2412 234 2469 intense
251 2411 403 2488 opiniones
418 2410 493 2469 tueri
509 2425 681 2470 concessum
695 2412 741 2470 sit.
773 2411 832 2471 Sed
847 2411 947 2487 etiam,
964 2412 989 2470 si
1005 2425 1104 2483 nosse,

112 2494 179 2573 quid
202 2493 323 2571 quisque
345 2494 485 2569 senserit,
508 2494 604 2554 volet:
631 2493 765 2554 lectionis
786 2510 861 2573 opus
877 2504 937 2571 est,
962 2512 1019 2573 qua
1035 2491 1104 2553 nihil

112 2579 199 2638 estin
214 2578 315 2638 studiis
329 2578 420 2637 minus
436 2577 622 2637 laboriosum.
652 2578 763 2653 Quodsi
782 2579 932 2657 plerique,
951 2579 1133 2656 desperatae

111 2662 249 2723 facultate
272 2660 393 2738 agendi,
418 2662 636 2721 addiscendum
656 2663 700 2721 ius
721 2657 952 2724 declinaverunt:
975 2678 1060 2739 quam
1076 2659 1105 2719 id

112 2748 189 2806 scire
206 2745 294 2805 iacile
314 2754 360 2805 est
377 2748 505 2822 oratori,
525 2747 602 2825 qnod
619 2747 746 2820 discunt,
769 2749 817 2825 qui
837 2765 889 2806 sna
904 2763 1020 2823 qnoque
1036 2760 1104 2803 eon·

111 2830 241 2890 lessione
257 2838 390 2889 oratores
403 2847 471 2889 esse
485 2848 543 2889 non
560 2828 701 2909 possunt?
731 2829 839 2890 Vemm
854 2839 887 2907 et
897 2829 934 2888 ill.
951 2827 1024 2887 Cato
1041 2844 1106 2887 cnm

112 2915 141 2972 in
156 2912 279 2972 dicendo
294 2914 636 2992 pmestantissimustum
654 2915 724 2973 iuris
745 2914 820 2974 idem
836 2914 889 2973 init
905 2913 1104 2991 peritissimus,

113 3005 143 3055 et
158 2995 319 3056 Scaevolae
340 2998 502 3076 Servioque
519 2998 649 3077 Sulpicio
672 3014 814 3058 concessa
837 3006 882 3057 est
902 2997 986 3055 etiam
1008 2996 1105 3055 iacun·

112 3079 179 3140 diae
202 3080 301 3138 virtus.
338 3079 376 3141 Et
396 3079 433 3140 ll.
457 3080 568 3141 Tullius
589 3100 647 3141 non
671 3081 757 3141 modo
779 3082 853 3140 inter
875 3080 1016 3157 agendum
1037 3091 1148 3142 nun-10

113 3180 198 3242 qnam
209 3171 254 3222 est
270 3163 421 3224 destitutus
437 3166 557 3225 scientia
570 3168 640 3226 iuris
654 3164 705 3225 sed
721 3166 806 3225 etiam
817 3181 993 3241 componere
1010 3163 1105 3241 aliqua

111 3246 149 3305 de
168 3262 205 3305 eo
223 3257 379 3324 coepemt,
400 3259 431 3310 ut
444 3259 598 3329 appareat,
620 3266 710 3327 posse
727 3258 873 3309 oratorem
887 3264 946 3307 non
965 3246 1104 3308 discendo

112 3338 219 3389 tantum
242 3330 295 3388 iuri
311 3348 418 3392 vacare
439 3333 492 3394 sed
509 3335 594 3394 etiam
608 3332 753 3393 docendo.
778 3332 886 3392 Vemm
902 3349 953 3409 ea,
979 3349 1053 3410 quae
1069 3329 1105 3389 de
1114 3340 1145 3393 11

112 3413 241 3473 moribus
259 3414 429 3476 excolendis
450 3418 604 3495 studioque
619 3417 689 3475 iuris
704 3417 913 3495 praecipimus,
935 3434 972 3480 ne
988 3416 1052 3494 quis
1068 3428 1104 3471 eo

113 3497 213 3559 credat
227 3498 485 3578 reprehendenda,
507 3502 584 3581 quod
599 3500 705 3565 multos
721 3503 924 3579 cognovimns,
946 3500 995 3578 qui
1009 3495 1104 3558 taedio
