2434 3925
316 239 784 309 msr.onsrcn.uru.x11,11.
974 232 1036 292 277

45 398 143 457 imum
158 396 260 456 studiis
276 395 383 471 dicam,
407 396 474 473 qnid
490 396 589 455 attinet
605 405 663 455 tarn
677 396 773 456 multis
790 398 886 473 aunis,
909 417 992 478 quarn
1006 388 1051 460 in'

45 499 122 541 tore
139 489 185 540 est
199 479 384 558 plurimorum
399 481 445 556 (ut
460 478 496 539 de
512 479 567 555 bis,
584 496 601 538 a
617 479 719 557 quibus
734 498 836 557 magna
853 483 881 540 in
896 482 952 541 hoc
966 501 1034 561 pars

45 565 145 624 etatis
161 563 331 638 absumitur,
352 563 479 642 taceam)
498 562 683 622 declamitare
705 564 733 622 in
754 565 855 625 schola
878 575 907 624 et
929 575 1035 626 tantum

45 648 152 709 eboris
166 649 195 705 in
208 645 295 705 rebus
313 646 394 705 falsis
410 663 596 721 consumere,
620 664 683 706 cnm
698 651 767 706 satis
783 649 820 708 sit
833 647 947 708 modico
964 658 1033 708 tem·

48 748 114 791 ore
130 731 283 807 imaginem
297 731 360 790 reri
376 730 544 789 discriminis
560 738 590 788 et
605 729 718 790 dicendi
735 731 817 807 leges
835 731 1043 810 comperisse?

45 815 127 888 tuod
142 830 200 872 non
220 814 303 888 dico,
326 815 392 891 quia
412 810 449 872 sit
468 831 590 890 unquam
615 815 768 875 omittenda
785 815 899 875 dicendi
921 818 1076 889 exerui-16

45 900 128 974 atio,
151 897 204 957 sed
226 899 291 975 quia
314 914 371 955 non
388 897 417 955 in
439 914 494 956 nna
509 899 546 957 sit
563 897 625 957 eius
641 899 741 976 specie
758 900 1032 960 consenescendnm.
1137 906 1139 913 ’

45 979 233 1059 ¹cognoscere
255 989 285 1040 et
301 989 459 1059 praecepta
484 981 600 1041 uiuendi
625 983 794 1060 perdiscere
810 984 881 1042 etin
899 983 1033 1043 toronos

47 1066 170 1144 xperiri
192 1065 351 1143 potuimus,
378 1063 443 1124 dum
466 1064 632 1124 scholastici
655 1084 761 1125 sumus.
796 1066 935 1127 Discendi
960 1069 1032 1127 ratio

45 1150 120 1226 alis,
137 1158 169 1209 ut
184 1166 241 1208 non
254 1148 359 1208 multos
376 1166 466 1208 anuos
481 1156 593 1227 poscat.
623 1147 776 1222 Quaelibet
794 1151 868 1210 enim
884 1168 921 1210 ex
936 1152 972 1210 iis
988 1168 1033 1211 ar·

43 1234 133 1309 ibus,
155 1250 272 1310 quarum
295 1231 381 1292 habui
403 1234 592 1307 mentionem,
615 1233 644 1291 in
663 1238 776 1311 'pancos
798 1233 889 1294 libros
904 1233 1033 1294 contrabi

46 1317 132 1385 olet;
156 1317 230 1378 adeo
249 1325 368 1375 nonest
384 1316 491 1375 inlinitc
510 1318 604 1394 spatio
620 1332 654 1376 ac
669 1317 821 1377 traditione
838 1334 922 1396 opus.
954 1318 1032 1378 Reli·
1092 1328 1094 1331 ’

45 1419 94 1479 [ua
112 1410 168 1476 est,
185 1418 259 1479 quae
274 1401 353 1459 vires
369 1401 425 1459 cito
441 1399 526 1476 lacit,
544 1418 608 1459 curn
623 1399 703 1475 iecit,
720 1409 828 1477 tuetur,
841 1402 1030 1461 consuetudo.

45 1485 147 1544 lerum
169 1485 295 1560 cognitio
321 1483 427 1543 cotidie
451 1484 573 1559 crescit,
602 1493 632 1544 et
658 1493 753 1545 tamen
777 1503 861 1563 qnam
882 1485 1074 1548 multornmti

45 1569 71 1629 td
103 1586 168 1628 eam
189 1568 326 1628 librorum
351 1570 518 1639 necessaria
544 1568 633 1627 lectio
652 1576 714 1644 est,
742 1568 844 1647 quibus
869 1577 918 1629 ant
936 1587 1033 1629 rerum

45 1652 175 1730 exempla
201 1650 237 1711 ab
260 1650 407 1711 historicis
428 1660 476 1711 ant
496 1651 609 1712 dicendi
635 1651 670 1710 ab
696 1652 859 1715 oratoribus
879 1651 1033 1732 petuntur?

45 1735 281 1815 ihiloscphorum
292 1735 673 1814 quoque-consultorumque
689 1737 851 1815 opiniones,
866 1738 951 1796 sicuti
967 1736 1032 1811 alia,

45 1820 162 1879 relimus
178 1819 291 1896 legere,
306 1837 372 1896 nec,
389 1819 466 1896 quod
481 1819 595 1898 quidem
609 1828 718 1896 potest,
735 1821 838 1884 omnia.
868 1819 926 1880 Sed
941 1819 1032 1878 breve

45 1902 124 1963 tobis
142 1912 254 1981 tempus
271 1921 325 1963 nos
346 1903 475 1964 iacimus.
513 1901 683 1977 Quantulum
703 1905 777 1964 enim
792 1905 893 1964 studiis
908 1904 1032 1983 imparti-
1042 1913 1075 1967 18

45 1985 123 2047 nur?
155 1987 237 2047 Alias
254 1988 340 2048 lucras
357 2005 447 2047 vanus
463 1986 602 2047 salutandi
618 1987 712 2064 labor,
731 1989 802 2048 alias
818 1988 912 2049 datum
927 1987 1032 2047 tabulis

45 2073 145 2147 stium,
169 2072 240 2131 alias
263 2072 446 2151 spectacula,
472 2070 542 2130 alias
561 2072 691 2131 convivia
706 2071 828 2132 trabunt.
864 2070 967 2131 ddiice
990 2079 1033 2129 tot

45 2174 150 2233 ponera
165 2155 280 2216 ludendi
297 2165 326 2217 et
341 2156 469 2215 insanam
483 2156 615 2233 corporis
633 2173 743 2223 curam;
759 2155 852 2215 trahat
867 2154 933 2214 inde
947 2172 1048 2234 pere·-

45 2241 179 2317 qrinatic,
194 2258 276 2317 rura,
297 2240 473 2300 calculorum
489 2240 591 2299 anxiae
607 2240 826 2315 sollicitudines,
843 2239 949 2299 multae
966 2257 1032 2298 cau·

45 2342 90 2383 tae
110 2322 256 2383 libidinum
277 2333 307 2384 et
327 2325 422 2384 vinnm
444 2331 473 2382 et
493 2322 652 2399 flagitiosus
674 2325 749 2384 omni
769 2333 880 2401 genere
900 2322 1032 2401 volupta-

45 2426 97 2466 nm
112 2409 235 2475 animus;
259 2426 294 2467 ne
315 2426 350 2467 ea
366 2407 479 2486 quidem
492 2416 623 2484 tempora
638 2408 758 2483 idonea,
777 2425 850 2486 quae
866 2415 1031 2485 supersunt.

45 2489 123 2563 Quae
139 2492 163 2549 si
179 2492 271 2551 omnia
288 2492 387 2552 studiis
403 2491 651 2569 impenderentur:
675 2493 730 2550 iam
745 2491 829 2551 nobis
847 2491 933 2567 longa
949 2497 1074 2551 aetas19

45 2584 71 2633 et
94 2573 207 2635 abunde
228 2577 298 2634 satis
323 2575 359 2635 ad
381 2574 548 2636 discendum
569 2577 661 2653 spatia
684 2576 850 2635 viderentur
868 2575 918 2634 vel
933 2574 1032 2634 diurna

45 2667 147 2718 tautum
163 2659 392 2736 computantibus
406 2669 550 2737 tempora;
565 2668 596 2718 ut
611 2659 679 2718 nihil
695 2669 808 2734 noctes,
824 2675 941 2736 quarum
956 2656 1032 2720 bona

45 2759 109 2819 pars
125 2744 199 2801 omni
215 2760 315 2802 somno
333 2743 448 2819 longior
463 2752 517 2819 est,
533 2742 709 2803 adiuvarent.
738 2742 820 2802 Nunc
837 2749 1032 2819 computamus

45 2842 148 2901 annos,
167 2843 224 2885 non
239 2826 341 2904 quibus
357 2826 512 2885 studuimus
527 2827 580 2887 sed
595 2826 699 2906 quibus
715 2827 858 2885 viximus..
879 2823 942 2883 Nec
958 2830 1074 2884 veruto

45 2910 67 2967 si
82 2918 249 2986 geometrae
265 2919 294 2969 et
307 2911 482 2987 grammatici
498 2919 717 2987 ceterarumque
732 2910 831 2969 artium
846 2906 1032 2986 professores
1132 2921 1134 2934 ¹

45 3008 155 3053 ornnem
170 3011 249 3053 suam
263 2996 366 3069 vitam,
390 2993 547 3076 quamlibet
567 2993 654 3071 longa
669 2993 770 3069 fuerit,
788 2981 817 3051 in
832 2990 951 3068 singulis
966 2992 1031 3051 arti·

45 3074 97 3135 bns
123 3087 373 3156 consumpserunt,
403 3079 533 3156 sequitur
558 3086 589 3136 nt
614 3078 712 3156 plures
738 3076 874 3156 quasdam
899 3076 973 3134 vitas
996 3074 1032 3135 ad

45 3160 125 3235 plura
139 3161 276 3221 discenda
292 3162 499 3222 desideremus.
525 3160 629 3239 Neque
645 3161 719 3220 enim
734 3161 774 3221 illi
789 3160 948 3221 didicerunt
958 3159 1033 3219 haec

45 3261 135 3321 usqne
158 3247 185 3303 in
201 3254 380 3322 senectutem
401 3245 453 3305 sed
477 3263 512 3305 ea
534 3246 598 3305 sola
614 3245 750 3305 didicisse
772 3244 898 3304 contenti
918 3243 1033 3303 inerunt

46 3344 81 3384 ac
95 3336 136 3387 tot
150 3346 240 3389 annos
254 3330 283 3388 in
300 3330 406 3390 utendo
423 3347 479 3389 uon
496 3330 525 3388 iu
540 3328 731 3408 percipiendo
751 3327 955 3389 exhauserunt.

129 3410 318 3488 Ceterum,tut
333 3413 369 3472 de
380 3413 506 3473 Homero
519 3422 643 3486 taceam,
660 3412 688 3470 in
703 3429 759 3490 qno
774 3412 878 3471 nullius
893 3428 950 3470 non
965 3407 1074 3472 artistl

47 3502 93 3551 ant
109 3513 196 3574 opera
213 3497 345 3577 perfecta
360 3506 408 3557 aut
431 3505 511 3557 certe
527 3511 584 3554 non
599 3495 683 3555 dubia
698 3496 821 3574 vestigia
835 3496 1032 3575 reperiuntur;
