2434 3925
271 218 276 227 '
356 232 446 284 uror.
464 234 614 283 aaaron
629 234 698 283 me.
716 236 752 301 v,
770 233 811 286 ro.
1001 284 1002 287 ,
1026 223 1088 285 213

80 389 262 469 multiplex,
277 389 365 467 idque
388 399 433 450 est
448 394 679 466 argumentorum
694 407 786 466 genus
802 406 840 449 er
858 392 991 449 remoti
999 408 1087 468 oue,

83 492 147 555 quo
161 468 247 534 modo
263 474 388 533 eflicitur
403 482 492 536 totum
507 474 626 548 falsum,
649 472 734 532 modo
751 473 794 548 id,
812 474 890 551 quod
904 474 1086 552 relinquitur,

80 577 197 619 verum.
236 557 338 617 Totum
353 557 456 617 falsum
472 557 589 617 esthon
605 556 708 632 modo,
733 556 901 618 Pecuniam
915 560 1087 621 credidisse

82 654 117 707 te
138 643 238 711 dieis,-
258 649 312 703 uut
328 642 461 702 habuisti
474 632 540 720 ipsb
553 648 608 703 aut
623 642 663 702 ab
678 642 780 718 aliquo
795 643 946 720 accepisti
971 651 1025 703 aut
1041 645 1086 705 in-

81 728 197 790 vertisti
216 733 270 787 aut
293 727 479 803 surripuisti.
520 724 557 785 Si
574 740 673 803 neque
688 725 770 786 domi
783 726 917 787 habuisti
932 742 1031 803 neque
1046 728 1086 789 ab

2 824 3 855 ³
83 811 192 888 aliquo
202 810 351 888 accepisti
361 829 418 869 nec
429 816 551 871 cetera:
562 828 623 870 nan
635 809 804 870 credidisti.
830 807 982 887 Reliquum
994 811 1024 868 lit
1035 829 1086 869 ve·

2 920 3 947 ι
82 911 149 954 rum
161 896 220 967 sic,
236 891 295 953 Hic
306 910 424 963 serens,
442 909 529 970 quem
544 894 601 954 tibi
614 894 767 970 vindicas,
784 899 838 954 aut
848 911 946 954 cerna
963 902 1032 953 tuus
1044 905 1129 962 esitii

2 1038 3 1057 ,
83 985 143 1039 aut
162 986 278 1055 emptus
308 983 362 1038 aut
382 977 511 1037 donatus
535 984 591 1037 ant
616 984 791 1038 testamento
817 977 943 1037 relictus
967 985 1023 1036 aut
1046 999 1088 1038 ec

2 1068 3 1137 ζ
84 1062 171 1124 basta
182 1069 292 1139 captus
303 1061 506 1130 antolianum
524 1059 628 1119 deiude
646 1063 764 1119 remotis
777 1060 920 1138 prioribus
940 1064 1086 1137 supererit

2 1168 4 1197 1
85 1147 216 1207 alienus.
246 1143 443 1203 Periculosum
460 1152 490 1203 et
506 1162 570 1203 curu
586 1162 654 1204 cura
666 1144 830 1204 intuendum
845 1162 949 1221 genus,
966 1146 1043 1222 quia,
1060 1147 1085 1204 si
1195 1160 1204 1177 “

2 1256 4 1299 u
86 1232 115 1290 iu
131 1228 320 1307 proponendo
338 1246 423 1287 uuum
438 1228 588 1306 quodlibet
604 1230 794 1304 omiserimus,
813 1246 876 1287 curu
891 1230 950 1287 risu
969 1245 1085 1306 quoque

2 1306 3 1339 ³
84 1323 148 1376 tota
167 1331 215 1373 res
237 1311 367 1371 solvitur.
413 1310 529 1388 Tutius,
553 1313 630 1390 quod
654 1310 758 1371 Cicero
784 1329 837 1390 pro
861 1310 985 1372 Caecina
1004 1312 1129 1387 facitne

2 1464 4 1469 ,
86 1416 153 1459 curu
167 1400 337 1472 interrogat,
356 1394 392 1456 Si
409 1397 487 1457 baec
501 1398 582 1457 actio
596 1415 657 1458 non
668 1398 724 1472 sit,
741 1411 820 1474 puae
834 1398 896 1457 sit?
910 1395 994 1455 simul
1010 1398 1084 1456 euim

2 1472 4 1515 t
85 1490 272 1542 removentur
292 1482 395 1539 omnia.
441 1479 498 1539 Vel
519 1497 582 1539 eum
604 1481 661 1541 duo
689 1489 833 1558 ponentur
856 1483 932 1540 iuter
956 1498 989 1539 εε
1015 1498 1084 1539 eou-

84 1567 190 1638 truria,
214 1581 334 1642 quorum
351 1564 480 1623 tenuisse
493 1562 660 1625 utrumlibet
678 1564 812 1638 sufficiat,
829 1564 915 1641 quale
934 1562 1085 1623 Ciceronis

85 1657 144 1722 εει,
163 1646 260 1708 Unum
277 1648 397 1725 quidem
412 1656 509 1723 certe,
529 1667 617 1710 nemo
633 1649 690 1709 erit
708 1656 769 1708 tam
783 1648 925 1708 iuimicus
938 1647 1084 1723 Cluentio,

2 1790 4 1811 ,
84 1734 140 1812 pai
154 1734 301 1794 miluinam
319 1732 486 1803 concedam
502 1733 530 1791 si
544 1741 659 1793 constet
673 1741 848 1809 corruptum
862 1732 939 1792 illud
954 1751 1020 1792 esse
1036 1734 1084 1792 im

2 1824 4 1847 ³
83 1818 212 1893 dicium,
228 1824 283 1878 aut
310 1817 349 1877 ab
366 1814 475 1877 Habito
489 1823 544 1876 aut
561 1816 600 1876 ab
619 1812 788 1895 Oppianico
803 1834 870 1875 esse
890 1823 1085 1893 corrupturus

82 1904 114 1964 ri
128 1902 223 1963 doceo
236 1920 295 1963 nou
316 1900 356 1964 ab
372 1898 500 1975 Habito,
521 1900 610 1960 niueo
634 1902 675 1961 ab
701 1896 891 1978 Oppianico,·
911 1900 940 1959 si
960 1900 1085 1960 ostendo

83 1987 127 2048 ab
145 1983 331 2064 Oppianico,
350 2003 450 2063 purpo
468 1981 623 2045 Habitum.
654 1982 699 2043 Fit
715 1986 801 2045 etiam
815 2001 852 2041 ex
869 1982 998 2058 duobus,
1016 1991 1127 2060 quo-69

83 2088 148 2130 rum
169 2086 295 2129 necesse
317 2077 362 2128 est
387 2068 508 2128 alterum
530 2085 647 2142 verum,
672 2067 798 2145 eligendi
815 2066 981 2126 adversario
1000 2075 1084 2145 pote·

84 2161 159 2228 etas,
177 2153 375 2230 efficiturque,
392 2161 440 2227 ut,
461 2160 554 2210 utrum
570 2152 711 2228 elegerit,
727 2159 841 2221 noceat.
872 2149 953 2210 Facit
968 2150 1024 2210 hoc
1038 2150 1084 2211 Oi·

84 2254 157 2297 cero
176 2254 230 2315 pro
246 2235 358 2313 Oppio:
383 2234 504 2311 Utrum,
527 2255 595 2296 cum
612 2234 726 2298 Cottam
749 2237 928 2314 appetisset,
951 2254 992 2296 an
1017 2255 1085 2296 cnm

82 2323 154 2400 ipse
170 2340 238 2382 sese
261 2327 426 2381 conaretur
447 2320 608 2395 occidere,
631 2323 722 2381 telum
743 2340 760 2380 e
779 2320 920 2380 manibus
948 2330 1085 2398 ereptum

85 2407 154 2466 eet?
172 2413 200 2463 et
215 2421 268 2482 pro
287 2403 421 2464 Vareno:
444 2401 531 2482 Optio
545 2405 631 2465 nabis
648 2406 756 2479 datur,
779 2412 880 2465 utrum
894 2405 992 2464 velitis
1008 2422 1084 2464 casu

85 2489 138 2549 ttto
152 2490 261 2549 itinere
281 2486 434 2549 Varenum
453 2507 540 2549 nsum
561 2506 628 2548 esse
649 2508 691 2550 an
712 2488 802 2549 buius
821 2506 976 2566 parmasu
993 2495 1021 2547 et
1034 2488 1083 2546 in·

87 2572 192 2633 ductu.
223 2572 336 2631 Deinde
360 2580 481 2649 utraque
502 2572 571 2631 fucit
593 2573 756 2631 accusatori
779 2572 931 2631 contraria.
968 2571 1127 2631 loterim'to

86 2654 143 2715 buo
167 2657 206 2714 ita
229 2664 444 2733 proponuntur,
476 2664 507 2714 ut
537 2654 702 2714 utrumlibet
723 2656 846 2715 electum
866 2655 941 2714 idern
965 2655 1082 2728 efficiat,

2 2817 3 2820 Ἴ
87 2739 173 2817 quale
189 2748 243 2814 est,
260 2739 534 2816 Pbilosopbamdum
548 2747 602 2814 est,
619 2741 804 2801 etiamsinon
816 2740 1084 2816 estpbitasapban·

2 2823 4 2894 ἶ
88 2823 170 2883 dum.
202 2823 240 2882 ltu
261 2823 331 2882 illud
346 2823 503 2898 vulgatum,
522 2820 587 2894 Quo
600 2823 735 2898 schema,
751 2825 780 2884 si
793 2823 992 2901 intellipitur?
1015 2839 1084 2898 quo,

2 2903 3 2966 ζ
85 2908 115 2967 εἰ
128 2926 188 2967 nou
203 2908 401 2986 intellipitur?
430 2905 483 2981 Et,
506 2903 670 2966 Mentietur
688 2908 721 2966 in
738 2908 907 2981 tormentis,
934 2907 986 2983 qui
1002 2907 1084 2988 dalo-

85 3008 153 3051 rem
165 2992 233 3068 pati
243 2999 360 3068 potest,·
375 2993 545 3065 mentietur,
564 2992 617 3074 qui
630 3009 689 3050 nou
701 2997 809 3067 potest.

172 3073 210 3133 tu
227 3083 291 3133 suut
306 3084 400 3133 autem
415 3076 468 3134 tria
484 3083 631 3152 tempora:
646 3074 684 3133 ita
702 3073 792 3132 ordo
809 3090 905 3131 rerum
919 3072 1011 3131 tribue
1022 3081 1124 3139 tuo-71

86 3159 190 3216 mentia
209 3167 359 3217 consertus
376 3167 434 3226 est;
452 3157 557 3217 habeut
573 3159 647 3215 euim
663 3159 756 3216 omniu
777 3158 937 3231 initium,
960 3160 1082 3216 iocre·

86 3249 262 3316 mentum,
280 3259 462 3316 summam,
484 3250 514 3300 ut
530 3242 652 3317 iurgium
669 3240 772 3300 deiude
789 3241 894 3300 caedes
913 3249 942 3298 et
958 3251 1081 3317 strages.

87 3324 143 3385 Εει
166 3343 238 3402 ergo
260 3325 307 3385 hio
326 3341 442 3403 quoque
465 3333 697 3401 argumentorum
719 3325 802 3383 locus
823 3327 945 3383 inuicem
960 3324 1083 3403 probau-

87 3410 167 3467 tium.
201 3407 272 3468 Nam
294 3417 323 3467 et
341 3427 377 3467 ex
394 3409 480 3467 initiis
504 3426 612 3467 summu
637 3408 801 3484 colligitur,
829 3408 915 3487 quale
937 3418 997 3482 est,
1018 3406 1084 3466 Non

84 3509 212 3572 possum
227 3502 327 3572 tapam
340 3500 536 3572 praetectum
549 3510 697 3571 sperare,
714 3512 781 3553 cum
797 3494 956 3556 exordium
967 3492 1083 3570 pultum
