2434 3925
320 232 409 281 nisu.
423 231 571 281 onnnon.
585 230 761 299 emuna
827 276 830 281 .
925 251 930 260 ·
979 217 1041 280 259
1114 253 1118 261 -

132 386 205 448 llam
221 395 252 446 et
265 403 319 465 per
334 393 437 463 totam,
461 395 492 445 ut
506 385 646 462 diximus,
673 405 788 446 eausam
810 386 893 446 loeus
916 395 961 446 est
987 387 1041 448 al-

35 476 53 535 i
60 493 83 533 e
93 471 235 547 etibus,
252 479 281 529 et
298 487 397 528 eorum
412 487 469 530 non
486 471 610 548 simplex
624 479 723 530 natura
738 489 794 529 neo
809 472 836 529 in
852 473 970 531 transitu
986 481 1042 532 tra·

36 555 163 630 etanda,
180 572 238 632 quo
249 553 318 613 nihil
335 553 441 613 alierre
456 555 545 614 maius
555 556 600 613 vis
616 554 715 613 orandi
727 561 835 632 potest.
860 554 932 614 Nam
945 563 1071 621 ceterae

36 641 171 701 forsitan
188 638 281 697 tenuis
298 655 414 715 quoque
430 647 460 697 et
474 647 594 715 angusta
612 638 718 714 ingenii
734 655 826 713 vena,
848 640 873 697 si
893 639 977 698 modo
994 639 1043 699 vel

37 724 181 785 doctriua
201 721 250 780 uel
271 731 325 779 usu
342 723 378 780 sit
394 716 504 797 adiuta,
524 739 668 798 generare
689 729 776 797 atque
800 721 836 781 ad
855 722 968 798 frugem
992 722 1043 783 ali·

38 825 135 887 quam
156 805 321 884 perducere
343 814 443 882 queat;
466 814 548 864 uerte
569 814 635 864 suut
656 818 831 883 semperque
850 806 965 864 fuerunt
986 822 1044 864 nou

37 908 151 970 parum
169 888 266 962 multi,
297 889 345 965 qui
370 889 440 947 satis
467 890 580 967 perite,
609 906 684 967 quae
706 897 806 947 esseut
826 887 1043 966 probationibus

37 974 141 1047 utilia,
156 973 330 1050 reperirent.
367 970 448 1045 Quos
471 973 676 1049 equidemnon
692 980 861 1047 contemno,
877 972 929 1031 sed
944 972 1041 1031 haete-

37 1076 102 1118 nus
118 1056 205 1115 utiles
226 1055 332 1130 eredo,
355 1073 392 1113 ne
413 1052 479 1133 quid
502 1074 556 1134 per
573 1072 626 1115 eos
641 1055 727 1115 iudici
742 1057 780 1115 sit
796 1056 938 1132 ignotum,
955 1065 1042 1134 atque

40 1142 98 1219 (ιιι
114 1139 217 1215 dicam,
234 1140 311 1216 quod
331 1140 441 1218 sentio)
457 1139 575 1216 dignus,
593 1157 609 1198 a
626 1138 728 1217 quibus
747 1157 861 1198 eausam
875 1139 974 1199 diserti
991 1139 1041 1199 do·

39 1232 200 1291 serentum
224 1223 272 1300 qui
291 1239 365 1281 uero
387 1223 509 1282 iudicem
529 1241 635 1301 rapere
651 1231 696 1298 et,
718 1224 747 1281 in
762 1241 846 1300 quem
859 1223 950 1283 vellet
963 1223 1041 1282 babi-

38 1318 108 1368 ιιιιιι
123 1307 216 1381 animi,
231 1314 333 1384 posset
346 1306 519 1384 perducere,
536 1324 592 1384 quo
611 1307 688 1367 dioto
707 1307 847 1382 flendum,
863 1307 1042 1366 irascendum

41 1399 147 1466 esset,
165 1407 247 1448 rarus
265 1388 327 1447 luit.
357 1388 444 1467 Atqui
460 1389 517 1450 boe
531 1400 586 1466 est,
603 1391 680 1467 quod
696 1391 855 1450 dominetur
869 1392 897 1449 in
918 1390 1071 1464 iudiciis,4

39 1476 124 1536 bueo
146 1473 339 1551 eloquentiam
359 1482 473 1551 regunt.
521 1473 652 1552 Namque
681 1481 847 1550 argumente
872 1474 1042 1552 plerumque

40 1567 205 1619 naseuntur
219 1574 258 1615 ex
273 1574 370 1630 cause,
387 1566 416 1616 et
430 1574 484 1635 pro
499 1558 621 1617 meliore
637 1566 719 1636 parte
735 1557 819 1635 plura
835 1567 899 1617 suut
915 1575 1040 1636 semper,

41 1652 98 1718 ut,
122 1642 169 1719 qui
184 1658 238 1718 per
254 1640 327 1699 haee
346 1640 431 1717 vicit,
453 1649 560 1700 tuntum
581 1658 640 1700 non
659 1641 787 1701 defuisse
804 1640 858 1700 sibi
873 1641 1041 1701 advocatum

42 1727 133 1787 seint.
163 1724 217 1784 Ubi
232 1740 304 1783 vero
320 1725 418 1782 animis
433 1723 557 1783 iudicum
570 1726 615 1782 vis
636 1725 782 1784 afferenda
801 1733 861 1800 est,
884 1733 912 1784 et
928 1724 963 1784 ab
979 1726 1070 1801 ipsa5

41 1810 114 1870 veri
133 1808 375 1886 contemplatione
390 1807 557 1868 abducenda
571 1826 667 1867 mens:
691 1808 731 1867 ibi
751 1809 897 1885 proprium
918 1809 1042 1867 oratoris

44 1910 124 1974 opus
140 1901 195 1952 est.
225 1890 287 1951 lloe
301 1909 358 1951 non
377 1892 465 1951 docet
480 1888 624 1969 litigator,
645 1891 702 1951 hoe
719 1890 826 1960 libellis
841 1908 898 1949 nun
915 1893 1042 1950 eontine-

44 1988 106 2039 tur.
136 1976 325 2037 l’robutiones
337 1978 414 2035 enim
430 1976 556 2035 efficiant
569 1993 655 2052 sane,
671 1985 701 2034 ιιι
716 1993 830 2034 eausam
843 1983 968 2035 nostram
982 1992 1041 2033 me·

45 2063 154 2122 liorem
174 2079 241 2119 esse
261 2061 371 2121 iudices
385 2068 501 2138 putent,
522 2059 643 2119 allectus
660 2068 822 2138 praestant,
848 2068 878 2117 ut
894 2061 977 2118 etiam
991 2076 1041 2117 ve·

46 2146 118 2212 lint;
133 2144 187 2204 sed
198 2143 242 2220 id,
261 2144 337 2222 quod
350 2143 466 2218 volunt,
484 2143 604 2202 credunt
623 2160 748 2221 quoque.
782 2143 853 2202 Nam
868 2160 931 2202 eum
944 2143 1070 2216 irasci,6

46 2229 162 2302 iuuere,
180 2227 289 2303 odisse,
303 2229 435 2286 misereri
452 2236 626 2305 coeperunt:
642 2227 689 2304 agi
704 2229 758 2286 ium
772 2245 834 2285 rem
849 2243 928 2287 suam
944 2227 1041 2285 existi·

47 2319 143 2377 mant;
160 2319 204 2384 et,
221 2312 295 2369 sieut
313 2320 439 2370 amantes
455 2311 491 2370 de
505 2311 597 2369 iorma
611 2310 737 2370 iudicare
754 2328 811 2369 nou
829 2319 959 2389 possunt,
976 2311 1041 2387 quia

46 2412 168 2454 sensnm
178 2394 328 2453 erulorum
342 2395 483 2472 praeeipit
499 2396 623 2453 animus:
636 2396 674 2453 ita
686 2412 797 2453 omnem
808 2396 937 2453 veritatis
951 2395 1040 2471 inqui-

47 2477 158 2536 rendae
181 2479 321 2536 rationem
342 2478 429 2536 iudex
456 2479 557 2537 omittit
583 2487 741 2556 oeeupatus
763 2477 928 2545 edentibus;
959 2486 1039 2536 aestu

47 2561 143 2621 fertur
156 2569 187 2619 et
200 2560 281 2619 velut
295 2560 396 2638 rapido
415 2561 521 2620 flumini
547 2559 725 2639 obsequitur.
759 2561 801 2621 lta
822 2564 1067 2637 argumentanti
1118 2589 1125 2614 t

46 2652 144 2703 testes
164 2644 231 2721 quid
251 2646 379 2720 egerint,
399 2646 591 2722 pronuntiatio
607 2644 745 2711 ostendit:
769 2653 928 2703 commotus
948 2652 1041 2702 autem

48 2727 87 2788 ab
109 2736 228 2787 oratore
242 2727 344 2802 iudex,
367 2728 434 2804 quid
450 2729 570 2803 sentiat,
592 2728 697 2787 sedens
713 2728 805 2786 adhue
823 2737 908 2804 atque
924 2726 1041 2785 audieus

48 2811 214 2871 eoulitetur.
248 2808 310 2885 An,
335 2828 397 2870 eum
413 2811 463 2892 ille
469 2829 545 2888 ,qur
539 2810 709 2889 plerisque
724 2811 954 2889 perorationibus
968 2811 1040 2886 peti·

49 2904 115 2968 tur,
131 2894 216 2953 lletus
234 2896 370 2972 erumpit,
385 2887 441 2952 non
457 2894 551 2972 palam
566 2895 641 2954 dieta
655 2896 795 2953 sententia
817 2891 881 2952 est?
910 2892 996 2965 Huc
988 2894 1039 2968 ugi-

48 2988 97 3038 tur
111 2977 255 3037 inemnbut
270 2987 383 3053 oretur,
407 2977 463 3036 boe
478 2995 551 3056 opus
569 2979 648 3053 eius,
666 2978 713 3037 bie
728 2976 811 3037 labor
827 2985 888 3050 est,
905 2979 1040 3054 sineque

49 3070 152 3121 cetera
170 3061 282 3135 nuda,
272 3064 377 3137 ieiuna,
393 3061 512 3137 infirma,
527 3063 638 3160 ingrata
657 3063 727 3128 sint;
744 3059 817 3119 adeo
830 3060 911 3118 velut
924 3062 1040 3138 spiritus

50 3145 151 3224 operis
163 3144 247 3203 buius
263 3154 350 3221 atque
362 3146 468 3205 anbnus
486 3154 531 3204 est
550 3146 578 3204 iu
593 3144 753 3204 affectibus.

134 3228 241 3288 Horum
255 3237 359 3303 antem,
376 3230 450 3287 sieut
465 3230 618 3327 antiquitus
633 3227 763 3287 traditum
774 3227 948 3304 accepimns,
966 3226 1067 3287 duae&

51 3320 117 3372 sunt
140 3312 273 3389 speeies:
297 3312 415 3371 alteram
433 3310 536 3372 Graeci
549 3305 649 3382 πάθος
662 3320 783 3386 vorant,
808 3310 899 3409 quod
901 3326 954 3369 nos
975 3328 1039 3369 uer·

38 3404 146 3455 tentes
162 3404 243 3454 reete
257 3412 292 3453 ae
305 3396 424 3473 proprie
438 3395 581 3477 affectum
595 3396 728 3469 dicimus,
745 3395 863 3454 alteram
878 3381 971 3470 ἦθος,
992 3411 1040 3452 eu·

52 3478 96 3539 ius
116 3479 246 3555 nomine,
267 3487 298 3537 ut
319 3494 375 3553 epo
395 3479 508 3554 quidem
529 3481 643 3546 sentio.
664 3487 744 3539 earet
767 3494 861 3538 some
881 3476 1039 3545 Rornanus3

818 3557 878 3620 17*
