2434 3925
173 187 234 247 212
487 197 849 257 nuncuparemur

130 366 164 418 16
172 365 200 414 et
217 354 296 413 clara
316 363 346 413 ει
360 353 473 412 obtusa.
506 352 632 430 Spiritus
645 352 729 411 etiam
750 351 866 428 longior
882 351 1083 432 breviorque.
1128 358 1190 419 Nec

171 456 284 513 causas,
300 455 352 496 cur
366 436 492 514 quidque
507 453 606 494 eorum
621 435 742 510 accidat,
759 437 897 514 persequi
912 442 1080 516 proposito
1104 445 1189 521 open'

170 523 364 581 necessarium
380 529 440 580 est:
463 536 600 579 eorumne
616 522 653 578 sit
669 519 849 596 differentia,
869 521 1018 599 inquibus
1037 543 1125 586 aura
1143 528 1185 588 illa

170 607 346 683 concipitur,
363 622 399 665 an
416 620 525 678 eorum,
544 621 597 681 per
612 621 687 681 quae
702 603 782 663 velut
795 621 904 680 organa
918 614 1012 674 meat;
1029 609 1103 686 ipsi
1124 628 1183 689 pro

170 692 232 768 pria
247 698 362 763 natura,
386 707 422 747 an
437 697 523 765 prout
538 697 683 754 movetur;
703 687 801 747 lateris
819 690 985 766 pectorisve
1002 690 1142 754 lirmitas
1157 713 1183 754 ar

170 774 271 850 capitis
289 773 374 832 etiarn
389 771 455 848 plus
477 770 600 830 adiuvet.
632 768 705 829 Nam
721 787 795 848 opus
811 781 856 831 est
878 772 1009 832 omnibus
1025 777 1120 837 sicut
1134 796 1183 838 non

169 860 228 915 oris
243 855 328 916 modo
349 857 489 915 suavitate
505 855 558 914 sed
575 856 683 914 narium
698 872 832 933 quoque,
850 852 1007 933 per'quas,
1028 863 1125 936 quod
1143 881 1182 921 sn·

169 950 268 1018 perest
283 941 381 1015 vocis,
398 940 535 1015 egeritur.
568 938 669 999 Dulcis
684 957 753 998 esse
766 948 860 998 tannen
881 940 968 1000 debet
983 958 1046 1000 nou
1073 964 1182 1024 expro-

128 1025 252 1088 llbrans
276 1041 374 1083 sonus.
414 1021 657 1083 Utendivoce
678 1022 829 1100 multiplex
844 1025 927 1083 ratio.
962 1023 1036 1084 Nam
1057 1039 1182 1104 praeter

169 1108 246 1168 illam
260 1108 457 1181 differentiam,
474 1124 548 1184 quae
566 1116 612 1165 est
625 1108 778 1185 tripertita,
795 1117 914 1183 acutae,
930 1110 1041 1184 gravis,
1063 1111 1181 1181 flexam

167 1202 224 1251 turn
240 1192 372 1267 intentis,
394 1200 453 1250 tum
470 1192 618 1264 remissis,
642 1200 700 1249 tum
712 1189 812 1267 elatis,
834 1200 893 1251 tum
908 1192 1109 1255 inferioribus
1126 1214 1180 1256 mo

126 1277 210 1339 18dis
226 1293 299 1353 opus
313 1284 376 1350 est,
399 1276 499 1352 spatiis
516 1290 631 1352 quoque
648 1274 816 1334 lentioribus
828 1284 877 1334 aut
893 1275 1094 1339 citatioribus.
1126 1281 1180 1342 Sed

165 1360 210 1419 lris
225 1361 295 1438 ipsis
311 1360 404 1419 media
419 1359 588 1418 interiacent
603 1358 705 1425 multa3
729 1368 757 1418 et
778 1368 808 1418 ut
823 1359 930 1435 iacies,
952 1377 1131 1438 quanquam
1148 1384 1180 1425 er

166 1444 349 1522 paucissimis
371 1451 499 1517 constat,
529 1443 666 1502 infinitam
685 1442 773 1502 babet
794 1443 1001 1503 differentiam:
1031 1445 1079 1505 ita
1110 1467 1179 1522 vox,

166 1528 222 1586 etri
242 1544 368 1605 paucas,
391 1545 465 1604 quae
482 1527 621 1586 nominari
642 1528 771 1605 possint,
799 1529 926 1587 continet
941 1528 1084 1606 species,
1112 1551 1178 1610 pro·

165 1612 227 1686 pria
242 1613 346 1689 cuique
362 1619 423 1685 est,
449 1619 479 1670 et
493 1627 550 1669 nou
565 1610 640 1669 haec
661 1612 752 1670 minus
773 1610 891 1671 auribus
908 1630 991 1690 quam
1006 1613 1111 1674 oculis
1131 1617 1178 1676 illa

166 1695 352 1772 dignoscitur.
465 1726 468 1732 .

124 1780 158 1834 19
248 1779 400 1856 Angenior
424 1787 519 1838 autern
543 1780 617 1837 sient
638 1779 761 1839 omniurn
785 1780 927 1838 ita-vocis
952 1797 1074 1859 quoque
1098 1783 1174 1843 bona

166 1880 266 1938 cura,
290 1862 466 1940 negligentia
481 1865 650 1922 minuuntur.
683 1863 742 1923 Sed
757 1880 826 1922 cura
841 1881 899 1923 non
923 1863 1026 1924 eadem
1046 1868 1173 1928 oratori·

165 1946 218 2007 bns
232 1965 305 2025 quae
321 1946 476 2025 phonascis
489 1948 637 2014 convenit:
656 1955 750 2008 tamen
765 1947 852 2007 multa
863 1956 928 2007 sunt
944 1948 1079 2026 utrisque
1097 1970 1171 2011 conr·

164 2033 273 2105 munia,
299 2031 416 2091 lirmitas
439 2033 588 2109 corporis,
611 2049 649 2090 ne
671 2031 707 2091 ad
730 2032 888 2109 spadonum
915 2041 945 2091 et
965 2032 1123 2095 mulierum
1146 2044 1172 2095 et

165 2132 318 2192 aegrorum
348 2115 504 2174 exilitatem
523 2131 582 2174 vox
603 2124 702 2174 nostra
720 2123 870 2183 tenuetur
901 2116 977 2194 quod
1000 2115 1169 2192 ambulatio,

165 2200 280 2273 unctio,
301 2200 417 2258 veneris
439 2198 628 2274 abstinentia,
650 2198 745 2258 lacills
766 2198 895 2258 ciborum
909 2200 1054 2277 digestio,
1082 2202 1170 2261 idest
1207 2219 1208 2228 ¹

122 2281 332 2358 refragatius,
357 2292 494 2362 praestat.
535 2282 691 2342 Praeterea
716 2291 747 2341 ut
767 2285 824 2342 sint
847 2283 947 2343 fauces
968 2285 1169 2361 integrae,id

164 2374 210 2424 est
227 2366 332 2425 molles
349 2384 384 2426 nc
401 2367 500 2442 leves,
524 2384 642 2444 quarum
657 2367 727 2425 vitio
746 2376 775 2426 ει
789 2367 931 2444 frangitur
946 2376 976 2427 et
996 2368 1170 2430 obscuratur

164 2458 193 2508 et
216 2459 405 2528 exasperatur
428 2460 457 2510 et
474 2451 612 2510 scinditur
631 2466 699 2509 vox.
732 2450 803 2510 Nam
826 2460 857 2509 ut
874 2451 961 2511 tibiae
985 2452 1092 2512 eodem
1113 2455 1167 2532 spi

163 2534 218 2592 ritu
247 2543 369 2612 accepto
394 2534 478 2593 alium
500 2535 607 2594 clausis
631 2534 715 2594 alium
740 2537 849 2612 apertis
872 2535 1061 2595 foraminibus
1085 2537 1165 2598 aliun

163 2633 220 2677 non
235 2618 305 2676 satis
321 2627 461 2696 purgatae
482 2619 569 2678 alium
586 2636 711 2696 quassae
727 2633 828 2678 sonum
842 2618 982 2680 reddunt:
1004 2622 1045 2679 ita
1067 2620 1165 2681 lances

163 2710 305 2761 tumentes
327 2702 504 2779 strangulant
525 2719 649 2778 vocem,
677 2702 797 2762 obtusae
821 2702 993 2779 obscurant,
1017 2722 1106 2765 rasae
1121 2723 1163 2765 en

121 2793 316 2863 blasperant,
348 2786 505 2845 convulsae
528 2785 631 2846 iractis
654 2795 719 2845 sunt
744 2788 860 2863 organis
883 2789 1002 2847 similes.
1039 2786 1166 2849 Finditur

164 2872 249 2928 etiam
267 2871 384 2947 spiritus
401 2869 516 2929 obiectu
532 2870 628 2948 aliquo
644 2871 719 2929 sieut
734 2870 835 2949 lapillo
851 2880 952 2931 tenues
968 2888 1079 2949 aquae,
1100 2890 1164 2951 qua·

137 2961 226 3013 *rum
244 2953 336 3013 durus
352 2954 464 3013 etiarnsi
483 2952 558 3013 ultra
573 2954 687 3032 paulum
702 2956 776 3030 coit,
798 2955 905 3033 aliquid
925 2964 1021 3014 tamen
1038 2959 1104 3015 cavi
1123 2975 1164 3016 re·

166 3036 268 3114 linquit
278 3047 345 3115 post
360 3038 388 3105 id
402 3038 505 3116 ipsum,
523 3038 600 3116 quod
616 3037 784 3100 offenderat.
809 3038 917 3098 llnmor
931 3057 1050 3118 quoque
1064 3057 1164 3100 vocen

164 3129 211 3178 εει
232 3121 473 3198 nimius-impedit
494 3130 541 3181 aut
564 3131 750 3200 consumptus
770 3123 909 3186 destituit.
943 3122 1016 3183 Nam
1035 3122 1163 3202 fatigatio

162 3212 194 3261 ot
209 3219 333 3279 corpora
350 3221 408 3263 non
426 3205 618 3283 adpraesens
634 3206 719 3266 modo
735 3206 917 3285 tempussed
938 3209 1024 3267 etiam
1043 3208 1072 3266 in
1093 3208 1162 3268 intr·

120 3297 223 3350 aarum
247 3286 344 3346 allicit.
375 3288 435 3347 Sed
456 3297 487 3348 ut
508 3291 694 3349 communiter
715 3300 746 3350 et
769 3290 923 3368 phonascis
946 3300 977 3350 et
1000 3292 1162 3352 oratoribus

162 3372 328 3429 necessaria
350 3373 536 3448 exercitatio,
566 3391 622 3450 qna
647 3375 741 3434 omnia
763 3374 986 3435 convalescunt:
1019 3375 1058 3435 ita
1079 3393 1162 3435 curae

162 3471 220 3515 non
239 3454 314 3513 idem
337 3472 429 3531 genos
451 3465 504 3515 est.
545 3456 618 3516 Nam
632 3475 726 3535 neque
742 3467 822 3519 certa
838 3468 968 3537 tempora
989 3457 1026 3518 ad
1040 3461 1161 3538 spatian-
