2434 3925
149 260 210 326 230
462 280 498 327 n.
514 279 827 339 rnncmrrmnrnur

147 433 262 494 tundam
278 439 346 493 esse
360 442 389 494 et
410 443 478 513 apte
494 451 609 494 caesam
623 431 726 508 velim,
749 432 833 493 aliter
848 433 923 492 enim
937 433 1034 492 multis
1051 437 1159 496 modis

147 517 197 577 flet
212 518 345 576 enormis.
380 517 450 578 Pars
465 518 527 577 eius
547 518 629 596 prior
648 517 750 577 mediis
773 516 904 576 cruribus
920 518 1028 594 optime
1047 521 1157 579 termi-

93 610 244 675 ltonatur,
267 604 414 679 posterior
430 601 532 661 eadem
548 601 682 679 portione
705 600 788 665 altius
810 618 865 679 qua
887 601 1025 659 cinctura.
1059 597 1156 662 Sinus

148 685 385 760 decentissimus,
411 686 435 743 si
459 683 605 764 aliquanto
626 701 713 762 supra
733 684 815 744 imam
838 692 934 761 togam
949 683 1051 753 luerit:
1074 703 1154 746 nun·

148 786 231 847 quam
247 777 327 827 certe
342 770 378 829 sit
392 768 521 829 inlerior.
547 768 618 841 llle,
645 768 692 846 qui
709 767 762 826 sub
777 767 897 827 humero
918 767 1020 827 dextro
1043 769 1082 828 ad
1115 773 1153 829 si·

147 854 265 911 nistrum
287 851 405 932 oblique
431 852 542 912 ducitur
565 849 646 910 velut
664 850 793 925 balteus,
819 869 876 911 uec
902 849 1063 926 strangulet
1092 871 1155 913 nec

148 935 225 995 llnat.
263 935 334 995 Pars
348 946 452 1012 togae,
475 954 549 1015 quae
565 943 669 1013 postea
684 935 851 1012 imponitur,
869 935 905 994 sit
921 934 1056 1001 inferior;
1081 954 1153 997 nam

147 1021 187 1079 ita
211 1027 240 1077 et
261 1018 345 1079 sedet
364 1020 466 1079 melius
489 1029 518 1078 et
540 1021 711 1079 continetur.
748 1017 940 1077 Subducenda
967 1019 1052 1076 etiam
1074 1038 1153 1097 pars

147 1103 243 1182 aliqua
258 1104 387 1179 tunicae,
408 1121 445 1162 ne
460 1103 496 1163 ad
511 1101 650 1163 lacertum
664 1103 693 1160 in
708 1110 772 1161 actu
790 1102 907 1170 redeat;
929 1110 985 1160 tum
1006 1102 1088 1161 sinus
1109 1105 1151 1162 in·

146 1186 287 1247 iiciendns
304 1187 439 1261 humero,
456 1189 535 1247 cuius
553 1195 711 1246 extremam
725 1202 805 1245 oram
821 1186 964 1244 reiecisse
979 1202 1036 1244 non
1052 1186 1151 1248 dede·

90 1273 139 1329 141
149 1278 204 1329 cet.
245 1267 358 1349 Operiri
381 1280 475 1331 autem
495 1271 643 1330 humerum
664 1287 728 1329 cum
748 1277 810 1328 toto
826 1268 925 1346 iugulo
940 1285 998 1327 non
1012 1279 1149 1347 oportet,

147 1352 255 1433 alioqui
271 1355 389 1414 amictus
404 1355 454 1414 flet
469 1363 617 1430 angustus,
634 1361 663 1412 et
677 1353 859 1431 dignitatem,
876 1370 951 1431 quae
973 1361 1018 1411 est
1034 1354 1063 1411 in
1078 1352 1149 1414 lati·

147 1436 245 1496 tudine
260 1439 407 1516 pectoris,
429 1437 543 1517 perdet.
575 1438 724 1497 Sinistrum
745 1435 893 1496 brachium
909 1453 945 1495 eo
963 1453 1055 1514 usque
1071 1437 1149 1497 alle·

90 1519 270 1582 142vandum
285 1530 341 1597 est,
356 1531 387 1581 ut
403 1522 485 1601 quasi
499 1520 657 1580 normalem
672 1520 751 1581 illum
768 1519 901 1597 angulum
916 1519 1013 1579 iaciat.
1046 1521 1148 1598 Super

85 1665 89 1683 Ι
149 1604 226 1682 qnod
241 1621 292 1665 ora
313 1622 350 1664 ex
371 1615 439 1683 toga
456 1605 564 1683 duplex
586 1604 748 1682 aequaliter
762 1605 873 1664 sedeat.
904 1601 1003 1662 Manus
1018 1620 1078 1663 non
1093 1606 1146 1663 im·

148 1688 262 1766 pleatnr
276 1688 378 1763 anulis,
395 1690 553 1767 praecipue
568 1689 680 1747 medios
695 1686 832 1748 articulos
844 1704 901 1747 non
913 1687 1145 1755 transeuntibus;

149 1772 229 1832 cuins
252 1773 307 1832 erit
327 1773 441 1833 babitus
461 1776 585 1851 optimus
605 1771 731 1831 allevato
752 1772 862 1849 pollice
878 1780 907 1830 et
922 1770 1020 1847 digitis
1036 1771 1147 1831 leviter

147 1854 275 1931 inflexis,
300 1858 353 1916 nisi
372 1856 499 1918 libellum
514 1855 634 1915 tenebit.
669 1854 754 1928 Quod
771 1872 827 1913 non
849 1856 949 1933 ntique
971 1855 1145 1932 captandum

150 1947 209 2007 est;
231 1940 343 2001 videtur
363 1942 438 2001 enim
457 1939 543 2001 lateri
563 1940 718 2000 memoriae
735 1938 921 2000 diffidentiam
941 1947 970 1999 ct
985 1939 1020 1999 ad
1035 1939 1144 1999 multos

91 2033 249 2101 magestas
272 2029 317 2085 est
336 2025 548 2103 impedimento.
586 2023 696 2100 'logum
718 2032 835 2083 veteres
857 2023 893 2083 ad
914 2022 1034 2083 calceos
1049 2041 1144 2102 usque

148 2108 335 2168 demittebant
356 2117 386 2168 ut
402 2107 504 2168 Graeci
527 2108 653 2186 pallium.
685 2108 776 2185 ldqne
792 2116 821 2166 ut
836 2106 899 2182 liat,
924 2107 972 2184 qui
995 2107 1032 2167 de
1056 2116 1143 2184 gestu

149 2193 327 2269 scripserunt
347 2193 425 2252 circa
446 2201 576 2269 tempora
597 2189 663 2265 illa,
686 2191 795 2251 Plotius
816 2190 1006 2269 Nigidiusque
1029 2191 1143 2269 praeci·

80 2290 83 2294 ’
148 2276 237 2352 piunt.
271 2275 335 2349 Quo
356 2277 447 2352 magis
469 2277 557 2335 miror
579 2274 662 2334 Plinii
677 2274 804 2335 Secundi
828 2275 906 2333 docti
926 2273 1047 2333 bominis
1070 2283 1100 2334 et
1116 2276 1144 2333 in

149 2357 206 2417 hoc
220 2361 318 2437 utique
340 2359 414 2419 libro
437 2376 531 2437 paene
555 2360 640 2417 etiam
656 2359 770 2418 nimium
787 2359 894 2418 curiosi
912 2358 1142 2436 persuasionem,

150 2443 198 2519 qni
214 2441 327 2502 solitum
343 2443 371 2502 id
386 2442 487 2503 lacere
503 2440 677 2503 Ciceronem
696 2442 885 2502 velandorum
905 2443 1034 2501 varicum
1050 2443 1144 2518 gratia

149 2525 248 2592 tradit:
271 2544 333 2585 cum
349 2526 405 2586 boc
420 2528 539 2586 amictus
554 2544 647 2602 genus
662 2528 690 2585 in
706 2528 806 2586 statuis
822 2542 921 2585 eorum
937 2542 1072 2605 quoque,
1095 2525 1144 2603 qui

93 2618 216 2687 144post
233 2606 405 2670 Ciceronem
425 2609 554 2685 luerunt,
577 2620 727 2687 appareat.
758 2608 908 2670 Palliolum
930 2610 1004 2668 sicut
1024 2608 1142 2682 fascias,

150 2693 252 2771 quibus
267 2712 350 2755 crura
362 2694 536 2769 vestiuntur,
560 2702 589 2752 et
611 2694 718 2754 localia
738 2704 768 2754 et
788 2694 895 2754 aurium
910 2691 1065 2770 ligamenta
1080 2691 1143 2752 sola

151 2795 292 2838 excusare
310 2786 408 2857 potest
420 2777 566 2839 ualetudo.

233 2862 293 2922 Sed
316 2862 390 2923 baec
410 2862 528 2922 amictus
549 2859 735 2935 observatio,
762 2860 827 2921 dom
851 2861 1015 2938 incipimus;
1037 2875 1141 2936 proce·

150 2945 237 3005 dente
259 2964 331 3006 vero
354 2955 433 3020 actu,
455 2947 510 3005 iam
525 2963 620 3023 paene
642 2945 678 3005 ab
699 2946 778 3004 initio
804 2944 991 3018 narrationis,
1012 2944 1090 3002 sinus
1105 2941 1142 3002 ab

150 3029 269 3089 humero
286 3037 368 3089 recte
383 3029 462 3089 velut
479 3038 581 3107 sponte
598 3025 759 3103 delabitur,
783 3037 827 3103 et,
846 3046 908 3088 cum
924 3027 960 3087 ad
977 3034 1143 3102 argumenta

152 3130 187 3171 ac
212 3112 295 3172 locos
320 3122 436 3173 ventum
460 3122 519 3188 est,
549 3113 675 3172 relicere
697 3130 714 3172 a
736 3113 851 3171 sinistro
876 3120 989 3188 togam,
1015 3109 1142 3169 deiicere

98 3197 253 3270 145etiam,
279 3197 303 3255 si
326 3195 460 3272 baereat,
487 3198 577 3256 sinum
599 3197 761 3255 conveniet.
799 3193 895 3255 Laeva
916 3212 932 3254 a
956 3192 1086 3253 faucibus
1106 3210 1141 3251 ac

156 3295 264 3339 summo
280 3288 401 3358 pectore
417 3280 562 3340 abducere
577 3279 655 3340 licet.
685 3278 797 3340 Ardent
813 3280 887 3338 enim
903 3280 959 3337 iam
976 3278 1078 3337 omnia.
1104 3274 1141 3335 Et

155 3372 185 3423 nt
199 3379 257 3422 vox
278 3362 478 3423 vehementior
498 3381 534 3424 ac
554 3365 644 3441 magis
658 3364 737 3423 varia
752 3371 810 3422 est:
833 3363 876 3422 sic
893 3362 1012 3421 amictus
1028 3376 1139 3439 quoque

97 3445 238 3506 rmhahet
258 3456 351 3506 actum
374 3448 515 3524 quendam
534 3448 615 3506 velut
633 3445 832 3523 proeliantem.
863 3444 964 3524 ltaque
982 3452 1011 3502 nt
1032 3443 1139 3502 laevam

150 3529 300 3594 involvere
316 3539 384 3607 toga
400 3539 429 3589 et
449 3530 555 3607 incingi
575 3547 668 3608 paene
684 3529 821 3589 lnriosum
839 3537 899 3603 est,
920 3528 1012 3587 sinum
1028 3526 1137 3585 veroin
