2434 3925
134 205 156 265 4
450 217 487 265 Μ.
500 215 578 266 FAB.
590 214 808 277 uolitantum

136 379 191 445 est,
207 388 263 448 qua
278 369 412 430 iudicium
427 371 464 429 sit
479 373 670 431 constitutum.
707 368 779 432 Nam
800 372 939 452 quaedam
962 374 990 431 iu
1011 372 1138 434 schola·

134 455 215 534 stiois
231 463 373 532 ponuntur
397 454 432 514 ad
448 455 675 532 coniungendam
693 458 780 516 modo
800 466 882 517 actae
896 459 939 515 rei
956 457 1084 533 seriem,
1103 466 1138 517 ut

134 545 220 615 puta:
235 536 414 616 dispositum
436 539 488 615 qui
508 542 675 617 aquocerit,
697 542 801 601 solutis
820 542 972 602 alimentis
985 542 1136 619 recipiat

133 619 235 681 Minue
256 624 337 684 dicto
351 623 525 683 audientem
549 624 644 700 fitium
672 624 764 685 liceat
782 626 941 686 abdicare.
983 621 1047 695 out
1075 644 1136 685 em·
1197 687 1198 714 1

129 707 260 782 positum
273 708 398 784 recepit,
418 708 548 783 imperat
565 708 594 766 ei
610 708 733 785 nuptiae
747 708 903 787 locupletis
916 710 1116 786 propinquae
1121 731 1137 776 ,·
1197 723 1198 792 j

91 790 182 857 mitte
201 790 316 851 ducere
333 791 397 850 cuit
411 790 507 867 filiam
526 792 676 869 pauperis
698 793 883 854 educatoris.
937 790 998 849 Lex
1023 791 1062 849 de
1081 810 1134 849 ex·
1197 809 1198 842 t

132 874 235 951 positis
255 875 290 934 ad
314 874 447 933 affectum
462 876 599 952 pertinet;
622 875 755 933 iudicium
774 875 881 954 pendet
907 893 944 934 ex
963 875 1031 950 lege
1048 874 1134 934 abdi·

133 957 264 1015 cationis.
293 956 356 1016 Neo
370 965 464 1015 tamen
479 976 594 1035 semper
614 976 651 1016 ex
667 976 722 1017 una
737 959 804 1035 lege
822 961 1029 1037 quaestinem,
1054 960 1134 1018 utin

133 1031 294 1116 dvruuoptu.
324 1040 375 1099 His
390 1043 528 1118 spectatis
543 1041 704 1120 apparebit,
722 1044 798 1102 cirea
813 1061 887 1121 quae
902 1060 997 1121 pugna
1012 1043 1061 1100 sit.

92 1136 125 1191 16
215 1121 373 1185 Coniuncta
388 1124 519 1183 defensio
535 1134 589 1200 est,
607 1125 699 1203 qualis
715 1143 767 1203 pro
786 1126 919 1185 Rabirio:
941 1125 978 1185 Si
993 1126 1131 1186 occidis-

131 1213 187 1283 ret,
208 1217 291 1270 recte
308 1210 450 1286 seciorem·
469 1211 526 1269 sed
545 1228 606 1269 uon
620 1209 739 1274 occidit.
779 1207 835 1269 Ubi
854 1227 926 1268 vero
947 1208 1034 1267 multa
1059 1226 1132 1268 con·

132 1300 176 1349 tra
196 1310 279 1350 unam
305 1293 534 1369 propositionem
560 1293 694 1353 dicimus:
721 1294 903 1370 cogitandum
930 1302 974 1351 est
995 1293 1134 1370 primurn,

133 1374 268 1452 quidquid
284 1376 340 1434 dici
363 1384 473 1451 potest;
495 1385 553 1434 tum
574 1387 612 1435 ex
627 1377 681 1452 his,
702 1394 759 1454 quo
775 1378 900 1456 quidque
918 1377 986 1436 loco
1005 1376 1061 1435 dici
1079 1394 1133 1435 ex·

132 1458 239 1535 pediat,
257 1459 469 1518 aestimandum.
505 1459 537 1519 ln
553 1478 609 1538 quo
625 1461 771 1519 nunidem
789 1463 899 1535 sentio,
916 1460 992 1538 quod
1008 1455 1043 1518 de
1060 1476 1132 1537 pro·

132 1542 322 1618 positionibus
339 1543 426 1620 paulo
442 1553 518 1619 ante,
534 1545 671 1622 quodque
686 1544 722 1603 de
739 1546 911 1621 argumentis
927 1542 1132 1621 probationum

133 1623 202 1682 loco
219 1628 369 1702 concessi,
396 1643 485 1704 posse
512 1628 666 1706 aliquando
693 1644 746 1687 nos
768 1630 896 1706 incipere
913 1646 928 1686 a
944 1627 1130 1685 firmioribus.

88 1717 122 1770 17
132 1707 204 1767 Nam
223 1712 266 1768 vis
289 1712 487 1788 quaestionum
508 1729 698 1788 percresoere
720 1712 807 1771 debet
830 1721 858 1771 et
879 1712 914 1770 ad
929 1712 1132 1788 potentissima

133 1791 169 1850 ab
193 1793 388 1854 infirmissimis
409 1798 581 1873 pervenire,
602 1797 664 1854 sive
688 1804 757 1860 sunt,
774 1797 901 1858 eiusdem
925 1795 1041 1871 generis
1066 1796 1132 1852 sive

87 1886 122 1939 18
132 1875 250 1936 diversi.
283 1877 355 1936 luris
371 1887 466 1938 autem
481 1881 666 1957 quaestiones
681 1879 776 1938 solent
793 1898 859 1938 esse
876 1895 1076 1955 nonnunquam
1092 1895 1131 1936 ex
1197 1875 1198 1948 3

133 1959 197 2018 aliis
214 1971 301 2041 atque
322 1963 385 2022 aliis
402 1964 647 2038 condictionibus,
671 1965 739 2039 facti
756 1982 872 2041 semper
884 1961 961 2021 idem
977 1970 1129 2039 spectant;

131 2047 160 2102 in
177 2055 299 2124 utroque
314 2065 425 2123 genere
440 2048 539 2107 similis
556 2047 627 2107 ordo
646 2056 700 2106 est.
745 2048 804 2108 Sed
824 2050 902 2125 prius
926 2047 961 2106 de
985 2044 1129 2104 dissimili·

131 2126 196 2203 bus,
220 2149 256 2189 ex
273 2131 374 2208 quibus
396 2131 613 2190 infirmissimum
633 2132 758 2209 quidque
775 2133 894 2209 primum
909 2129 1026 2189 tractari
1042 2145 1130 2207 opor·

131 2220 188 2286 tet,
211 2214 278 2272 ideo
295 2214 371 2291 quod
386 2214 522 2292 quasdam
540 2217 724 2293 quaestiones
742 2215 857 2274 executi
879 2210 985 2272 donare
1001 2212 1130 2271 solemus

133 2304 162 2353 et
183 2299 362 2364 concedere;
392 2316 488 2375 neque
510 2300 584 2357 enim
604 2300 726 2358 transire
748 2299 783 2358 ad
805 2298 875 2357 alias
898 2314 1051 2375 possumus
1074 2296 1129 2353 nisi

91 2380 245 2449 laomissis
262 2381 415 2458 prioribus.
463 2381 547 2454 Quod
565 2383 658 2459 ipsum
673 2384 711 2441 ita
728 2382 790 2441 fieri
806 2390 938 2460 oportet,
963 2396 1021 2438 non
1035 2388 1066 2438 ut
1081 2377 1129 2437 da·

131 2480 246 2522 mnasse
264 2482 314 2523 eas
329 2465 479 2524 videantur
493 2465 546 2525 sed
562 2467 705 2541 omisisse,
723 2468 788 2544 quia
805 2466 949 2543 possimus
966 2465 1052 2522 etiam
1067 2462 1130 2520 sine

132 2548 174 2605 eis
194 2550 323 2606 vincere.
369 2547 558 2610 Procurator
579 2551 711 2610 alicuius
736 2551 897 2628 pecuniam
919 2548 995 2626 petit
1021 2564 1060 2607 eo
1082 2546 1129 2624 fe·
1197 2610 1198 2621 ,

130 2650 206 2691 acre
226 2632 433 2694 hereditario:
460 2641 559 2710 potest
582 2634 709 2693 incidere
731 2634 879 2711 quaestio,
900 2630 950 2692 Au
971 2631 1043 2691 buic
1064 2648 1130 2690 esse
1197 2694 1198 2709 ,

87 2726 364 2794 uoprocuratorem
387 2718 502 2778 liceat?
546 2715 639 2794 Finge
666 2735 737 2793 nos,
765 2726 917 2794 postquam
944 2714 1127 2773 tractavimus
1197 2738 1198 2783 ς

133 2818 206 2876 eam,
222 2803 369 2861 remittere
386 2800 434 2859 vel
451 2802 535 2860 etiam
549 2802 698 2860 convinci:
720 2810 892 2879 quaeretur,
916 2795 963 2858 Au
986 2800 1024 2873 ei,
1045 2799 1130 2858 cutus
1197 2814 1198 2825 ¹

46 2939 48 2942 ,
131 2886 250 2945 nomiae
264 2888 417 2964 titiqatur,
435 2895 669 2963 procuratorem
683 2886 821 2946 babenti
837 2886 876 2944 sit
891 2885 961 2943 ius?
992 2880 1128 2942 Disceda-

130 2985 193 3024 mus
210 2969 276 3029 bino
291 2986 427 3048 quoque:
443 2971 548 3047 recipit
557 2971 677 3029 materia
688 2970 896 3047 quaestionem,
908 2963 956 3026 Aa
966 2967 1027 3040 itte,
1044 2967 1129 3025 cuius

130 3055 250 3113 nomiae
273 3056 391 3131 coitur,
412 3054 502 3114 beree
519 3055 558 3113 eit
582 3054 787 3132 feneratoris?
810 3070 852 3112 ca
875 3070 915 3111 eo
933 3069 1003 3111 cese
1021 3049 1129 3108 beree?

90 3133 211 3204 21Haea
239 3154 355 3215 quoque
373 3148 533 3196 'concessa
563 3139 634 3196 sint:
666 3145 837 3214 quaeretur,
868 3131 917 3194 Aa
957 3132 1125 3193 debeatur?

134 3215 241 3278 Contra
264 3238 348 3279 nemo
372 3229 428 3279 tam
449 3221 567 3282 demens
590 3220 694 3294 inerit,
716 3229 747 3278 ut
768 3219 814 3294 id,
843 3218 920 3295 quod
944 3216 1128 3276 firmissimum

133 3302 248 3362 duxerit
271 3322 305 3362 se
327 3303 452 3379 habere,
474 3306 599 3363 remittat
615 3313 643 3362 et
659 3305 694 3362 ad
710 3304 823 3363 leviora
838 3300 1032 3362 transcendat.
1058 3298 1127 3358 Huic

133 3387 163 3445 in
183 3387 284 3447 schola
308 3387 401 3446 simile
425 3396 479 3446 est:
505 3386 757 3449 Nouobdicobis
776 3388 976 3465 adoptatum,·
1000 3392 1033 3444 ut
1051 3383 1127 3443 bunc
1197 3432 1198 3459 ,

134 3488 269 3552 quoque:
297 3490 358 3550 uon
372 3473 471 3533 cirum
483 3473 613 3549 sortem,·
633 3480 666 3534 ut
685 3479 714 3533 et
730 3472 857 3551 fortem:
881 3487 942 3531 uon
962 3469 1128 3549 quicunque
