2434 3925
334 214 423 262 rusa·
441 212 589 262 onnnon.
607 215 677 264 ΗΒ.
696 211 800 280 11,12.
1022 200 1061 263 81

3 417 4 438 ,
68 387 125 450 que
150 368 282 447 perdite,
306 368 381 427 unde
404 370 506 427 evenit
522 385 740 448 nonnunquam,
769 377 800 428 ut
824 368 931 447 aliquid
952 367 1063 445 mande

3 475 5 528 ε
66 455 210 528 inveniat,
227 454 276 530 qui
292 470 409 530 semper
424 454 554 531 quaerit,
572 453 650 530 quod
666 454 780 512 nimium
796 462 856 521 est;
872 471 972 512 verum
987 453 1016 512 id
1033 461 1068 513 ct

64 554 133 597 raro
150 538 301 614 provenit,
326 544 356 594 et
377 545 457 595 certa
476 538 544 595 vitia
558 553 616 594 non
631 544 743 613 pensat.
784 536 906 615 Propter
919 537 976 596 hoc
991 544 1090 613 quo-6

67 640 124 699 que
140 620 282 682 interdum
296 620 427 678 videntur
441 620 549 679 indocti
563 622 675 698 copiam
691 619 798 679 habere
812 622 965 695 maiorem,
984 619 1062 698 quod

65 706 165 765 dicunt
181 706 289 770 omnim
311 702 404 763 doctis
427 713 473 762 est
494 713 523 764 et
544 704 651 764 electio
675 712 705 763 et
718 703 829 763 modus
871 703 923 763 llis
937 703 1061 779 accedit,

67 788 175 866 quoda
191 804 260 847 cura
274 788 413 861 docendi,
436 788 513 864 quod
528 789 719 862 intenderunt,
736 787 883 857 recedunt.
914 786 1013 865 ltaque
1028 786 1061 846 il-

65 872 115 931 lud
130 873 331 949 quaestionum
346 880 375 931 et
395 880 627 947 argumentorum
647 871 722 949 apud
745 881 880 948 corrupta
895 872 997 931 iudicia
1012 871 1061 930 iri·

2 957 4 964 ’
64 974 119 1033 gua
135 959 244 1015 evitant
258 955 386 1035 nihilque
399 954 492 1030 aliud,
509 973 592 1034 quam
609 955 687 1033 quod
697 955 746 1015 vel
758 957 855 1034 pravis
866 954 1061 1033 voluptatibus

64 1057 151 1098 aures
166 1040 359 1099 assistentium
374 1039 562 1116 permulceat,
579 1048 729 1118 quaerunt.
765 1041 930 1099 Sententiae
947 1045 1087 1117 qnoquei

63 1126 164 1202 ipsae,
187 1141 258 1201 quas
280 1124 358 1183 solas
374 1132 491 1201 petunt,
513 1126 604 1200 magis
629 1126 768 1199 eminent,
794 1142 857 1183 cum
877 1125 969 1183 omnia
984 1124 1062 1182 circa

62 1209 129 1267 illas
154 1208 270 1269 sordida
285 1217 314 1267 et
336 1208 448 1267 abiecta
469 1217 547 1276 sunt;
567 1217 598 1266 ut
616 1208 719 1268 lumina
744 1226 802 1267 non
823 1210 904 1270 inter
923 1208 1060 1282 ambros,

64 1292 302 1370 quemadmodum
325 1290 430 1351 Cicero
453 1292 537 1366 dicit,
560 1292 613 1352 sed
637 1293 723 1370 plane
743 1294 771 1351 in
792 1291 919 1352 tenebris
938 1292 1061 1374 clariora

63 1385 139 1436 sunt.
184 1375 284 1453 ltaque
306 1377 449 1460 ingeniosi
467 1375 626 1451 vocentur,
649 1385 679 1435 ut
693 1376 781 1451 libet,
805 1376 869 1436 dum
884 1385 977 1436 tamen
993 1393 1060 1435 con-

61 1470 139 1535 stet,
161 1461 370 1519 contumeliose
391 1462 434 1519 sic
455 1459 563 1519 laudari
579 1461 725 1520 disertum.
768 1460 957 1520 Nihilominus
973 1459 1089 1522 conii-8

60 1545 180 1603 tendum
195 1553 240 1603 est
255 1547 340 1603 etiam
355 1543 507 1603 detrahere
524 1546 681 1606 doctrinam
696 1545 821 1622 aliquid,
844 1553 875 1604 ut
900 1546 993 1605 limam
1013 1562 1059 1603 ru·

62 1628 148 1689 dibus
162 1637 192 1687 ct
207 1638 288 1687 cotes
305 1628 456 1688 hebetibus
471 1637 501 1688 et
512 1632 579 1688 vino
601 1638 788 1697 vetustatem;
810 1629 863 1688 sed
882 1631 950 1688 vitia
966 1628 1059 1688 detra-

60 1711 120 1785 hit,
139 1721 225 1789 atque
242 1729 278 1771 eo
293 1712 358 1772 solo
374 1714 464 1772 minus
480 1722 540 1788 est,
557 1714 635 1790 quod
649 1714 762 1773 litterae
777 1713 987 1791 perpolierunt,
1002 1728 1059 1788 quo

60 1796 176 1855 melius.
208 1796 315 1857 Verum
329 1796 357 1857 hi
374 1799 605 1875 pronuntiatione
622 1815 738 1875 quoque
752 1798 854 1857 lamam
871 1796 984 1856 dicendi
1001 1796 1088 1858 ior-9

61 1882 120 1939 tius
144 1890 292 1957 quaerunt.
337 1880 408 1941 Nam
430 1888 458 1940 et
473 1880 595 1940 clamant
610 1881 717 1958 ubique
731 1891 761 1941 et
776 1882 867 1940 omnia
887 1882 1007 1955 leonto,
1031 1887 1062 1937 ut

60 1967 119 2043 ipsi
135 1974 250 2042 vocant,
265 1984 358 2026 mono
373 1967 529 2042 emugiunt,
544 1966 634 2025 multo
648 1966 797 2041 discursu,
813 1965 957 2040 anhelitu,
972 1966 1058 2024 iacta·

59 2052 143 2109 tione
166 2059 286 2126 gestus,
308 2059 386 2108 motu
405 2051 506 2127 capitis
524 2051 663 2109 furentes.
707 2049 766 2110 lam
787 2049 929 2109 collidere
951 2055 1102 2122 manns,10

58 2143 161 2193 terrae
176 2134 279 2211 pedem
293 2136 433 2208 incutere,
449 2134 551 2210 femur,
568 2143 681 2213 pectus,
700 2134 827 2194 frontem
838 2134 973 2208 caedere,
988 2134 1059 2191 mire

59 2218 97 2277 ad
114 2217 253 2295 pullatum
269 2218 405 2277 circulum
420 2219 502 2286 iacit;
527 2236 590 2278 cnm
607 2218 659 2278 ille
674 2219 820 2293 eruditas,
841 2227 872 2278 ut
885 2221 914 2277 in
928 2219 1060 2277 oratione

59 2302 151 2361 multa
172 2303 363 2377 summittere,
386 2304 514 2379 variare,
538 2304 710 2381 disponere,
732 2305 770 2362 ita
791 2304 876 2362 etiam
890 2304 918 2361 in
934 2318 1058 2380 pronun·

60 2386 160 2446 tiando
176 2403 256 2444 suum
271 2388 374 2466 cuique
390 2404 504 2464 eorum,
528 2405 602 2467 quae
615 2388 708 2462 dicet,
732 2387 825 2448 colori
841 2385 1058 2447 accommodare

61 2479 158 2530 actum
172 2472 263 2546 sciat,
289 2480 335 2545 et,
358 2474 383 2531 si
405 2472 472 2551 quid
489 2475 526 2532 sit
545 2482 687 2551 perpetua
709 2471 912 2531 observatione
933 2470 1058 2546 dignum,

61 2553 211 2614 modestus
227 2563 256 2614 et
269 2573 337 2614 esse
352 2565 382 2613 et
396 2557 488 2616 videri
502 2557 589 2615 malit·
627 2555 666 2615 At
682 2555 724 2616 illi
737 2555 811 2615 hanc
825 2556 886 2616 nim
900 2554 1058 2633 appellant,
1067 2557 1100 2609 ll

63 2656 139 2716 quae
165 2647 212 2698 est
236 2641 332 2717 potius
357 2639 509 2706 violentia;
538 2657 602 2699 curu
623 2641 735 2698 interim
758 2657 815 2699 non
837 2647 952 2698 actores
971 2636 1067 2696 modo,

63 2723 177 2799 aliquos
192 2723 320 2781 invenias
335 2722 405 2797 sed,
428 2722 505 2800 qnod
524 2731 570 2782 est
588 2726 715 2801 turpius,
737 2732 947 2802 praeceptores
962 2724 1058 2796 etiam,

64 2808 112 2883 qui
126 2805 245 2864 brevem
261 2806 373 2866 dicendi
390 2809 626 2866 exercitationem
639 2809 798 2883 consecuti,
814 2809 920 2866 omissa
935 2806 1058 2880 ratione,

18 2934 20 2939 ⁴
63 2898 93 2948 ut
106 2889 171 2951 tulit
185 2892 324 2969 impetus,
344 2892 451 2968 passim
465 2891 668 2950 tumultuentur
683 2908 804 2970 eosque,
822 2893 870 2968 qni
885 2891 950 2969 plus
967 2889 1058 2950 hono·

62 2975 103 3032 ris
119 2973 223 3032 litteris
238 2974 411 3050 tribuerunt,
435 2977 550 3052 ineptos
571 2983 600 3033 et
621 2977 733 3036 ieiunos
749 2984 778 3034 et
793 2975 922 3053 trepidos
938 2983 968 3034 et
982 2973 1059 3034 inhr-

62 3074 145 3131 mos,
166 3067 197 3116 ut
219 3058 354 3137 qnodque
376 3057 496 3117 verbum
511 3060 828 3119 contumeliosissimum
842 3062 983 3135 occurrit,
1008 3076 1057 3137 ap·

62 3140 185 3221 pellent.
230 3142 338 3201 Verum
357 3142 415 3201 illis
436 3141 550 3220 quidem
578 3143 755 3219 gratulemur
774 3144 837 3202 sine
856 3141 976 3219 labore,
995 3145 1100 3202 sinelt

62 3227 187 3298 ratione,
203 3227 265 3285 sine
281 3225 431 3304 disciplina
447 3227 580 3293 disertis;
598 3243 668 3301 nos,
688 3226 801 3304 quando
818 3236 847 3285 et
861 3226 1057 3306 praecipiendi

61 3326 164 3368 munus
186 3309 241 3368 iam
266 3310 377 3387 pridem
402 3310 551 3388 deprecati
577 3327 675 3369 sumus
702 3319 731 3370 et
751 3312 780 3369 in
802 3310 868 3370 loro
884 3328 1001 3389 quoque
1016 3309 1057 3370 di·

62 3392 163 3467 cendi,
186 3395 252 3471 qnia
267 3393 497 3454 honestissimum
511 3393 596 3452 linem
611 3403 740 3472 putamus
754 3394 904 3469 desinere,
930 3394 994 3455 dum
1008 3392 1056 3452 de-

61 3477 270 3538 sideraremus:
283 3479 450 3557 inquirendo
465 3475 679 3557 scribendoque
692 3479 760 3539 talia
772 3478 956 3540 consolamur
969 3478 1058 3537 otium

105 3583 135 3621 ts.
150 3581 174 3620 r.
191 3581 303 3630 ounnru.
329 3554 336 3571 '
887 3562 907 3623 6
