2434 3925
347 228 438 279 msr.
458 228 608 280 muron.
629 230 699 278 nm.
715 229 748 297 r,
762 229 806 282 ro
1011 220 1074 281 217

69 384 262 461 molliore,
288 380 366 446 Vide
387 401 517 462 quaero,
545 382 680 460 Tubero,
704 392 753 460 ut,
780 385 834 463 qui
852 385 893 448 de
906 404 974 449 meo
989 384 1077 467 furto
1181 430 1182 433 κ

74 491 141 534 non
157 471 306 542 dubitem,
328 467 502 547 delipotii
515 469 649 531 audeam
663 470 778 531 dicere
820 469 857 528 Et
872 469 925 546 ibi,
947 468 1075 552 Anspe

74 554 176 617 modi
191 551 321 631 liqut-io
342 569 446 614 eoueu
458 572 519 615 uon
538 554 594 627 rit,
617 571 686 614 eum
700 553 773 614 milri
788 555 876 632 opud
888 563 918 614 te
933 557 1018 617 meres
1036 558 1078 618 sit

77 640 172 701 otium
193 654 254 717 pro
279 637 377 698 altero
400 631 631 715 deprecandi?
645 636 692 697 Ειι
721 638 831 696 minore
859 654 914 715 pro
938 637 1074 716 Caecina,

75 720 169 784 lintre
182 722 264 782 seire
279 739 346 781 erse
358 729 495 782 armatos
507 729 557 782 snt
571 728 633 797 est,
646 728 681 781 ut
692 722 753 780 vim
765 721 882 800 suetum
894 724 1025 799 probes,-
1042 726 1076 785 in

76 823 191 869 monor
211 822 316 866 eorum
337 804 555 866 incideremus
576 811 622 865 est
641 805 742 865 rotie?
783 802 880 880 Ergo,
902 814 933 865 ut
948 805 1118 878 breviter94

78 887 247 950 contraham
259 903 408 963 summum,
429 887 569 947 ducuntur
585 897 752 965 argumento
768 905 784 947 a
799 890 948 966 personis,
969 893 1074 968 causis,

76 972 172 1047 loeis,
201 980 352 1049 tempore,
383 969 480 1048 (ouius
505 980 565 1031 tres
587 970 690 1050 'portes
713 971 852 1049 diximus,
883 972 1074 1050 praecedens,

77 1057 278 1130 oonioootum,
296 1055 483 1133 insequens,)
505 1054 705 1130 facultatibus,
726 1054 845 1134 (quibus
861 1057 1076 1117 instrumentum

78 1138 272 1216 eubieoimus)
287 1137 390 1213 modo,
414 1137 458 1215 (id
473 1148 536 1215 est,
561 1148 592 1198 ιιι
607 1140 734 1218 quidque
749 1141 785 1200 sit
800 1140 920 1219 laetum)
936 1141 1074 1219 linitione,

77 1239 217 1322 genere,
237 1223 353 1299 speeie,
381 1221 596 1298 differentibus,
626 1226 767 1302 propriis,
799 1226 976 1298 remotione,
1005 1225 1075 1285 tirt-

78 1307 182 1381 sioue,
208 1305 305 1380 initio,
332 1305 531 1380 incrementis,
552 1323 674 1382 summu,
697 1305 854 1383 similibus,
880 1307 1075 1386 dissimilibus,

77 1387 290 1469 pugnantibus,
320 1389 583 1475 oonsequentibus,
606 1390 814 1465 efficientibus,
836 1391 966 1467 effertis,
989 1408 1076 1451 even·

77 1475 145 1551 tis,
157 1473 278 1549 iugatis,
300 1471 530 1551 comparatione,
553 1491 627 1552 quse
643 1475 671 1533 io
684 1474 784 1552 plures
796 1474 939 1534 diducitur
948 1478 1075 1553 speeies

165 1556 239 1617 Illud
260 1555 448 1616 adiiciendum
470 1557 600 1632 videtur,
629 1557 696 1617 duci
715 1567 881 1635 argomento
897 1576 954 1618 non
976 1578 1075 1621 neon·
1084 1575 1119 1631 95

1 1636 2 1643 '
77 1640 170 1702 fessis
185 1648 291 1700 tontum
306 1640 359 1699 sed
376 1641 460 1700 etium
476 1659 492 1700 u
509 1641 683 1716 fictione,
706 1641 784 1721 quod
796 1641 899 1701 Grueoi
915 1634 1020 1702 καθ’
1005 1638 1076 1705 orto·

1 1782 3 1805 ,
76 1730 168 1786 θεσιν
190 1732 311 1791 vooant3
341 1732 371 1784 et
389 1725 503 1801 quidem
524 1743 561 1783 ex
583 1724 713 1784 omnibus
733 1724 834 1784 iisdem
855 1725 945 1800 loeis,
972 1727 1076 1804 quibus

76 1807 249 1886 superiora,
283 1808 348 1886 quie
372 1808 492 1868 totidem
517 1810 634 1886 speeies
661 1826 728 1868 esse
751 1818 872 1887 possunt
898 1810 983 1869 lictae
1007 1820 1078 1889 quot

76 1906 182 1953 verse.
225 1889 297 1951 Nom
313 1891 424 1969 lingere
441 1891 580 1952 hocloco
599 1900 644 1952 est
658 1909 824 1971 proponere
840 1891 964 1971 aliquid,
988 1894 1076 1972 quod,
1084 1910 1118 1966 96

78 1979 106 2037 si
122 1993 223 2037 uerum
239 1977 292 2050 sit,
314 1985 361 2036 out
376 1976 472 2035 solvet
486 1980 684 2054 quaestionem
699 1985 747 2037 eut
765 1977 894 2044 adiuvem
918 1976 1021 2038 deiude
1036 1978 1075 2053 id,

79 2061 120 2122 sle
143 2076 201 2138 quo
219 2062 381 2137 quaeritur,
412 2060 511 2119 locere
532 2060 574 2120 illi
597 2061 700 2121 simile.
743 2059 776 2121 ld
799 2077 856 2140 quo
871 2060 985 2120 lucilius
1000 2063 1076 2122 eooi-

32 2197 35 2201 .
77 2145 163 2224 piant
183 2144 302 2202 iuvenes
321 2142 446 2202 nondum
465 2143 596 2204 sobolom
618 2145 748 2222 egressi,
777 2147 869 2223 primo
891 2140 1076 2206 familiaribus

78 2228 176 2303 magis
191 2227 219 2285 ei
234 2228 322 2286 aetati
336 2227 477 2305 exemplis
494 2228 652 2287 ostendum.
695 2227 770 2288 Lex:
793 2226 853 2302 Qui
860 2236 1008 2307 parentes
1016 2249 1076 2291 nou
1084 2242 1119 2300 97

77 2310 211 2387 aluerit,
231 2310 396 2372 oiueiutur
432 2310 498 2371 Nou
513 2312 563 2372 alit
580 2312 699 2390 aliquis,
716 2321 745 2372 et
763 2312 877 2371 vineola
895 2312 1076 2372 nihilominus

78 2402 209 2454 recusat.
253 2393 347 2453 Utitur
368 2393 500 2470 betlone,
526 2397 551 2454 si
571 2397 672 2473 miles,
701 2398 725 2455 si
748 2397 841 2456 inians
862 2398 915 2471 sit,
938 2398 963 2455 si
981 2399 1077 2476 reipu-

79 2477 178 2537 blioue
196 2495 284 2537 ouuso
304 2475 387 2537 obsit
432 2477 469 2538 Ει
487 2479 536 2538 illa
551 2490 652 2539 eontra
670 2482 817 2579 optionem
836 2479 968 2556 fortium,
994 2483 1077 2556 sity·

81 2547 231 2621 renuidem
246 2571 344 2639 petus,
367 2580 391 2621 ιι
384 2562 577 2639 templorum
592 2566 782 2623 eversionem
819 2563 971 2622 Plurimum
984 2582 1018 2624 ee
1029 2582 1078 2624 res
1085 2577 1121 2634 98
1196 2625 1198 2628 .

80 2645 184 2705 virium
205 2644 293 2704 babet
317 2654 416 2705 eontra
438 2647 584 2723 seriptum.
628 2646 727 2706 Utitur
742 2647 787 2707 lris
804 2644 907 2706 Gieero
929 2665 982 2724 pro
1005 2646 1077 2708 Cae·

83 2728 160 2805 eino,
174 2726 281 2789 UNDE
296 2728 345 2788 TU
360 2728 438 2790 AUl'
449 2727 603 2789 FAblILlA
614 2729 691 2790 AUT
702 2729 958 2792 PROGURATOR
969 2730 1077 2792 l'UUS.

82 2810 120 2872 ss·
140 2831 189 2875 me
210 2813 331 2873 villicus
352 2820 422 2874 tuus
440 2814 523 2874 solue
544 2815 712 2876 deiecisset.
755 2813 792 2875 Si
812 2833 885 2875 oero
907 2816 1079 2877 nebulone

83 2895 210 2974 quidem
229 2914 351 2957 seruum
366 2904 495 2974 praeter
515 2915 599 2973 eum,
621 2901 674 2975 qui
687 2918 735 2959 me
749 2900 911 2974 deiecerit,
934 2907 963 2957 et
977 2898 1034 2958 ulia
1050 2900 1078 2958 in

82 2978 188 3039 eodem
206 2978 281 3039 libro
302 2980 433 3058 plurimu.
478 2979 585 3039 Verum
607 2982 708 3041 endem
727 2982 806 3041 lletio
821 2981 899 3040 valet
914 2989 944 3039 et
958 2980 994 3040 ud
1007 2995 1120 3060 qna-99

81 3064 196 3123 litotes:
224 3061 260 3123 st
275 3061 407 3124 Contine
425 3082 493 3125 eum
506 3082 562 3126 ruo
576 3068 701 3127 umento
714 3066 903 3144 nefariorum
917 3065 1077 3143 bominum,

82 3163 160 3225 quos
172 3165 276 3208 seeum
290 3148 412 3223 eduxit,
429 3148 490 3208 buo
504 3148 543 3208 de
556 3166 593 3208 re
604 3157 705 3226 posset
717 3150 877 3224 iudicare,
893 3150 1077 3211 condemno-

82 3236 132 3291 τοι
152 3228 188 3291 t.
204 3227 365 3292 Murenam
371 3253 385 3300 ,·
414 3239 443 3291 et
463 3231 499 3289 ad
521 3232 785 3309 umpliliootiooem:
805 3230 840 3291 sa·
856 3233 913 3293 boe
929 3234 984 3294 tibi
998 3236 1078 3295 inter

82 3331 211 3376 coenum
225 3314 333 3375 inillis
347 3315 529 3376 immunibus
539 3317 661 3393 poculis
674 3316 733 3377 rou
751 3315 924 3378 uenditori.
971 3317 1021 3377 sio
1036 3326 1076 3391 et,

82 3396 120 3460 Si
134 3397 311 3476 respublica
322 3416 424 3459 nocem
439 3398 573 3459 baberet.

172 3480 231 3544 llos
253 3480 317 3541 lere
337 3481 423 3542 sedes
443 3483 607 3560 occepimus
628 3480 828 3561 probationum
846 3485 875 3543 iu
893 3485 1121 3561 uuiversum,1oo
