2434 3925
334 211 423 259 mss.
447 212 595 261 osanna.
618 214 687 260 nm.
710 190 801 280 nna,
1014 199 1072 261 231

52 368 210 428 dextrum
236 366 384 427 humerum
411 365 446 427 ab
474 367 530 425 imo
556 368 681 427 reiieere
707 363 829 427 solutum
851 385 887 427 ao
909 366 1072 441 delibatum,

54 452 205 530 fiuntque
225 451 318 511 adhue
338 451 423 529 peius
438 450 548 529 aliqua:
575 452 613 511 ita
630 469 681 510 our
696 451 835 510 laxiorem
852 452 942 509 sinum
957 451 1073 509 sinistro

55 535 198 596 brachio
220 552 277 594 non
297 531 500 594 subiioiamusl
536 534 630 594 Habet
652 536 812 594 enimuero
831 534 963 612 quiddam
986 543 1072 613 atque

57 618 245 697 expeditum
267 627 296 678 et
317 616 408 677 calori
423 612 666 696 conehtionique
681 636 739 677 non
753 618 888 678 inhabile.
916 614 986 676 Cum
1001 632 1130 686 veram

57 720 179 779 magna
197 720 266 780 pars
289 711 335 761 est
357 700 497 761 exhausta
515 703 670 777 orationis,
694 704 793 781 utique
811 702 926 762 aldante
944 701 1072 760 iortuna:

59 804 170 865 paene
188 786 282 846 omnia
298 785 419 860 decent,
444 785 533 845 sudor
555 787 619 864 ipse
641 795 671 846 et
684 786 820 862 fatigatio.
834 795 863 846 ot
879 784 1074 861 negligentior

60 871 196 930 amiotus
213 879 243 929 et
259 870 353 931 soluta
374 886 409 929 ao
426 869 505 928 velut
525 869 628 928 labens
647 871 771 949 undique
788 879 867 947 toga.
901 867 965 941 Quo
980 870 1072 944 magis
1081 875 1131 928 148

60 954 163 1013 miror
178 954 253 1014 hano
275 972 390 1033 quoqne
411 955 589 1013 succurrisse
606 952 711 1013 Plinio·
722 973 834 1029 curam,
856 961 887 1012 ut
902 953 940 1011 ita
956 951 1072 1012 sudario

62 1038 200 1097 frontem
216 1039 320 1098 sinoari
336 1037 512 1113 iuberetur
529 1054 630 1098 nomae
642 1038 834 1113 turbarentur,
851 1054 922 1116 quas
939 1038 1073 1112 componi

64 1130 141 1200 post
150 1122 278 1200 paulum,
291 1123 374 1182 sieuti
384 1122 500 1198 dignum
511 1129 583 1196 erat,
595 1123 724 1198 graviter
733 1130 762 1181 et
773 1121 985 1181 severevetuit.
1003 1117 1072 1179 Mihi

22 1269 32 1281 ,
63 1222 145 1264 vero
163 1206 233 1265 illae
255 1223 370 1284 quoque
392 1205 522 1266 turbatae
543 1223 615 1283 prae
637 1224 668 1264 se
685 1205 764 1265 ferre
776 1205 889 1284 'aliquid
904 1204 1026 1263 allectus
1043 1212 1072 1263 et

65 1291 137 1367 ipsa
155 1288 304 1349 oblivione
325 1307 412 1349 turae
428 1289 511 1349 huius
528 1289 721 1350 commendari
736 1289 877 1349 videntur.
908 1287 947 1347 At
962 1289 986 1346 si
1002 1288 1130 1346 inei-149

67 1372 221 1452 pientibus
237 1381 285 1432 aut
300 1373 414 1451 paulum
430 1373 597 1451 progressis
613 1373 729 1433 desidat
742 1382 825 1450 toga:
853 1390 910 1432 nou
925 1384 1072 1449 reponere

68 1474 138 1516 eam
154 1473 277 1535 prorsus
289 1456 465 1533 negligentis
479 1466 528 1516 aut
543 1457 633 1535 pigri,
657 1466 706 1518 aut
720 1457 866 1536 quomodo
883 1457 987 1517 deceat
1004 1457 1071 1516 ami·

70 1540 143 1616 oiri,
159 1541 321 1616 nescientis,
333 1548 387 1599 est.

158 1623 243 1684 Haeo
265 1632 329 1684 sunt
355 1624 404 1683 vel
429 1623 635 1684 illustramenta
659 1625 897 1701 pronuntiationis
921 1626 970 1685 vel
991 1628 1070 1703 vitia,

71 1706 178 1787 quibus
190 1708 350 1787 propositis
364 1707 451 1767 multa
467 1708 597 1784 cogitare
614 1707 703 1767 debet
717 1716 824 1767 orator.
846 1706 977 1784 Primum,
995 1713 1069 1789 quis,
1080 1718 1129 1770 150

71 1791 150 1869 apud
167 1808 257 1869 quos,
281 1791 384 1871 quibus
404 1790 606 1869 praesentibus
629 1793 665 1850 sit
682 1800 806 1851 acturus.
837 1790 910 1851 Nam
924 1802 954 1853 ut
969 1794 1068 1853 dioere

72 1875 131 1935 alia
152 1874 215 1935 aliis
233 1884 262 1934 et
283 1876 360 1954 apud
383 1876 458 1936 alios
478 1875 571 1951 magis
595 1892 766 1934 eoncessum
782 1884 842 1934 est:
862 1868 912 1935 'sio
927 1877 1012 1942 etiam
1027 1879 1069 1937 ia·

74 1978 155 2019 oete.
190 1958 293 2038 Neque
315 1959 416 2020 eadem
438 1960 574 2037 invooe,
598 1969 698 2036 gestu,
719 1959 851 2036 incessu,
873 1960 948 2039 apud
963 1964 1069 2039 prinoi-

74 2061 157 2122 pem,
175 2053 318 2118 senatum,
334 2044 488 2124 populum,
506 2044 705 2120 magistratus,
722 2045 845 2122 privato,
863 2044 981 2122 publico
998 2046 1068 2105 iudi·

77 2129 139 2203 oio,
160 2127 371 2206 postulatione,
393 2129 508 2189 actione
529 2128 661 2187 similiter
680 2128 795 2188 decent.
827 2126 919 2201 Quam
934 2129 1068 2190 differen-

76 2212 141 2271 tiam
156 2211 301 2271 subiioere
323 2212 379 2271 sibi
394 2214 533 2291 quisque,
557 2213 605 2290 qui
623 2213 743 2271 animum
759 2211 930 2287 intenderit,
956 2222 1067 2291 potest;
1087 2249 1089 2252 ·

77 2306 133 2357 tum
147 2313 201 2374 qua
217 2295 253 2355 de
268 2314 301 2355 re
317 2296 409 2370 dicat,
433 2304 462 2356 et
482 2296 603 2355 elicere
620 2296 689 2374 quid
703 2295 784 2355 velit.
816 2293 870 2355 Rei
888 2297 1126 2375 quadruplexltl

77 2379 239 2441 observatio
262 2387 316 2439 est.
351 2378 413 2439 Una
428 2381 456 2438 in
479 2388 538 2439 tota
554 2397 652 2439 eausa.
685 2380 756 2439 Sunt
771 2380 845 2439 einim
860 2381 975 2456 tristes,
999 2380 1070 2441 bila·

77 2482 135 2537 res,
151 2463 304 2537 sollicitae,
321 2481 455 2538 securae,
472 2463 609 2539 grandes,
628 2463 762 2541 pusillae,
781 2473 811 2524 ut
827 2464 877 2523 vix
889 2483 1015 2544 unquam
1031 2468 1070 2524 ita

79 2546 223 2607 sollicitari
238 2546 367 2625 partibus
385 2565 483 2607 earum
498 2546 672 2622 debeamus,
695 2557 725 2607 ut
746 2564 804 2607 non
825 2557 855 2608 et
869 2567 996 2609 summas
1011 2567 1070 2610 me·

79 2632 250 2700 minerimus;
279 2631 389 2706 altera,
416 2649 491 2710 quae
517 2639 562 2690 est
585 2632 614 2689 in
637 2631 798 2692 differentia
824 2634 960 2710 partium,
989 2640 1020 2692 ut
1042 2633 1127 2690 in152

79 2716 240 2792 prooemio,
268 2715 452 2791 narratione,
479 2716 741 2792 argumentatione,
771 2716 904 2794 epilogo;
930 2717 1016 2775 tertia
1041 2717 1069 2773 in

81 2800 222 2858 sententiis
237 2800 324 2877 ipsis,
343 2800 371 2858 in
388 2798 492 2877 quibus
507 2799 664 2858 secundum
678 2817 729 2859 res
744 2808 774 2859 et
789 2800 911 2859 allectus
925 2800 1070 2859 variantur

82 2882 184 2947 omnia:
210 2891 311 2960 quarta
329 2884 357 2941 in
375 2880 492 2957 verbis,
515 2900 635 2959 quornm
655 2892 685 2943 ut
706 2891 751 2941 est
765 2884 885 2957 vitiosa,
908 2884 933 2941 si
948 2882 1069 2944 elfioere

82 2965 168 3024 omnia
184 2965 315 3043 velimus,
334 2966 468 3026 imitatio:
486 2968 525 3025 ita
541 2967 709 3044 quibusdam
724 2967 778 3025 nisi
794 2984 844 3025 sua
858 2974 958 3025 natura
971 2966 1068 3027 reddi·

82 3058 139 3122 tur,
153 3049 195 3107 vis
209 3050 300 3109 omnis
315 3050 453 3111 aufertur.
485 3047 576 3126 igitur
590 3050 619 3108 in
636 3049 859 3125 laudationibus,
876 3050 930 3118 nisi
947 3051 972 3109 si
987 3051 1126 3111 lune-153

83 3132 148 3192 bros
161 3140 256 3207 erunt,
273 3135 426 3209 gratiarnm
444 3134 575 3208 actione,
596 3134 813 3210 exhortatione,
836 3133 977 3193 similibus
993 3135 1069 3195 laeta

84 3225 111 3276 et
124 3215 268 3292 magnilica
283 3225 313 3275 et
327 3218 456 3279 sublimis
471 3226 517 3280 est
531 3219 618 3279 attio.
649 3216 801 3294 Funebres
817 3219 983 3293 contiones,
1000 3236 1067 3277 oon-

85 3299 242 3375 solationes,
255 3299 424 3381 plerumque
437 3321 542 3364 causae
554 3318 670 3362 reorum
681 3303 779 3362 tristes
792 3312 878 3381 atque
890 3304 1068 3362 summissae,

85 3382 219 3445 luseratu
236 3386 435 3448 conservanda
450 3387 622 3463 auotoritas,
638 3386 713 3465 apud
730 3386 867 3465 populum
883 3387 1022 3463 dignitas,
1040 3386 1069 3443 in
