<?xml version="1.0" encoding="UTF-8"?>
<!DOCTYPE html PUBLIC "-//W3C//DTD XHTML 1.0 Transitional//EN"
    "http://www.w3.org/TR/xhtml1/DTD/xhtml1-transitional.dtd">
<html xmlns="http://www.w3.org/1999/xhtml" xml:lang="en" lang="en">
 <head>
  <title>
</title>
<meta http-equiv="Content-Type" content="text/html;charset=utf-8" />
  <meta name='ocr-system' content='tesseract 3.04.00' />
  <meta name='ocr-capabilities' content='ocr_page ocr_carea ocr_par ocr_line ocrx_word'/>
</head>
<body>
  <div class='ocr_page' id='page_1' title='image "./mfabiiquintilia08bonngoog_0100.png"; bbox 0 0 2434 3925; ppageno 0'>
   <div class='ocr_carea' id='block_1_1' title="bbox 172 178 844 251">
    <p class='ocr_par' dir='ltr' id='par_1_1' title="bbox 172 178 844 251">
     <span class='ocr_line' id='line_1_1' title="bbox 172 178 844 251; baseline -0.007 -7"><span class='ocrx_word' id='word_1_1' title='bbox 172 178 213 244; x_wconf 77' lang='grc'>66</span> <span class='ocrx_word' id='word_1_2' title='bbox 485 191 844 251; x_wconf 65' lang='grc' dir='ltr'>ιι.ιιΑΒ.ρυιιιιιιιιιιι</span> 
     </span>
    </p>
   </div>
   <div class='ocr_carea' id='block_1_2' title="bbox 105 345 1214 3531">
    <p class='ocr_par' dir='ltr' id='par_1_2' title="bbox 171 345 1158 511">
     <span class='ocr_line' id='line_1_2' title="bbox 171 345 1158 427; baseline -0.004 -17"><span class='ocrx_word' id='word_1_3' title='bbox 171 356 331 410; x_wconf 79' lang='lat' dir='ltr'>vecturum</span> <span class='ocrx_word' id='word_1_4' title='bbox 348 355 480 427; x_wconf 85' lang='lat' dir='ltr'>tempus,</span> <span class='ocrx_word' id='word_1_5' title='bbox 502 363 561 424; x_wconf 82' lang='lat' dir='ltr'>quo</span> <span class='ocrx_word' id='word_1_6' title='bbox 580 347 663 406; x_wconf 83' lang='lat' dir='ltr'>idem</span> <span class='ocrx_word' id='word_1_7' title='bbox 683 347 985 424; x_wconf 65' lang='lat' dir='ltr'>concambiassem</span> <span class='ocrx_word' id='word_1_8' title='bbox 1006 345 1045 406; x_wconf 89' lang='lat' dir='ltr'>ita</span> <span class='ocrx_word' id='word_1_9' title='bbox 1067 354 1097 406; x_wconf 91' lang='lat' dir='ltr'>et</span> <span class='ocrx_word' id='word_1_10' title='bbox 1118 346 1158 406; x_wconf 91' lang='lat' dir='ltr'>in·</span> 
     </span>
     <span class='ocr_line' id='line_1_3' title="bbox 171 430 873 511; baseline -0.007 -19"><span class='ocrx_word' id='word_1_11' title='bbox 171 434 258 511; x_wconf 89' lang='lat' dir='ltr'>genio</span> <span class='ocrx_word' id='word_1_12' title='bbox 273 431 437 509; x_wconf 79' lang='lat' dir='ltr'>gaudebant</span> <span class='ocrx_word' id='word_1_13' title='bbox 452 439 481 490; x_wconf 89' lang='lat' dir='ltr'>et</span> <span class='ocrx_word' id='word_1_14' title='bbox 496 431 601 489; x_wconf 91' lang='lat' dir='ltr'>iudicio</span> <span class='ocrx_word' id='word_1_15' title='bbox 617 445 674 488; x_wconf 93' lang='lat' dir='ltr'>non</span> <span class='ocrx_word' id='word_1_16' title='bbox 690 430 873 490; x_wconf 87' lang='lat' dir='ltr'>fallebantur.</span> 
     </span>
    </p>

    <p class='ocr_par' dir='ltr' id='par_1_3' title="bbox 131 512 1184 1347">
     <span class='ocr_line' id='line_1_4' title="bbox 131 512 1159 590; baseline -0.008 -11"><span class='ocrx_word' id='word_1_17' title='bbox 131 526 164 579; x_wconf 82' lang='lat'>15</span> <span class='ocrx_word' id='word_1_18' title='bbox 188 575 189 579; x_wconf 75' lang='grc'>,</span> <span class='ocrx_word' id='word_1_19' title='bbox 258 515 317 575; x_wconf 91' lang='lat' dir='ltr'>Sed</span> <span class='ocrx_word' id='word_1_20' title='bbox 340 524 370 574; x_wconf 92' lang='lat' dir='ltr'>ut</span> <span class='ocrx_word' id='word_1_21' title='bbox 392 532 428 574; x_wconf 90' lang='lat' dir='ltr'>eo</span> <span class='ocrx_word' id='word_1_22' title='bbox 452 523 598 588; x_wconf 86' lang='lat' dir='ltr'>revertar,</span> <span class='ocrx_word' id='word_1_23' title='bbox 620 512 696 572; x_wconf 88' lang='lat' dir='ltr'>unde</span> <span class='ocrx_word' id='word_1_24' title='bbox 714 533 775 573; x_wconf 91' lang='lat' dir='ltr'>sum</span> <span class='ocrx_word' id='word_1_25' title='bbox 793 515 957 590; x_wconf 87' lang='lat' dir='ltr'>digressus:</span> <span class='ocrx_word' id='word_1_26' title='bbox 982 514 1159 572; x_wconf 79' lang='lat' dir='ltr'><strong>narrationes</strong></span> 
     </span>
     <span class='ocr_line' id='line_1_5' title="bbox 173 597 1158 677; baseline -0.005 -18"><span class='ocrx_word' id='word_1_27' title='bbox 173 600 241 659; x_wconf 92' lang='lat' dir='ltr'>stilo</span> <span class='ocrx_word' id='word_1_28' title='bbox 261 600 393 677; x_wconf 88' lang='lat' dir='ltr'>componi</span> <span class='ocrx_word' id='word_1_29' title='bbox 408 607 513 675; x_wconf 90' lang='lat' dir='ltr'>quanta</span> <span class='ocrx_word' id='word_1_30' title='bbox 532 599 653 656; x_wconf 88' lang='lat' dir='ltr'>maxima</span> <span class='ocrx_word' id='word_1_31' title='bbox 670 600 763 675; x_wconf 79' lang='lat' dir='ltr'><strong>possit</strong></span> <span class='ocrx_word' id='word_1_32' title='bbox 778 598 901 658; x_wconf 88' lang='lat' dir='ltr'>adhibita</span> <span class='ocrx_word' id='word_1_33' title='bbox 919 597 1067 674; x_wconf 83' lang='lat' dir='ltr'>diligentia</span> <span class='ocrx_word' id='word_1_34' title='bbox 1079 597 1158 655; x_wconf 88' lang='lat' dir='ltr'>volo.</span> 
     </span>
     <span class='ocr_line' id='line_1_6' title="bbox 172 682 1158 760; baseline -0.004 -17"><span class='ocrx_word' id='word_1_35' title='bbox 172 683 245 743; x_wconf 90' lang='lat' dir='ltr'>Narn</span> <span class='ocrx_word' id='word_1_36' title='bbox 271 693 301 743; x_wconf 93' lang='lat' dir='ltr'>ut</span> <span class='ocrx_word' id='word_1_37' title='bbox 322 685 432 760; x_wconf 90' lang='lat' dir='ltr'>primo,</span> <span class='ocrx_word' id='word_1_38' title='bbox 456 701 519 741; x_wconf 88' lang='lat' dir='ltr'>cum</span> <span class='ocrx_word' id='word_1_39' title='bbox 541 698 638 740; x_wconf 89' lang='lat' dir='ltr'>sermo</span> <span class='ocrx_word' id='word_1_40' title='bbox 657 682 825 757; x_wconf 78' lang='lat' dir='ltr'>instituitur,</span> <span class='ocrx_word' id='word_1_41' title='bbox 848 682 946 741; x_wconf 89' lang='lat' dir='ltr'>dicere</span> <span class='ocrx_word' id='word_1_42' title='bbox 969 698 1043 759; x_wconf 90' lang='lat' dir='ltr'>quae</span> <span class='ocrx_word' id='word_1_43' title='bbox 1064 682 1158 740; x_wconf 87' lang='lat' dir='ltr'>audie·</span> 
     </span>
     <span class='ocr_line' id='line_1_7' title="bbox 173 764 1161 843; baseline -0.004 -17"><span class='ocrx_word' id='word_1_44' title='bbox 173 768 244 842; x_wconf 90' lang='lat' dir='ltr'>rint,</span> <span class='ocrx_word' id='word_1_45' title='bbox 273 766 343 825; x_wconf 87' lang='lat' dir='ltr'>utile</span> <span class='ocrx_word' id='word_1_46' title='bbox 371 774 416 826; x_wconf 85' lang='lat' dir='ltr'>est</span> <span class='ocrx_word' id='word_1_47' title='bbox 433 766 530 843; x_wconf 89' lang='lat' dir='ltr'>pueris</span> <span class='ocrx_word' id='word_1_48' title='bbox 560 764 596 824; x_wconf 93' lang='lat' dir='ltr'>ad</span> <span class='ocrx_word' id='word_1_49' title='bbox 621 764 756 843; x_wconf 90' lang='lat' dir='ltr'>loquendi</span> <span class='ocrx_word' id='word_1_50' title='bbox 778 765 957 831; x_wconf 64' lang='lat' dir='ltr'>facultatem</span> <span class='ocrx_word' id='word_1_51' title='bbox 985 766 1110 842; x_wconf 87' lang='lat' dir='ltr'>ideoque</span> <span class='ocrx_word' id='word_1_52' title='bbox 1132 772 1161 822; x_wconf 91' lang='lat' dir='ltr'>et</span> 
     </span>
     <span class='ocr_line' id='line_1_8' title="bbox 173 850 1160 927; baseline -0.003 -18"><span class='ocrx_word' id='word_1_53' title='bbox 173 860 252 910; x_wconf 91' lang='lat' dir='ltr'>retro</span> <span class='ocrx_word' id='word_1_54' title='bbox 275 868 364 927; x_wconf 82' lang='lat' dir='ltr'>agere</span> <span class='ocrx_word' id='word_1_55' title='bbox 387 850 598 927; x_wconf 86' lang='lat' dir='ltr'>expositionem</span> <span class='ocrx_word' id='word_1_56' title='bbox 621 857 650 907; x_wconf 89' lang='lat' dir='ltr'>et</span> <span class='ocrx_word' id='word_1_57' title='bbox 672 867 688 909; x_wconf 91' lang='lat' dir='ltr'>a</span> <span class='ocrx_word' id='word_1_58' title='bbox 715 850 808 909; x_wconf 88' lang='lat' dir='ltr'>media</span> <span class='ocrx_word' id='word_1_59' title='bbox 830 851 859 908; x_wconf 89' lang='lat' dir='ltr'>in</span> <span class='ocrx_word' id='word_1_60' title='bbox 880 859 1028 926; x_wconf 89' lang='lat' dir='ltr'>utramque</span> <span class='ocrx_word' id='word_1_61' title='bbox 1050 856 1160 926; x_wconf 88' lang='lat' dir='ltr'>partem</span> 
     </span>
     <span class='ocr_line' id='line_1_9' title="bbox 174 933 1160 1011; baseline -0.003 -18"><span class='ocrx_word' id='word_1_62' title='bbox 174 934 337 994; x_wconf 82' lang='lat' dir='ltr'>discurrere</span> <span class='ocrx_word' id='word_1_63' title='bbox 360 951 429 993; x_wconf 88' lang='lat' dir='ltr'>sane</span> <span class='ocrx_word' id='word_1_64' title='bbox 449 934 551 992; x_wconf 90' lang='lat' dir='ltr'>merito</span> <span class='ocrx_word' id='word_1_65' title='bbox 575 941 732 1009; x_wconf 88' lang='lat' dir='ltr'>cogantur,</span> <span class='ocrx_word' id='word_1_66' title='bbox 759 934 812 993; x_wconf 92' lang='lat' dir='ltr'>sed</span> <span class='ocrx_word' id='word_1_67' title='bbox 829 933 864 993; x_wconf 91' lang='lat' dir='ltr'>ad</span> <span class='ocrx_word' id='word_1_68' title='bbox 882 934 1020 1010; x_wconf 90' lang='lat' dir='ltr'>gremium</span> <span class='ocrx_word' id='word_1_69' title='bbox 1039 950 1160 1011; x_wconf 90' lang='lat' dir='ltr'>praece·</span> 
     </span>
     <span class='ocr_line' id='line_1_10' title="bbox 171 1016 1160 1097; baseline -0.004 -20"><span class='ocrx_word' id='word_1_70' title='bbox 171 1020 281 1097; x_wconf 83' lang='lat' dir='ltr'>ptoris,</span> <span class='ocrx_word' id='word_1_71' title='bbox 308 1027 337 1077; x_wconf 88' lang='lat' dir='ltr'>et</span> <span class='ocrx_word' id='word_1_72' title='bbox 359 1019 424 1076; x_wconf 88' lang='lat' dir='ltr'>dum</span> <span class='ocrx_word' id='word_1_73' title='bbox 444 1035 500 1076; x_wconf 95' lang='lat' dir='ltr'>non</span> <span class='ocrx_word' id='word_1_74' title='bbox 521 1024 658 1095; x_wconf 85' lang='lat' dir='ltr'>possunt,</span> <span class='ocrx_word' id='word_1_75' title='bbox 683 1025 712 1075; x_wconf 92' lang='lat' dir='ltr'>et</span> <span class='ocrx_word' id='word_1_76' title='bbox 736 1018 801 1077; x_wconf 90' lang='lat' dir='ltr'>dum</span> <span class='ocrx_word' id='word_1_77' title='bbox 821 1035 870 1076; x_wconf 90' lang='lat' dir='ltr'>res</span> <span class='ocrx_word' id='word_1_78' title='bbox 892 1035 927 1077; x_wconf 89' lang='lat' dir='ltr'>ac</span> <span class='ocrx_word' id='word_1_79' title='bbox 944 1016 1033 1076; x_wconf 89' lang='lat' dir='ltr'>verba</span> <span class='ocrx_word' id='word_1_80' title='bbox 1055 1033 1160 1075; x_wconf 91' lang='lat' dir='ltr'>conne-</span> 
     </span>
     <span class='ocr_line' id='line_1_11' title="bbox 172 1101 1161 1180; baseline -0.004 -18"><span class='ocrx_word' id='word_1_81' title='bbox 172 1107 252 1162; x_wconf 79' lang='lat' dir='ltr'>cter&#39;e</span> <span class='ocrx_word' id='word_1_82' title='bbox 274 1103 426 1180; x_wconf 89' lang='lat' dir='ltr'>incipiunt,</span> <span class='ocrx_word' id='word_1_83' title='bbox 454 1109 485 1159; x_wconf 91' lang='lat' dir='ltr'>ut</span> <span class='ocrx_word' id='word_1_84' title='bbox 505 1102 635 1179; x_wconf 91' lang='lat' dir='ltr'>protinus</span> <span class='ocrx_word' id='word_1_85' title='bbox 664 1102 829 1160; x_wconf 88' lang='lat' dir='ltr'>memoriam</span> <span class='ocrx_word' id='word_1_86' title='bbox 856 1101 982 1159; x_wconf 88' lang='lat' dir='ltr'>firment:</span> <span class='ocrx_word' id='word_1_87' title='bbox 1011 1102 1067 1174; x_wconf 87' lang='lat' dir='ltr'>ila,</span> <span class='ocrx_word' id='word_1_88' title='bbox 1097 1117 1161 1158; x_wconf 84' lang='lat' dir='ltr'>cunr</span> 
     </span>
     <span class='ocr_line' id='line_1_12' title="bbox 172 1184 1160 1262; baseline -0.005 -17"><span class='ocrx_word' id='word_1_89' title='bbox 172 1188 227 1245; x_wconf 90' lang='lat' dir='ltr'>iam</span> <span class='ocrx_word' id='word_1_90' title='bbox 255 1186 376 1245; x_wconf 81' lang='lat' dir='ltr'>formam</span> <span class='ocrx_word' id='word_1_91' title='bbox 403 1193 503 1244; x_wconf 87' lang='lat' dir='ltr'>rectae</span> <span class='ocrx_word' id='word_1_92' title='bbox 529 1193 616 1262; x_wconf 89' lang='lat' dir='ltr'>atque</span> <span class='ocrx_word' id='word_1_93' title='bbox 646 1185 813 1246; x_wconf 83' lang='lat' dir='ltr'>emendatae</span> <span class='ocrx_word' id='word_1_94' title='bbox 841 1185 979 1244; x_wconf 89' lang='lat' dir='ltr'>orationis</span> <span class='ocrx_word' id='word_1_95' title='bbox 1004 1184 1160 1261; x_wconf 82' lang='lat' dir='ltr'>accipient,</span> 
     </span>
     <span class='ocr_line' id='line_1_13' title="bbox 173 1267 1184 1347; baseline -0.003 -18"><span class='ocrx_word' id='word_1_96' title='bbox 173 1269 379 1347; x_wconf 87' lang='lat' dir='ltr'>extemporalis</span> <span class='ocrx_word' id='word_1_97' title='bbox 395 1267 548 1345; x_wconf 87' lang='lat' dir='ltr'>garrulitas</span> <span class='ocrx_word' id='word_1_98' title='bbox 570 1286 625 1327; x_wconf 92' lang='lat' dir='ltr'>nec</span> <span class='ocrx_word' id='word_1_99' title='bbox 648 1278 802 1347; x_wconf 88' lang='lat' dir='ltr'>expectata</span> <span class='ocrx_word' id='word_1_100' title='bbox 819 1270 957 1346; x_wconf 85' lang='lat' dir='ltr'>cogitatio</span> <span class='ocrx_word' id='word_1_101' title='bbox 978 1277 1007 1327; x_wconf 88' lang='lat' dir='ltr'>et</span> <span class='ocrx_word' id='word_1_102' title='bbox 1027 1270 1077 1326; x_wconf 87' lang='lat' dir='ltr'>vix</span> <span class='ocrx_word' id='word_1_103' title='bbox 1099 1286 1160 1325; x_wconf 89' lang='lat' dir='ltr'>sur·</span> <span class='ocrx_word' id='word_1_104' title='bbox 1181 1319 1184 1326; x_wconf 94' lang='grc'><em>,</em></span> 
     </span>
    </p>

    <p class='ocr_par' dir='ltr' id='par_1_4' title="bbox 131 1351 1160 1430">
     <span class='ocr_line' id='line_1_14' title="bbox 131 1351 1160 1430; baseline -0.008 -14"><span class='ocrx_word' id='word_1_105' title='bbox 131 1355 256 1430; x_wconf 76' lang='lat' dir='ltr'>ligendi</span> <span class='ocrx_word' id='word_1_106' title='bbox 278 1369 358 1412; x_wconf 90' lang='lat' dir='ltr'>mora</span> <span class='ocrx_word' id='word_1_107' title='bbox 380 1351 582 1411; x_wconf 89' lang='lat' dir='ltr'>circulatoriae</span> <span class='ocrx_word' id='word_1_108' title='bbox 599 1371 670 1412; x_wconf 87' lang='lat' dir='ltr'>vere</span> <span class='ocrx_word' id='word_1_109' title='bbox 693 1354 855 1412; x_wconf 91' lang='lat' dir='ltr'>iactationis</span> <span class='ocrx_word' id='word_1_110' title='bbox 879 1363 932 1412; x_wconf 89' lang='lat' dir='ltr'>est.</span> <span class='ocrx_word' id='word_1_111' title='bbox 964 1352 1037 1411; x_wconf 88' lang='lat' dir='ltr'>Hinc</span> <span class='ocrx_word' id='word_1_112' title='bbox 1057 1369 1160 1429; x_wconf 91' lang='lat' dir='ltr'>paren·</span> 
     </span>
    </p>

    <p class='ocr_par' dir='ltr' id='par_1_5' title="bbox 105 1436 1161 1767">
     <span class='ocr_line' id='line_1_15' title="bbox 105 1436 1161 1534; baseline -0.004 -38"><span class='ocrx_word' id='word_1_113' title='bbox 105 1456 108 1464; x_wconf 91' lang='lat'><em>·</em></span> <span class='ocrx_word' id='word_1_114' title='bbox 172 1438 240 1496; x_wconf 92' lang='lat' dir='ltr'>tium</span> <span class='ocrx_word' id='word_1_115' title='bbox 268 1437 464 1514; x_wconf 88' lang='lat' dir='ltr'>imperitorum</span> <span class='ocrx_word' id='word_1_116' title='bbox 490 1436 574 1495; x_wconf 90' lang='lat' dir='ltr'>inane</span> <span class='ocrx_word' id='word_1_117' title='bbox 601 1437 751 1513; x_wconf 89' lang='lat' dir='ltr'>gaudium,</span> <span class='ocrx_word' id='word_1_118' title='bbox 779 1438 849 1515; x_wconf 92' lang='lat' dir='ltr'>ipsis</span> <span class='ocrx_word' id='word_1_119' title='bbox 877 1455 948 1496; x_wconf 89' lang='lat' dir='ltr'>vero</span> <span class='ocrx_word' id='word_1_120' title='bbox 976 1444 1161 1534; x_wconf 32' lang='lat' dir='ltr'>‘contemptus</span> 
     </span>
     <span class='ocr_line' id='line_1_16' title="bbox 172 1518 1161 1598; baseline -0.004 -19"><span class='ocrx_word' id='word_1_121' title='bbox 172 1521 270 1598; x_wconf 88' lang='lat' dir='ltr'>operis</span> <span class='ocrx_word' id='word_1_122' title='bbox 294 1529 322 1579; x_wconf 92' lang='lat' dir='ltr'>et</span> <span class='ocrx_word' id='word_1_123' title='bbox 344 1521 536 1579; x_wconf 90' lang='lat' dir='ltr'>inverecunda</span> <span class='ocrx_word' id='word_1_124' title='bbox 559 1521 640 1579; x_wconf 87' lang='lat' dir='ltr'>frons</span> <span class='ocrx_word' id='word_1_125' title='bbox 660 1529 690 1580; x_wconf 91' lang='lat' dir='ltr'>et</span> <span class='ocrx_word' id='word_1_126' title='bbox 707 1521 884 1581; x_wconf 88' lang='lat' dir='ltr'>consuetudo</span> <span class='ocrx_word' id='word_1_127' title='bbox 903 1522 1030 1598; x_wconf 89' lang='lat' dir='ltr'>pessime</span> <span class='ocrx_word' id='word_1_128' title='bbox 1048 1518 1161 1578; x_wconf 88' lang='lat' dir='ltr'>dicendi</span> 
     </span>
     <span class='ocr_line' id='line_1_17' title="bbox 174 1603 1161 1682; baseline -0.005 -18"><span class='ocrx_word' id='word_1_129' title='bbox 174 1613 203 1664; x_wconf 90' lang='lat' dir='ltr'>et</span> <span class='ocrx_word' id='word_1_130' title='bbox 224 1604 362 1663; x_wconf 87' lang='lat' dir='ltr'>malorum</span> <span class='ocrx_word' id='word_1_131' title='bbox 380 1604 550 1662; x_wconf 84' lang='lat' dir='ltr'>exercitatio</span> <span class='ocrx_word' id='word_1_132' title='bbox 572 1614 619 1679; x_wconf 92' lang='lat' dir='ltr'>et,</span> <span class='ocrx_word' id='word_1_133' title='bbox 644 1623 717 1682; x_wconf 89' lang='lat' dir='ltr'>quae</span> <span class='ocrx_word' id='word_1_134' title='bbox 739 1621 859 1681; x_wconf 89' lang='lat' dir='ltr'>magnos</span> <span class='ocrx_word' id='word_1_135' title='bbox 878 1622 994 1682; x_wconf 89' lang='lat' dir='ltr'>quoque</span> <span class='ocrx_word' id='word_1_136' title='bbox 1011 1603 1161 1681; x_wconf 85' lang='lat' dir='ltr'>profectus</span> 
     </span>
     <span class='ocr_line' id='line_1_18' title="bbox 172 1681 1159 1767; baseline -0.004 -20"><span class='ocrx_word' id='word_1_137' title='bbox 172 1689 340 1767; x_wconf 78' lang='lat' dir='ltr'>frequenter</span> <span class='ocrx_word' id='word_1_138' title='bbox 360 1681 499 1765; x_wconf 78' lang='lat' dir='ltr'>perdidit,</span> <span class='ocrx_word' id='word_1_139' title='bbox 530 1705 669 1763; x_wconf 89' lang='lat' dir='ltr'>arrogans</span> <span class='ocrx_word' id='word_1_140' title='bbox 692 1688 757 1747; x_wconf 88' lang='lat' dir='ltr'>de</span> <span class='ocrx_word' id='word_1_141' title='bbox 754 1707 788 1747; x_wconf 90' lang='lat' dir='ltr'>se</span> <span class='ocrx_word' id='word_1_142' title='bbox 815 1690 966 1766; x_wconf 88' lang='lat' dir='ltr'>persuasio</span> <span class='ocrx_word' id='word_1_143' title='bbox 994 1688 1159 1745; x_wconf 87' lang='lat' dir='ltr'>innascitur</span> 
     </span>
    </p>

    <p class='ocr_par' dir='ltr' id='par_1_6' title="bbox 131 1769 1162 2354">
     <span class='ocr_line' id='line_1_19' title="bbox 131 1769 1161 1850; baseline -0.008 -15"><span class='ocrx_word' id='word_1_144' title='bbox 131 1772 234 1837; x_wconf 84' lang='lat' dir='ltr'>17Erit</span> <span class='ocrx_word' id='word_1_145' title='bbox 262 1790 344 1832; x_wconf 92' lang='lat' dir='ltr'>suum</span> <span class='ocrx_word' id='word_1_146' title='bbox 365 1772 508 1849; x_wconf 88' lang='lat' dir='ltr'>parandae</span> <span class='ocrx_word' id='word_1_147' title='bbox 531 1771 661 1832; x_wconf 85' lang='lat' dir='ltr'>facilitati</span> <span class='ocrx_word' id='word_1_148' title='bbox 689 1770 818 1850; x_wconf 89' lang='lat' dir='ltr'>tempus,</span> <span class='ocrx_word' id='word_1_149' title='bbox 848 1791 903 1831; x_wconf 84' lang='lat' dir='ltr'>nec</span> <span class='ocrx_word' id='word_1_150' title='bbox 924 1790 941 1832; x_wconf 89' lang='lat' dir='ltr'>a</span> <span class='ocrx_word' id='word_1_151' title='bbox 963 1770 1046 1829; x_wconf 92' lang='lat' dir='ltr'>nobis</span> <span class='ocrx_word' id='word_1_152' title='bbox 1069 1769 1161 1846; x_wconf 88' lang='lat' dir='ltr'>negli-</span> 
     </span>
     <span class='ocr_line' id='line_1_20' title="bbox 171 1855 1162 1934; baseline -0.006 -18"><span class='ocrx_word' id='word_1_153' title='bbox 171 1866 275 1934; x_wconf 90' lang='lat' dir='ltr'>genter</span> <span class='ocrx_word' id='word_1_154' title='bbox 302 1855 385 1915; x_wconf 91' lang='lat' dir='ltr'>locus</span> <span class='ocrx_word' id='word_1_155' title='bbox 407 1855 462 1914; x_wconf 91' lang='lat' dir='ltr'>iste</span> <span class='ocrx_word' id='word_1_156' title='bbox 491 1855 665 1915; x_wconf 91' lang='lat' dir='ltr'>transibitur.</span> <span class='ocrx_word' id='word_1_157' title='bbox 709 1855 825 1915; x_wconf 87' lang='lat' dir='ltr'>interim</span> <span class='ocrx_word' id='word_1_158' title='bbox 852 1858 922 1916; x_wconf 89' lang='lat' dir='ltr'>satis</span> <span class='ocrx_word' id='word_1_159' title='bbox 951 1863 1011 1930; x_wconf 90' lang='lat' dir='ltr'>est,</span> <span class='ocrx_word' id='word_1_160' title='bbox 1041 1855 1066 1911; x_wconf 91' lang='lat' dir='ltr'>si</span> <span class='ocrx_word' id='word_1_161' title='bbox 1089 1871 1162 1932; x_wconf 88' lang='lat' dir='ltr'>puer</span> 
     </span>
     <span class='ocr_line' id='line_1_21' title="bbox 172 1937 1161 2019; baseline -0.006 -18"><span class='ocrx_word' id='word_1_162' title='bbox 172 1942 247 2001; x_wconf 90' lang='lat' dir='ltr'>omni</span> <span class='ocrx_word' id='word_1_163' title='bbox 269 1958 336 2001; x_wconf 89' lang='lat' dir='ltr'>cura</span> <span class='ocrx_word' id='word_1_164' title='bbox 352 1946 381 1998; x_wconf 89' lang='lat' dir='ltr'>et</span> <span class='ocrx_word' id='word_1_165' title='bbox 401 1956 528 2014; x_wconf 87' lang='lat' dir='ltr'>summo,</span> <span class='ocrx_word' id='word_1_166' title='bbox 552 1950 687 2018; x_wconf 88' lang='lat' dir='ltr'>quantum</span> <span class='ocrx_word' id='word_1_167' title='bbox 708 1939 757 1999; x_wconf 93' lang='lat' dir='ltr'>illa</span> <span class='ocrx_word' id='word_1_168' title='bbox 773 1940 968 2019; x_wconf 84' lang='lat' dir='ltr'>aetas·capit,</span> <span class='ocrx_word' id='word_1_169' title='bbox 991 1937 1092 1999; x_wconf 89' lang='lat' dir='ltr'>labore</span> <span class='ocrx_word' id='word_1_170' title='bbox 1111 1937 1161 1997; x_wconf 93' lang='lat' dir='ltr'>ali·</span> 
     </span>
     <span class='ocr_line' id='line_1_22' title="bbox 172 2022 1162 2103; baseline -0.005 -20"><span class='ocrx_word' id='word_1_171' title='bbox 172 2025 239 2103; x_wconf 86' lang='lat' dir='ltr'>quid</span> <span class='ocrx_word' id='word_1_172' title='bbox 261 2022 414 2102; x_wconf 87' lang='lat' dir='ltr'>probabile</span> <span class='ocrx_word' id='word_1_173' title='bbox 435 2025 602 2102; x_wconf 88' lang='lat' dir='ltr'>scripserit;</span> <span class='ocrx_word' id='word_1_174' title='bbox 626 2026 654 2083; x_wconf 92' lang='lat' dir='ltr'>in</span> <span class='ocrx_word' id='word_1_175' title='bbox 676 2024 732 2083; x_wconf 91' lang='lat' dir='ltr'>hoc</span> <span class='ocrx_word' id='word_1_176' title='bbox 751 2032 916 2099; x_wconf 88' lang='lat' dir='ltr'>assuescat,</span> <span class='ocrx_word' id='word_1_177' title='bbox 941 2023 1022 2083; x_wconf 87' lang='lat' dir='ltr'>huius</span> <span class='ocrx_word' id='word_1_178' title='bbox 1044 2022 1099 2080; x_wconf 93' lang='lat' dir='ltr'>sibi</span> <span class='ocrx_word' id='word_1_179' title='bbox 1120 2022 1162 2079; x_wconf 92' lang='lat' dir='ltr'>rei</span> 
     </span>
     <span class='ocr_line' id='line_1_23' title="bbox 172 2105 1162 2187; baseline -0.005 -19"><span class='ocrx_word' id='word_1_180' title='bbox 172 2118 300 2168; x_wconf 89' lang='lat' dir='ltr'>naturam</span> <span class='ocrx_word' id='word_1_181' title='bbox 321 2108 417 2166; x_wconf 86' lang='lat' dir='ltr'>iaciat.</span> <span class='ocrx_word' id='word_1_182' title='bbox 446 2105 501 2166; x_wconf 88' lang='lat' dir='ltr'>Ille</span> <span class='ocrx_word' id='word_1_183' title='bbox 523 2108 634 2166; x_wconf 87' lang='lat' dir='ltr'>demum</span> <span class='ocrx_word' id='word_1_184' title='bbox 651 2110 679 2167; x_wconf 94' lang='lat' dir='ltr'>in</span> <span class='ocrx_word' id='word_1_185' title='bbox 700 2108 746 2184; x_wconf 89' lang='lat' dir='ltr'>id,</span> <span class='ocrx_word' id='word_1_186' title='bbox 769 2109 845 2187; x_wconf 87' lang='lat' dir='ltr'>quod</span> <span class='ocrx_word' id='word_1_187' title='bbox 863 2108 1042 2187; x_wconf 87' lang='lat' dir='ltr'>quaerimus,</span> <span class='ocrx_word' id='word_1_188' title='bbox 1065 2114 1114 2164; x_wconf 91' lang='lat' dir='ltr'>aut</span> <span class='ocrx_word' id='word_1_189' title='bbox 1135 2106 1162 2163; x_wconf 91' lang='lat' dir='ltr'>ei</span> 
     </span>
     <span class='ocr_line' id='line_1_24' title="bbox 171 2189 1162 2271; baseline -0.005 -20"><span class='ocrx_word' id='word_1_190' title='bbox 171 2193 332 2271; x_wconf 84' lang='lat' dir='ltr'>proximum</span> <span class='ocrx_word' id='word_1_191' title='bbox 357 2191 464 2267; x_wconf 89' lang='lat' dir='ltr'>poterit</span> <span class='ocrx_word' id='word_1_192' title='bbox 493 2192 634 2268; x_wconf 87' lang='lat' dir='ltr'>evadere,</span> <span class='ocrx_word' id='word_1_193' title='bbox 663 2194 711 2270; x_wconf 88' lang='lat' dir='ltr'>qui</span> <span class='ocrx_word' id='word_1_194' title='bbox 739 2202 804 2252; x_wconf 88' lang='lat' dir='ltr'>ante</span> <span class='ocrx_word' id='word_1_195' title='bbox 829 2194 922 2251; x_wconf 90' lang='lat' dir='ltr'>discet</span> <span class='ocrx_word' id='word_1_196' title='bbox 950 2199 1032 2250; x_wconf 88' lang='lat' dir='ltr'>recte</span> <span class='ocrx_word' id='word_1_197' title='bbox 1063 2189 1162 2248; x_wconf 88' lang='lat' dir='ltr'>dicere</span> 
     </span>
     <span class='ocr_line' id='line_1_25' title="bbox 173 2275 349 2354; baseline -0.012 -20"><span class='ocrx_word' id='word_1_198' title='bbox 173 2293 257 2354; x_wconf 83' lang='lat' dir='ltr'>quam</span> <span class='ocrx_word' id='word_1_199' title='bbox 282 2275 349 2334; x_wconf 90' lang='lat' dir='ltr'>cito.</span> 
     </span>
    </p>

    <p class='ocr_par' dir='ltr' id='par_1_7' title="bbox 130 2356 1214 2941">
     <span class='ocr_line' id='line_1_26' title="bbox 130 2356 1165 2458; baseline -0.006 -38"><span class='ocrx_word' id='word_1_200' title='bbox 130 2367 213 2420; x_wconf 86' lang='grc'>18</span> <span class='ocrx_word' id='word_1_201' title='bbox 257 2357 474 2417; x_wconf 89' lang='lat' dir='ltr'>Narrationibus</span> <span class='ocrx_word' id='word_1_202' title='bbox 490 2375 546 2418; x_wconf 91' lang='lat' dir='ltr'>non</span> <span class='ocrx_word' id='word_1_203' title='bbox 562 2359 698 2419; x_wconf 92' lang='lat' dir='ltr'>inutiliter</span> <span class='ocrx_word' id='word_1_204' title='bbox 712 2359 891 2458; x_wconf 87' lang='lat' dir='ltr'>subiungitur</span> <span class='ocrx_word' id='word_1_205' title='bbox 907 2375 979 2437; x_wconf 88' lang='lat' dir='ltr'>opus</span> <span class='ocrx_word' id='word_1_206' title='bbox 997 2356 1165 2417; x_wconf 91' lang='lat' dir='ltr'>destruendi</span> 
     </span>
     <span class='ocr_line' id='line_1_27' title="bbox 174 2432 1163 2541; baseline -0.003 -39"><span class='ocrx_word' id='word_1_207' title='bbox 174 2442 417 2518; x_wconf 85' lang='lat' dir='ltr'>confirmandique</span> <span class='ocrx_word' id='word_1_208' title='bbox 441 2460 509 2517; x_wconf 86' lang='lat' dir='ltr'>eas,</span> <span class='ocrx_word' id='word_1_209' title='bbox 533 2434 644 2541; x_wconf 82' lang='lat' dir='ltr'>quod’</span> <span class='ocrx_word' id='word_1_210' title='bbox 628 2435 776 2521; x_wconf 80' lang='grc' dir='ltr'><strong><em>ανασκευὴ</em></strong></span> <span class='ocrx_word' id='word_1_211' title='bbox 801 2452 830 2513; x_wconf 87' lang='lat' dir='ltr'>et</span> <span class='ocrx_word' id='word_1_212' title='bbox 851 2432 1016 2519; x_wconf 76' lang='grc' dir='ltr'><strong><em>κατασκευὴ</em></strong></span> <span class='ocrx_word' id='word_1_213' title='bbox 1030 2451 1163 2500; x_wconf 87' lang='lat' dir='ltr'>vocatur.</span> 
     </span>
     <span class='ocr_line' id='line_1_28' title="bbox 172 2525 1165 2604; baseline -0.004 -18"><span class='ocrx_word' id='word_1_214' title='bbox 172 2526 204 2586; x_wconf 93' lang='lat' dir='ltr'>ld</span> <span class='ocrx_word' id='word_1_215' title='bbox 226 2542 314 2604; x_wconf 91' lang='lat' dir='ltr'>porro</span> <span class='ocrx_word' id='word_1_216' title='bbox 340 2542 397 2583; x_wconf 91' lang='lat' dir='ltr'>non</span> <span class='ocrx_word' id='word_1_217' title='bbox 420 2534 527 2585; x_wconf 89' lang='lat' dir='ltr'>tantum</span> <span class='ocrx_word' id='word_1_218' title='bbox 557 2528 585 2585; x_wconf 94' lang='lat' dir='ltr'>in</span> <span class='ocrx_word' id='word_1_219' title='bbox 606 2526 747 2586; x_wconf 90' lang='lat' dir='ltr'>iabulosis</span> <span class='ocrx_word' id='word_1_220' title='bbox 771 2537 799 2586; x_wconf 89' lang='lat' dir='ltr'>et</span> <span class='ocrx_word' id='word_1_221' title='bbox 821 2529 945 2589; x_wconf 89' lang='lat' dir='ltr'>carmine</span> <span class='ocrx_word' id='word_1_222' title='bbox 967 2525 1077 2585; x_wconf 88' lang='lat' dir='ltr'>traditis</span> <span class='ocrx_word' id='word_1_223' title='bbox 1100 2525 1165 2583; x_wconf 87' lang='lat' dir='ltr'>lieri</span> 
     </span>
     <span class='ocr_line' id='line_1_29' title="bbox 172 2609 1166 2689; baseline -0.004 -20"><span class='ocrx_word' id='word_1_224' title='bbox 172 2619 271 2689; x_wconf 87' lang='lat' dir='ltr'>potest</span> <span class='ocrx_word' id='word_1_225' title='bbox 291 2626 391 2669; x_wconf 88' lang='lat' dir='ltr'>verum</span> <span class='ocrx_word' id='word_1_226' title='bbox 412 2612 496 2668; x_wconf 90' lang='lat' dir='ltr'>etiarn</span> <span class='ocrx_word' id='word_1_227' title='bbox 519 2612 547 2668; x_wconf 89' lang='lat' dir='ltr'>in</span> <span class='ocrx_word' id='word_1_228' title='bbox 569 2612 640 2688; x_wconf 91' lang='lat' dir='ltr'>ipsis</span> <span class='ocrx_word' id='word_1_229' title='bbox 664 2612 805 2671; x_wconf 90' lang='lat' dir='ltr'>annalium</span> <span class='ocrx_word' id='word_1_230' title='bbox 828 2611 1033 2684; x_wconf 89' lang='lat' dir='ltr'>monumentis,</span> <span class='ocrx_word' id='word_1_231' title='bbox 1062 2617 1108 2683; x_wconf 86' lang='lat' dir='ltr'>ut,</span> <span class='ocrx_word' id='word_1_232' title='bbox 1140 2609 1166 2666; x_wconf 90' lang='lat' dir='ltr'>si</span> 
     </span>
     <span class='ocr_line' id='line_1_30' title="bbox 174 2694 1168 2773; baseline -0.002 -19"><span class='ocrx_word' id='word_1_233' title='bbox 174 2702 343 2772; x_wconf 88' lang='lat' dir='ltr'>quaeratur,</span> <span class='ocrx_word' id='word_1_234' title='bbox 366 2712 408 2754; x_wconf 85' lang='lat' dir='ltr'>an</span> <span class='ocrx_word' id='word_1_235' title='bbox 428 2695 466 2754; x_wconf 86' lang='lat' dir='ltr'>sit</span> <span class='ocrx_word' id='word_1_236' title='bbox 484 2696 632 2755; x_wconf 80' lang='lat' dir='ltr'>credibile</span> <span class='ocrx_word' id='word_1_237' title='bbox 649 2713 745 2773; x_wconf 72' lang='lat' dir='ltr'>stipes·</span> <span class='ocrx_word' id='word_1_238' title='bbox 759 2704 852 2773; x_wconf 80' lang='lat' dir='ltr'>capot</span> <span class='ocrx_word' id='word_1_239' title='bbox 870 2694 985 2757; x_wconf 80' lang='lat' dir='ltr'>Valerii</span> <span class='ocrx_word' id='word_1_240' title='bbox 998 2694 1168 2772; x_wconf 76' lang='lat' dir='ltr'>pugnantis</span> 
     </span>
     <span class='ocr_line' id='line_1_31' title="bbox 173 2779 1214 2858; baseline -0.004 -18"><span class='ocrx_word' id='word_1_241' title='bbox 173 2780 291 2840; x_wconf 76' lang='lat' dir='ltr'>sedisse</span> <span class='ocrx_word' id='word_1_242' title='bbox 309 2796 446 2853; x_wconf 82' lang='lat' dir='ltr'>corvum,</span> <span class='ocrx_word' id='word_1_243' title='bbox 465 2779 518 2855; x_wconf 82' lang='lat' dir='ltr'>qui</span> <span class='ocrx_word' id='word_1_244' title='bbox 533 2798 567 2839; x_wconf 87' lang='lat' dir='ltr'>os</span> <span class='ocrx_word' id='word_1_245' title='bbox 580 2780 742 2858; x_wconf 80' lang='lat' dir='ltr'>ocsdosqce</span> <span class='ocrx_word' id='word_1_246' title='bbox 760 2780 851 2839; x_wconf 79' lang='lat' dir='ltr'>bostis</span> <span class='ocrx_word' id='word_1_247' title='bbox 867 2780 946 2840; x_wconf 84' lang='lat' dir='ltr'>Galli</span> <span class='ocrx_word' id='word_1_248' title='bbox 959 2785 1168 2853; x_wconf 80' lang='lat' dir='ltr'>rostroatquc</span> <span class='ocrx_word' id='word_1_249' title='bbox 1210 2839 1214 2851; x_wconf 34' lang='lat'><strong>⁴</strong></span> 
     </span>
     <span class='ocr_line' id='line_1_32' title="bbox 175 2859 1167 2941; baseline -0.004 -19"><span class='ocrx_word' id='word_1_250' title='bbox 175 2863 234 2924; x_wconf 87' lang='lat' dir='ltr'>ulis</span> <span class='ocrx_word' id='word_1_251' title='bbox 252 2863 464 2939; x_wconf 82' lang='lat' dir='ltr'>eoerberorel,</span> <span class='ocrx_word' id='word_1_252' title='bbox 486 2863 524 2921; x_wconf 89' lang='lat' dir='ltr'>sit</span> <span class='ocrx_word' id='word_1_253' title='bbox 545 2863 572 2921; x_wconf 91' lang='lat' dir='ltr'>iu</span> <span class='ocrx_word' id='word_1_254' title='bbox 591 2872 868 2941; x_wconf 87' lang='lat' dir='ltr'>utramquepartem</span> <span class='ocrx_word' id='word_1_255' title='bbox 889 2865 990 2940; x_wconf 87' lang='lat' dir='ltr'>ingens</span> <span class='ocrx_word' id='word_1_256' title='bbox 1010 2860 1045 2920; x_wconf 94' lang='lat' dir='ltr'>ad</span> <span class='ocrx_word' id='word_1_257' title='bbox 1065 2859 1167 2919; x_wconf 92' lang='lat' dir='ltr'>dicen·</span> 
     </span>
    </p>

    <p class='ocr_par' dir='ltr' id='par_1_8' title="bbox 132 2945 1167 3277">
     <span class='ocr_line' id='line_1_33' title="bbox 132 2945 1167 3026; baseline -0.005 -18"><span class='ocrx_word' id='word_1_258' title='bbox 132 2954 166 3008; x_wconf 81' lang='lat'>19</span> <span class='ocrx_word' id='word_1_259' title='bbox 175 2947 240 3006; x_wconf 91' lang='lat' dir='ltr'>dum</span> <span class='ocrx_word' id='word_1_260' title='bbox 260 2947 392 3014; x_wconf 79' lang='lat' dir='ltr'>materia3</span> <span class='ocrx_word' id='word_1_261' title='bbox 415 2955 463 3005; x_wconf 90' lang='lat' dir='ltr'>aut</span> <span class='ocrx_word' id='word_1_262' title='bbox 485 2947 698 3026; x_wconf 62' lang='lat' dir='ltr'>decerpentis,</span> <span class='ocrx_word' id='word_1_263' title='bbox 721 2964 780 3025; x_wconf 82' lang='lat' dir='ltr'>quo</span> <span class='ocrx_word' id='word_1_264' title='bbox 799 2947 903 3026; x_wconf 85' lang='lat' dir='ltr'>Scipio</span> <span class='ocrx_word' id='word_1_265' title='bbox 924 2947 1059 3007; x_wconf 83' lang='lat' dir='ltr'>traditur</span> <span class='ocrx_word' id='word_1_266' title='bbox 1077 2945 1167 3022; x_wconf 76' lang='lat' dir='ltr'>peni·</span> 
     </span>
     <span class='ocr_line' id='line_1_34' title="bbox 173 3027 1166 3109; baseline -0.004 -18"><span class='ocrx_word' id='word_1_267' title='bbox 173 3039 237 3108; x_wconf 87' lang='lat' dir='ltr'>tus,</span> <span class='ocrx_word' id='word_1_268' title='bbox 256 3039 289 3089; x_wconf 87' lang='lat' dir='ltr'>et</span> <span class='ocrx_word' id='word_1_269' title='bbox 309 3031 383 3109; x_wconf 83' lang='lat' dir='ltr'>lupo</span> <span class='ocrx_word' id='word_1_270' title='bbox 401 3029 520 3091; x_wconf 81' lang='lat' dir='ltr'>Romuli</span> <span class='ocrx_word' id='word_1_271' title='bbox 541 3039 569 3089; x_wconf 92' lang='lat' dir='ltr'>et</span> <span class='ocrx_word' id='word_1_272' title='bbox 590 3028 707 3109; x_wconf 76' lang='lat' dir='ltr'>Egerio</span> <span class='ocrx_word' id='word_1_273' title='bbox 727 3029 855 3093; x_wconf 83' lang='lat' dir='ltr'>Numae.</span> <span class='ocrx_word' id='word_1_274' title='bbox 885 3030 957 3091; x_wconf 88' lang='lat' dir='ltr'>Nam</span> <span class='ocrx_word' id='word_1_275' title='bbox 981 3028 1102 3095; x_wconf 84' lang='lat' dir='ltr'>Graccis</span> <span class='ocrx_word' id='word_1_276' title='bbox 1123 3027 1166 3087; x_wconf 90' lang='lat' dir='ltr'>hi·</span> 
     </span>
     <span class='ocr_line' id='line_1_35' title="bbox 173 3113 1167 3192; baseline -0.002 -20"><span class='ocrx_word' id='word_1_277' title='bbox 173 3114 270 3173; x_wconf 91' lang='lat' dir='ltr'>storiis</span> <span class='ocrx_word' id='word_1_278' title='bbox 291 3113 460 3192; x_wconf 88' lang='lat' dir='ltr'>plerumque</span> <span class='ocrx_word' id='word_1_279' title='bbox 478 3116 613 3192; x_wconf 87' lang='lat' dir='ltr'>poeticae</span> <span class='ocrx_word' id='word_1_280' title='bbox 631 3115 730 3174; x_wconf 86' lang='lat' dir='ltr'>similis</span> <span class='ocrx_word' id='word_1_281' title='bbox 747 3116 863 3175; x_wconf 91' lang='lat' dir='ltr'>licentia</span> <span class='ocrx_word' id='word_1_282' title='bbox 878 3124 932 3174; x_wconf 90' lang='lat' dir='ltr'>est.</span> <span class='ocrx_word' id='word_1_283' title='bbox 961 3114 1057 3190; x_wconf 91' lang='lat' dir='ltr'>Saepe</span> <span class='ocrx_word' id='word_1_284' title='bbox 1079 3114 1167 3171; x_wconf 90' lang='lat' dir='ltr'>etiam</span> 
     </span>
     <span class='ocr_line' id='line_1_36' title="bbox 174 3186 1167 3277; baseline -0.002 -21"><span class='ocrx_word' id='word_1_285' title='bbox 174 3198 274 3275; x_wconf 89' lang='lat' dir='ltr'>quaeri</span> <span class='ocrx_word' id='word_1_286' title='bbox 290 3197 367 3258; x_wconf 90' lang='lat' dir='ltr'>solet</span> <span class='ocrx_word' id='word_1_287' title='bbox 382 3198 417 3256; x_wconf 91' lang='lat' dir='ltr'>de</span> <span class='ocrx_word' id='word_1_288' title='bbox 430 3186 571 3276; x_wconf 78' lang='lat' dir='ltr'>tempore,</span> <span class='ocrx_word' id='word_1_289' title='bbox 589 3199 625 3259; x_wconf 89' lang='lat' dir='ltr'>de</span> <span class='ocrx_word' id='word_1_290' title='bbox 645 3199 713 3260; x_wconf 93' lang='lat' dir='ltr'>loco</span> <span class='ocrx_word' id='word_1_291' title='bbox 731 3217 787 3277; x_wconf 90' lang='lat' dir='ltr'>quo</span> <span class='ocrx_word' id='word_1_292' title='bbox 802 3209 885 3275; x_wconf 90' lang='lat' dir='ltr'>gesta</span> <span class='ocrx_word' id='word_1_293' title='bbox 900 3217 948 3258; x_wconf 92' lang='lat' dir='ltr'>res</span> <span class='ocrx_word' id='word_1_294' title='bbox 963 3197 1077 3271; x_wconf 90' lang='lat' dir='ltr'>dicitur,</span> <span class='ocrx_word' id='word_1_295' title='bbox 1095 3212 1167 3255; x_wconf 89' lang='lat' dir='ltr'>non·</span> 
     </span>
    </p>

    <p class='ocr_par' dir='ltr' id='par_1_9' title="bbox 120 3280 1213 3441">
     <span class='ocr_line' id='line_1_37' title="bbox 120 3280 1168 3361; baseline 0 -21"><span class='ocrx_word' id='word_1_296' title='bbox 120 3283 122 3287; x_wconf 81' lang='grc'><strong>’</strong></span> <span class='ocrx_word' id='word_1_297' title='bbox 172 3298 314 3359; x_wconf 88' lang='lat' dir='ltr'>nunquam</span> <span class='ocrx_word' id='word_1_298' title='bbox 334 3280 370 3340; x_wconf 91' lang='lat' dir='ltr'>de</span> <span class='ocrx_word' id='word_1_299' title='bbox 397 3298 522 3358; x_wconf 89' lang='lat' dir='ltr'>persona</span> <span class='ocrx_word' id='word_1_300' title='bbox 545 3300 676 3361; x_wconf 88' lang='lat' dir='ltr'>quoque;</span> <span class='ocrx_word' id='word_1_301' title='bbox 705 3285 780 3342; x_wconf 91' lang='lat' dir='ltr'>sicut</span> <span class='ocrx_word' id='word_1_302' title='bbox 807 3283 902 3343; x_wconf 84' lang='lat' dir='ltr'>Livius</span> <span class='ocrx_word' id='word_1_303' title='bbox 929 3282 1168 3359; x_wconf 85' lang='lat' dir='ltr'>frequentissime</span> 
     </span>
     <span class='ocr_line' id='line_1_38' title="bbox 176 3364 1213 3441; baseline 0.001 -16"><span class='ocrx_word' id='word_1_304' title='bbox 176 3365 301 3440; x_wconf 87' lang='lat' dir='ltr'>dubitat,</span> <span class='ocrx_word' id='word_1_305' title='bbox 313 3364 423 3423; x_wconf 89' lang='lat' dir='ltr'>etalii</span> <span class='ocrx_word' id='word_1_306' title='bbox 446 3365 490 3423; x_wconf 92' lang='lat' dir='ltr'>ab</span> <span class='ocrx_word' id='word_1_307' title='bbox 503 3366 566 3425; x_wconf 90' lang='lat' dir='ltr'>aliis</span> <span class='ocrx_word' id='word_1_308' title='bbox 587 3366 716 3426; x_wconf 89' lang='lat' dir='ltr'>historici</span> <span class='ocrx_word' id='word_1_309' title='bbox 738 3368 917 3427; x_wconf 90' lang='lat' dir='ltr'>dissentiunt</span> <span class='ocrx_word' id='word_1_310' title='bbox 1208 3424 1213 3441; x_wconf 72' lang='grc'>,</span> 
     </span>
    </p>

    <p class='ocr_par' dir='ltr' id='par_1_10' title="bbox 131 3410 1177 3531">
     <span class='ocr_line' id='line_1_39' title="bbox 131 3410 1177 3531; baseline 0 -22"><span class='ocrx_word' id='word_1_311' title='bbox 131 3457 166 3512; x_wconf 73' lang='lat'>20</span> <span class='ocrx_word' id='word_1_312' title='bbox 255 3410 324 3511; x_wconf 92' lang='lat' dir='ltr'>lnde</span> <span class='ocrx_word' id='word_1_313' title='bbox 347 3449 482 3527; x_wconf 90' lang='lat' dir='ltr'>paulatim</span> <span class='ocrx_word' id='word_1_314' title='bbox 505 3451 540 3509; x_wconf 95' lang='lat' dir='ltr'>ad</span> <span class='ocrx_word' id='word_1_315' title='bbox 562 3453 670 3512; x_wconf 88' lang='lat' dir='ltr'>maiora</span> <span class='ocrx_word' id='word_1_316' title='bbox 696 3453 816 3512; x_wconf 88' lang='lat' dir='ltr'>tendere</span> <span class='ocrx_word' id='word_1_317' title='bbox 843 3452 978 3531; x_wconf 83' lang='lat' dir='ltr'>incipiet,</span> <span class='ocrx_word' id='word_1_318' title='bbox 1009 3449 1177 3515; x_wconf 81' lang='lat' dir='ltr'>laudare.</span> 
     </span>
    </p>
   </div>
   <div class='ocr_carea' id='block_1_3' title="bbox 0 0 1228 3925">
    <p class='ocr_par' dir='ltr' id='par_1_11' title="bbox 0 0 1228 3925">
     <span class='ocr_line' id='line_1_40' title="bbox 0 0 1228 3925; baseline 0 0"><span class='ocrx_word' id='word_1_319' title='bbox 0 0 1228 3925; x_wconf 95' lang='lat' dir='ltr'> </span> 
     </span>
    </p>
   </div>
  </div>
 </body>
</html>
