2434 3925
171 180 214 259 92
485 152 845 254 σσεσζσσισσισῐσσι

172 356 202 409 et
215 350 369 410 revocatio
381 347 477 424 verli,
493 354 523 409 et
536 348 602 423 illa,
619 364 698 426 quae
708 348 847 411 imiliter
860 349 1002 410 desinunt
1017 357 1075 410 ant
1091 360 1182 430 quae

172 433 289 493 cadant
305 433 442 493 aniliter
462 439 517 493 out
543 448 622 509 qnae
645 432 775 510 paribus
798 434 895 511 paria
914 434 1098 512 referuntur
1119 444 1180 497 aest

128 529 252 592 ecquae
265 525 335 576 sunt
348 519 428 576 inter
441 534 476 576 se
493 515 617 576 similia.
655 512 713 576 Est
734 516 825 577 ctiam
843 518 989 596 qradotio
1011 520 1177 595 quaedam

171 606 201 660 et
214 602 371 661 conversio
385 608 414 660 et
427 598 587 660 verboram
602 601 753 660 concinna
768 603 981 678 transqressio,
997 609 1027 661 et
1042 611 1173 664 contra·

169 686 251 745 rium
265 692 295 744 et
308 683 503 758 dissolutum,
520 690 550 745 et
563 674 728 743 declinatio
745 692 774 743 et
789 685 995 762 reprehensio,
1013 692 1042 746 et
1059 689 1172 748 erecta

169 767 262 827 matio
277 776 307 827 et
319 768 503 834 imminutio,·
523 774 552 826 et
577 767 691 844 quod
678 785 711 826 rn
727 766 829 828 multis
850 768 974 829 cambus
991 771 1125 847 ponitur
1146 777 1172 832 d

170 851 250 928 quod
265 851 305 910 dc
321 851 448 930 sinqulis
462 850 555 911 rebus
571 851 735 928 propositis
749 850 873 912 doctam
892 851 1029 929 refertur
1044 854 1095 914 ad
1108 856 1171 914 sin-

167 934 252 1012 qula,
268 942 298 995 et
313 936 358 996 ad
369 935 559 1013 propositum
572 934 804 996 subiectoratio
818 937 929 996 etitem
945 937 977 995 in
995 937 1171 998 distributis
1208 996 1209 999 ,

128 1019 330 1095 35sorpposita
353 1020 453 1087 ratio,·
474 1026 503 1078 et
521 1019 683 1101 permissio
704 1027 733 1078 et
752 1036 862 1080 rursus
883 1020 949 1080 alia
973 1020 1171 1084 dubitatioet

169 1102 365 1179 improvisum
380 1103 528 1180 quiddam
536 1123 551 1173 ,·
574 1109 604 1162 et
623 1101 826 1163 dinumeratio
847 1112 876 1164 et
891 1104 956 1164 alia
972 1107 1171 1167 correctiori
1208 1138 1209 1151 ε

170 1186 340 1284 dissipatio,
356 1195 385 1247 et
400 1186 604 1246 continuatum
623 1194 653 1246 et
666 1187 882 1264 interruptum,
906 1195 936 1247 et
950 1188 1051 1265 imaqo
1066 1198 1101 1248 et
1115 1189 1172 1250 sibi

168 1270 231 1346 ipsi
240 1271 441 1346 responsio,e
423 1270 628 1330 etimmutatio
644 1277 672 1330 et
687 1271 859 1369 disiunctio,
875 1279 902 1331 et
912 1272 988 1332 ordo
1002 1279 1032 1330 et
1046 1273 1170 1346 relatio,

128 1362 198 1424 aflet
215 1353 364 1432 diqressio
379 1360 408 1414 et
422 1354 672 1428 circumscriptio.
703 1351 789 1415 Haec
808 1357 888 1414 enim
903 1363 973 1415 svnt
991 1353 1060 1432 fere
1076 1364 1171 1434 atque
1208 1386 1209 1421 t

170 1436 276 1496 lorum
289 1438 402 1498 similia
417 1438 467 1498 vel
478 1438 571 1514 plara
585 1438 676 1496 etiarn
687 1455 753 1498 esse
764 1446 900 1515 possunt,
919 1454 998 1515 qnae
1011 1440 1170 1501 sententia

169 1521 337 1581 orationem
351 1520 573 1618 verborumque
588 1521 877 1599 conformationibus
890 1522 1067 1582 illuminent

254 1602 362 1663 Eadem
390 1612 457 1662 sunt
483 1605 512 1662 in
533 1601 656 1663 Oratore
677 1604 797 1681 plurima
825 1622 882 1664 non
903 1606 996 1664 omnia
1017 1613 1121 1665 temen
1144 1614 1169 1664 et

170 1687 258 1765 paulo
273 1689 365 1764 magis
380 1687 524 1762 distincta,
548 1690 614 1764 qnia
631 1696 698 1764 post
713 1691 850 1748 orationis
869 1697 899 1747 et
914 1689 1167 1750 sententiarum&

169 1788 256 1847 gurni
271 1772 384 1830 tertium
407 1771 548 1849 quendam
570 1770 693 1830 subiecit
716 1771 811 1831 locum
832 1773 868 1832 nd
885 1773 968 1849 alins,
990 1780 1020 1830 nt
1034 1774 1105 1850 ipse
1121 1774 1165 1847 cit,

128 1855 251 1932 37qunsi
268 1856 387 1914 virtutes
405 1854 518 1915 dicendi
536 1856 741 1932 pertinentem:
768 1852 962 1933 cereoque,
978 1873 1018 1914 eo
1033 1859 1165 1919 collocu-

148 1964 150 1969 ·
170 1941 249 2001 lione
261 1939 424 2001 verborum
439 1956 520 2017 quae
533 1947 693 2000 sumuntur
707 1941 799 2017 quasi
811 1941 936 2017 lumina,
954 1958 1104 2018 maqnum
1120 1940 1165 2019 os·

167 2024 272 2101 ferant
287 2033 431 2085 ornatum
453 2024 595 2086 orationi.
632 2022 711 2085 Sant
724 2025 804 2084 enirn
819 2026 932 2085 similia
945 2024 1020 2098 illis,
1037 2041 1123 2101 quae
1136 2026 1165 2085 iu

170 2109 270 2185 amplo
290 2116 400 2169 orrtatu
419 2126 533 2168 scenae
552 2112 607 2168 ant
624 2108 688 2186 fori
712 2108 909 2186 appellantur·
928 2109 1079 2185 insiqnia,
1108 2126 1165 2169 nou

129 2193 244 2267 asquia
257 2192 323 2252 sola
337 2199 445 2253 ornent
457 2192 515 2254 red
529 2192 611 2268 quod
624 2192 784 2255 eacellant.
823 2188 943 2253 Eadem
957 2193 1037 2252 ratio
1052 2199 1102 2252 est
1114 2192 1164 2252 lto·

170 2285 249 2350 rum,
264 2291 345 2352 quae
358 2282 428 2335 svnt
440 2276 588 2336 orationis
602 2275 718 2336 lumina
734 2284 763 2337 et
772 2276 908 2352 ‘quodam
921 2274 1011 2336 modo
1019 2275 1164 2354 insiqnio,

170 2377 239 2418 cum
253 2368 308 2419 ant
321 2359 519 2437 duplicantur
532 2361 744 2437 iteranturque
756 2359 852 2419 verba
866 2365 921 2420 ant
936 2358 1069 2419 breviter
1083 2376 1164 2419 com
1208 2425 1209 2434 χ

169 2448 287 2502 mutata
307 2450 478 2520 ponuntur,
506 2452 560 2504 avt
587 2442 628 2503 ab
653 2445 757 2504 eodem
780 2444 874 2504 verbo
896 2444 1020 2503 docitur
1039 2445 1164 2520 saepius

170 2526 269 2586 oratio
290 2535 344 2587 ant
358 2529 392 2586 in
405 2527 486 2586 idem
508 2527 668 2588 coniicitur·
688 2534 742 2587 ont
755 2535 933 2604 utramque,
950 2534 1005 2585 aut
1020 2526 1162 2605 adiunqi·

170 2617 225 2678 tur
240 2610 321 2670 idem
341 2611 484 2672 iteratum
509 2619 563 2671 aut
581 2612 663 2670 idern
682 2611 726 2671 ad
748 2618 915 2671 eatremum
936 2609 1090 2687 refertur,
1111 2615 1163 2670 out

172 2694 357 2755 continenter
370 2713 464 2755 unum
477 2694 603 2755 verbam
623 2712 683 2754 non
696 2695 729 2755 in
745 2694 853 2754 eadem
866 2694 1014 2754 sententia
1028 2694 1161 2771 ponitur,

128 2786 225 2844 teani
238 2797 307 2839 cnm
322 2778 461 2839 simliter
475 2778 526 2840 vel
538 2778 654 2838 cadnnt
669 2777 765 2838 verbo
778 2778 828 2838 vel
845 2778 1006 2858 desinente
1020 2785 1076 2836 out
1085 2777 1161 2837 mul-

171 2862 210 2922 tis
225 2863 322 2923 ’σεσσίἰσ
341 2863 505 2923 contrariis
527 2862 630 2923 relata
651 2862 830 2934 contraria,-
847 2867 903 2921 ont
924 2878 993 2920 cum
1007 2860 1163 2937 pradalim

170 2964 293 3007 sursum
306 2941 415 3007 versas
428 2947 566 3021 reditur,
581 2952 637 3005 ant
652 2945 777 3005 demotis
792 2942 1053 3004 corrinnctionibus
1066 2944 1161 3003 disso-

171 3029 231 3091 late
244 3031 337 3107 plara
356 3031 516 3105 dicuntur,
535 3037 589 3090 ant
612 3047 682 3089 cunr
700 3028 819 3105 aliquid
835 3033 1085 3105 praetereuntes,
1109 3044 1162 3087 cur

171 3112 206 3172 id
218 3112 382 3190 faciamus,
397 3114 590 3187 ostendimus,
607 3120 662 3172 ont
673 3130 741 3172 cum
752 3112 933 3189 corriqr‘mns
945 3119 1059 3171 nannet
1069 3112 1161 3188 ipsos,

172 3198 263 3273 qnasi
281 3196 551 3274 reprehendentes,
578 3203 633 3256 aut
658 3196 688 3256 si
712 3201 757 3255 est
780 3196 886 3272 aliqva
913 3194 1096 3255 exclamatio
1117 3194 1163 3255 vel

173 3280 386 3340 admirationis
400 3282 450 3342 vel
467 3279 702 3359 conquestionis,
724 3286 779 3339 out
798 3296 867 3339 cum
887 3278 1021 3339 eiusdem
1036 3278 1162 3339 nomim‘s

131 3368 266 3424 locanes
297 3364 421 3441 saepius
455 3368 684 3425 commntantur.
733 3359 959 3423 Sententiarum
986 3368 1162 3422 ornamento

174 3447 295 3509 maiora
322 3455 411 3517 sauls
440 3448 549 3524 quitus
579 3447 653 3525 qaia
679 3444 923 3524 frequentissime
949 3442 1162 3505 Dencostlenes
