2434 3925
329 208 418 257 rusr.
432 204 787 277 oaauon.u1s.vr11,3.
1018 201 1060 262 57
1096 252 1098 258 ,

62 383 171 439 sensu,
195 363 249 424 alia
265 371 397 440 reperta,
424 379 498 439 uuae
520 381 558 421 ex
578 363 623 422 bis
643 362 720 424 iacta
743 373 821 433 manu
852 375 882 426 ut
901 368 956 426 iam
975 366 1059 427 nobis

62 467 178 529 ponere
200 448 273 521 alia,
297 464 381 524 quam
401 463 474 522 quae
499 446 541 506 illi
562 446 648 506 rades
671 447 799 506 homines
820 451 961 546 primique
980 452 1060 511 iece-

63 543 148 608 runt,
172 532 216 591 ias
238 532 361 589 nonsit:
388 538 416 588 at
433 529 580 604 derivare,
604 530 743 605 flectere,
767 534 958 609 coniungere,
982 535 1058 612 quod

65 618 142 677 natis
166 623 270 694 postea
293 630 465 673 concessum
486 623 546 688 est,
571 614 683 691 quando
706 614 791 674 desiit
812 613 922 675 licere?
962 617 1014 691 Et,
1035 619 1100 681 si37

67 700 138 780 quid
163 696 354 777 periculosius
380 696 497 756 linxisse
526 696 702 773 videbimur,
729 685 898 776 quibusdam
924 663 1060 761 remediis

64 780 318 863 praemuniendum
340 789 398 839 est:
417 778 454 841 Ut
467 783 512 842 ita
526 782 638 856 dicum,
655 782 688 841 st
700 782 770 843 licet
786 784 902 857 dicere,
921 781 1060 881 Quodam

64 869 167 943 modo,
183 865 346 927 Permittite
359 864 471 924 mibi'
443 883 489 925 arc
505 865 560 926 uti
591 863 675 936 Quod
692 865 767 924 idem
779 867 886 926 etiam
877 884 905 925 ιιι
922 868 967 943 iis,
985 885 1059 945 quae

65 950 202 1012 licentius
217 948 354 1007 translata
369 955 461 1021 erunt,
477 948 616 1025 proderit,
632 948 759 1027 nihilque
774 966 830 1009 non
845 959 906 1009 tuto
922 950 978 1009 dici
994 959 1058 1029 pot·

66 1044 132 1109 est,
154 1034 183 1092 in
199 1049 257 1110 quo
274 1049 331 1091 non
346 1030 408 1090 ialli
423 992 556 1091 iudicium
573 1040 700 1090 nostrum
716 1034 931 1093 sollicitudine
922 1052 985 1112 rpsa
1001 1051 1059 1096 ma

66 1119 203 1178 niiestum
218 1118 282 1175 erit.
314 1114 376 1188 Qua
391 1114 427 1173 de
441 1132 474 1173 re
492 1113 633 1175 Graecum
655 1115 725 1175 illud
745 1118 988 1195 elegantissimum
1003 1128 1058 1193 est,

67 1218 127 1281 quo
142 1201 319 1279 praecipitur
333 1192 574 1296 mposmcmtdonscv
586 1221 623 1280 τῃ
609 1190 790 1282 ὑπερβολῇ.

155 1283 304 1343 Translata
319 1281 474 1359 probari
447 1283 501 1339 rusi
516 1284 544 1340 in
556 1292 690 1342 contextu
702 1285 843 1344 sermonis
857 1302 915 1345 non
926 1294 1057 1363 possunt.
1067 1294 1101 1347 38

67 1369 170 1446 ltaque
193 1368 230 1427 de
251 1365 371 1442 singulis
392 1364 490 1424 verbis
513 1367 582 1425 satis
604 1365 726 1442 dictum,
750 1387 841 1447 quae,
863 1378 894 1428 ut
917 1369 974 1428 alio
990 1369 1058 1429 loco

68 1451 199 1526 ostendi,
222 1468 276 1529 per
295 1468 328 1508 se
353 1448 459 1508 nullam
481 1449 614 1508 virtutem
634 1449 748 1509 habent.
795 1451 853 1511 Sed
872 1471 908 1512 ne
930 1453 1059 1513 inornata

67 1545 135 1596 snnt
151 1534 280 1613 quidem,
296 1534 350 1592 nisi
365 1551 429 1591 cum
447 1541 511 1591 sunt
524 1533 597 1592 inira
608 1534 668 1608 rei,
692 1534 728 1593 de
744 1553 799 1612 qua
814 1535 987 1613 loquendum
1003 1546 1058 1612 est,

68 1621 246 1697 dignitatem,
264 1626 388 1694 excepto
409 1616 433 1673 si
450 1616 576 1675 obscena
598 1616 680 1675 nudis
695 1618 853 1677 nominibus
869 1621 1058 1679 enuntientur.

68 1702 155 1777 Quod
170 1703 303 1776 viderint,
320 1702 368 1778 qui
383 1717 439 1759 non
454 1708 553 1776 putant
569 1717 636 1758 esse
654 1701 777 1775 vitanda,
797 1703 862 1781 quia
877 1721 932 1761 nec
947 1704 984 1761 sit
1002 1710 1101 1762 vorbi
1121 1743 1126 1751 a

67 1787 130 1847 ulla
145 1795 243 1845 natura
259 1786 368 1862 turpis,
387 1792 416 1842 et
434 1785 458 1841 si
477 1800 531 1860 qua
548 1792 592 1841 est
606 1784 648 1841 rei
664 1783 845 1860 deformitas,
867 1785 924 1844 alia
942 1802 1059 1862 quoque

68 1869 266 1949 appellatione
290 1885 459 1946 quacunque
485 1867 521 1928 ad
541 1866 717 1926 intellectum
738 1867 858 1928 eundem
879 1868 1059 1928 nihilominus

68 1955 230 2035 perveniat.
264 1951 329 2030 Ego
345 1950 464 2012 Romani
480 1950 597 2030 pudoris
615 1968 695 2010 more
710 1959 878 2029 contentus,
899 1961 929 2011 ut
945 1953 1000 2011 iam
1013 1971 1059 2012 re·

68 2038 174 2118 spondi
189 2037 303 2112 talibus,
318 2036 520 2096 uerecundiam
534 2034 648 2093 silentio
660 2035 821 2095 vindicabo.

156 2121 215 2181 lam
236 2121 301 2180 hinc
321 2120 407 2196 igitur
429 2119 464 2178 ad
485 2121 625 2178 rationem
655 2119 839 2178 sermonis
866 2120 1102 2183 coniunctido

69 2215 260 2266 transeamus.
301 2200 388 2262 Cuius
421 2211 537 2261 ornatus
562 2203 591 2260 in
619 2202 693 2262 haec
718 2202 774 2262 duo
800 2205 891 2281 prima
917 2203 1059 2278 dividitur,

68 2307 156 2369 quam
174 2287 367 2364 concipiamus
383 2286 592 2360 elocutionem,
617 2303 674 2363 quo
694 2286 779 2346 modo
796 2286 958 2347 alienamus.
988 2286 1059 2348 Nam

68 2375 192 2453 primum
208 2380 263 2445 est,
278 2380 309 2429 ut
324 2370 442 2448 liqueat,
455 2387 563 2446 augere
575 2369 642 2446 quid
656 2369 778 2429 velimus
789 2389 825 2429 an
836 2373 974 2445 minuere,
992 2388 1059 2430 con·

69 2457 159 2518 citate
180 2455 279 2515 dicere
300 2471 335 2513 an
354 2454 518 2529 moderate,
541 2454 618 2513 laete
638 2470 673 2513 an
690 2472 810 2529 severe,
836 2454 1011 2515 abundanter
1026 2473 1062 2514 an

69 2557 191 2620 presse,
215 2554 319 2616 aspere
342 2555 377 2598 an
393 2537 513 2612 leniter,
537 2537 687 2613 magnifice
704 2556 739 2598 an
753 2537 912 2613 subtiliter,
934 2539 1062 2615 graviter

70 2641 110 2684 an
124 2621 240 2681 urbane.
279 2620 365 2695 Tum,
392 2637 449 2698 quo
469 2621 662 2681 translationis
678 2639 806 2698 genere,
828 2621 929 2699 quibus
952 2621 1061 2697 ligurus,
1069 2629 1101 2681 41

70 2705 205 2789 qualibus
220 2705 378 2779 sententiis,
395 2720 451 2781 quo
466 2704 563 2781 modo,
579 2722 635 2781 qua
649 2715 797 2783 postremo
813 2705 1006 2765 collocatione
1021 2703 1060 2778 id,

70 2789 151 2868 quod
166 2788 344 2862 intendimus,
360 2787 479 2847 allicere
493 2788 646 2864 possimus.
816 2846 823 2860 ,

158 2870 292 2932 Ceterum
308 2870 444 2946 dicturus,
461 2870 562 2947 quibus
578 2880 695 2931 ornetur
712 2873 815 2945 oratio,
832 2871 910 2949 prius
926 2887 971 2944 ea,
988 2887 1062 2947 quae

71 2964 140 3016 sunt
164 2955 230 3015 buic
260 2955 402 3014 contraria
423 2953 515 3028 laudi,
538 2955 687 3029 attingam
708 2972 772 3013 nam
793 2956 882 3032 prima
904 2954 994 3011 virtus
1017 2960 1062 3012 est

71 3041 144 3099 vitio
160 3057 271 3099 carere.
301 3037 390 3115 Igitur
406 3047 471 3097 ante
488 3038 581 3097 omnia
596 3056 633 3095 ne
648 3055 798 3136 speremus
814 3046 941 3096 ornatam
957 3038 1104 3099 oratio-42

72 3141 140 3182 ncm
155 3123 230 3198 iore,
246 3141 327 3201 quae
338 3120 547 3199 probabilis
562 3138 620 3180 non
636 3123 699 3181 erit
737 3119 890 3180 Probabile
906 3129 999 3180 autem
1016 3117 1061 3179 Gi·

75 3222 146 3266 cero
161 3206 189 3267 id
203 3224 295 3283 genus
313 3205 391 3303 dicit,
409 3205 485 3282 quod
500 3221 556 3264 non
571 3205 636 3282 plus
652 3205 781 3264 minusve
796 3212 851 3281 est,
870 3223 953 3281 quam
967 3205 1061 3264 decet

74 3288 141 3349 Non
162 3291 227 3367 quia
249 3289 324 3349 comi
345 3278 546 3387 expolirique
547 3306 605 3347 non
627 3287 745 3356 debeat;
763 3306 826 3347 nam
846 3297 875 3347 et
891 3288 964 3347 baec
980 3305 1062 3347 orna·

75 3382 123 3431 tus
138 3390 206 3451 pars
223 3381 283 3440 est;
304 3371 356 3431 sed
378 3373 443 3449 quia
456 3373 555 3431 vitium
573 3379 618 3430 est
632 3372 755 3449 ubique,
780 3371 856 3449 quod
877 3373 991 3431 nimium
1008 3379 1061 3430 est.

76 3454 178 3535 ltaque
193 3455 254 3516 rull
271 3473 338 3516 csso
353 3456 551 3517 auctoritatem
575 3456 604 3514 in
620 3454 735 3533 verbis,
755 3457 911 3516 sententias
931 3454 980 3521 vel
1000 3462 1105 3532 gra-43
