2434 3925
326 226 416 276 ruer.
429 226 578 276 ousron.
590 228 660 276 nne.
673 228 748 296 vm,
760 224 787 280 6.
1021 217 1058 280 81

144 382 249 445 Cetera
262 386 316 443 iarn
332 399 389 441 non
404 382 584 459 significandi
594 383 687 460 gratia
702 383 753 441 sed
769 383 805 443 ad
817 387 987 463 ornandam,
1003 405 1061 448 non

55 468 220 547 augendam
246 468 404 528 orationem
431 475 619 525 assumuntur.
660 466 749 525 Ornat
771 469 844 527 enim
869 468 1104 550 interemto

56 554 137 632 quod
152 563 234 612 rente
252 552 370 612 dicimus
390 552 616 628 appositum
641 551 815 619 anonnullis
836 570 999 633 sequens
1020 557 1061 616 di·

56 640 142 698 eitur.
181 636 226 696 Eo
242 644 348 716 poetae
364 644 393 694 et
408 634 587 713 frequentius
602 644 632 695 et
647 634 765 696 liberius
779 644 902 697 utuntur.
931 638 1061 717 Namque

54 722 117 782 illis
138 722 207 780 satis
230 730 275 781 est
297 720 453 778 convenire
476 718 504 778 id
519 717 628 793 verbo,
653 719 698 778 oui
722 721 891 797 apponitur,
915 723 1011 800 itaque
1033 733 1062 783 et

55 806 166 867 uenies
191 805 278 866 albos
302 813 331 863 et
356 802 484 863 humida
504 805 578 863 mua
599 804 628 861 in
654 803 688 861 iis
716 819 774 861 non
801 804 1061 882 reprehendemus;

55 889 135 966 apud
152 899 313 963 oratorem,
329 887 507 980 nisialiquid
525 887 665 963 efficitur,
682 887 832 947 redundat.
877 888 948 948 'lum
967 900 1061 949 autem
1147 917 1150 930 ·

56 973 199 1048 efficitur,
222 974 246 1032 si
266 974 327 1031 sine
348 970 415 1045 illo,
437 959 514 1048 qudd
537 971 658 1046 dieitur,
680 972 771 1030 minus
793 980 853 1030 est:
880 973 975 1050 qualia
996 983 1061 1033 sunt

58 1055 87 1118 0
101 1057 203 1118 scelus
217 1055 471 1131 dominandum,
487 1074 505 1117 o
521 1056 688 1133 deformem
699 1055 865 1118 libidinem
898 1055 1102 1123 Exornaturtl

57 1150 155 1202 autem
175 1159 224 1199 res
244 1150 304 1201 tota
320 1140 441 1198 maxime
456 1138 705 1198 translationibus:
735 1136 898 1218 Cupiditas
911 1140 1061 1224 effrenata

57 1234 87 1286 et
104 1223 240 1286 lusanae
253 1224 503 1287 substructiones.
536 1221 572 1282 m
589 1225 667 1283 solet
684 1223 747 1282 lieri
763 1225 826 1283 aliis
842 1225 981 1285 adiunctis
1000 1228 1060 1304 epi-

55 1311 159 1371 theton
175 1318 294 1387 tropos,
318 1318 347 1368 ut
365 1307 440 1386 apud
455 1307 615 1384 Vergilium
636 1306 747 1387 Turpis
762 1318 883 1388 eqestus
902 1318 931 1368 et
953 1308 1062 1371 Tristis

48 1395 208 1457 senectus.
248 1392 451 1452 Verumtamen
477 1392 542 1451 talis
564 1401 609 1451 est
636 1393 709 1452 ratio
733 1392 854 1452 huiusoe
875 1395 1002 1470 virtutis,
1031 1403 1061 1454 ut

57 1480 122 1538 sine
139 1478 278 1556 appositis
293 1476 367 1536 nuda
385 1477 421 1535 sit
437 1485 466 1536 et
480 1475 561 1535 velut
576 1478 721 1556 incompta
737 1478 846 1553 oratio,
869 1487 1006 1538 oneretur
1020 1488 1061 1538 ta·

57 1579 125 1621 men
140 1561 243 1621 multis.
280 1561 351 1621 Nam
369 1561 399 1621 lit
414 1560 501 1636 longa
515 1568 544 1619 et
558 1561 712 1639 impedita,
732 1570 762 1620 ut
780 1562 820 1640 [in
832 1561 1104 1642 quaestionibusltu

59 1663 125 1705 eam
136 1645 246 1705 iudices
262 1646 383 1705 similem
397 1646 501 1722 agmini
513 1645 632 1704 totidem
648 1645 721 1704 lixas
734 1645 850 1705 habenti
864 1654 933 1724 quot
944 1646 1060 1722 milites,

58 1731 106 1789 oui
122 1738 152 1789 et
171 1748 304 1789 numems
323 1738 367 1789 est
379 1728 488 1806 duplex
502 1746 557 1787 nec
573 1728 689 1806 duplum
700 1731 815 1796 virium;
833 1748 993 1809 quanquam
1004 1747 1061 1789 non

59 1814 175 1891 singula
192 1814 277 1874 modo
293 1814 345 1874 sed
365 1814 448 1873 etiam
466 1812 549 1890 plura
563 1813 653 1873 verba
670 1814 776 1891 apponi
792 1813 904 1887 solent:
927 1823 956 1872 ut

96 1911 104 1918 ·
166 1895 312 1979 Couiuqio
326 1896 459 1959 Auebisa
477 1894 604 1958 Veneris
624 1899 749 1976 eliquata
768 1896 909 1978 superdei.

54 1983 120 2059 ‚Sed
135 1983 193 2042 hoo
205 1982 290 2043 modo
309 1984 365 2043 duo
382 1982 471 2042 verba
488 1982 535 2040 uni
551 1984 683 2061 apposita
700 2000 737 2041 ne
752 2002 866 2042 versum
881 1982 995 2061 quidem
1012 1980 1104 2041 ἀει-43

60 2069 182 2129 suerint.
215 2069 286 2127 Sunt
300 2077 410 2143 autem,
427 2065 529 2144 quibus
541 2083 598 2125 non
613 2067 746 2126 videatur
759 2065 805 2127 hio
821 2069 936 2126 omnino
949 2075 1061 2144 tropus,

60 2153 127 2231 quia
147 2152 217 2212 nihil
239 2161 343 2211 vertat.
389 2150 521 2210 Necesse
540 2160 585 2209 est
605 2169 738 2229 semper,
762 2151 921 2211 cumidem
945 2151 1061 2228 apposi-

59 2245 134 2312 tum,
152 2237 177 2295 si
192 2254 209 2296 a
224 2238 344 2336 propriq
360 2234 510 2308 diviseris,
534 2252 636 2313 perse
652 2235 796 2313 signifieat
813 2236 926 2295 etfacit
942 2243 1061 2294 antono-

58 2322 185 2380 masiam.
230 2318 455 2394 Numidicas,
476 2316 550 2395 lile,
568 2321 622 2418 qui
636 2317 831 2381 Numuutiom
851 2327 880 2381 et
901 2318 1062 2397 Curtboqi·

59 2423 128 2465 nem
140 2406 265 2465 euertit:
281 2403 475 2464 antonomasia
488 2411 549 2471 est
566 2423 591 2462 ιι
583 2403 877 2501 adiecerisSequo
888 2405 1061 2483 appositum.

59 2486 125 2547 Non
138 2497 236 2587 potest
254 2505 326 2565 ergo
343 2506 410 2547 esse
425 2489 560 2546 iunctum.
1068 2487 1105 2541 44

144 2572 182 2632 At
199 2563 424 2651 ἀλληγορία,
448 2589 532 2649 quarn
555 2572 808 2632 inversionem
828 2574 1061 2651 interpretantur,

61 2664 110 2714 ant
134 2656 209 2716 aliud
224 2656 322 2716 verbis
338 2656 415 2715 aliud
436 2673 522 2714 sensu
541 2656 666 2716 ostendit
687 2660 840 2716 autetiam
861 2658 973 2716 interim
994 2671 1062 2713 oon-

61 2741 186 2798 trarium
227 2739 310 2800 Prius
330 2741 360 2800 lit
376 2758 468 2817 genus
486 2739 658 2843 plerumque
680 2741 850 2801 continuatis
870 2738 1062 2801 translationi·

61 2821 130 2882 bus:
147 2832 178 2882 ut

265 2906 290 2969 0
306 2909 395 2969 uubis
403 2907 590 2986 Qrefereut
578 2929 611 2968 au
627 2928 715 2971 more
730 2917 759 2971 te
773 2909 844 2970 uooi

264 2991 411 3061 FIuetuss
426 3011 443 3053 o
459 2994 533 3070 quid
548 2993 639 3071 uuis?
652 2995 774 3073 sortiter
787 3010 907 3073 oeeupo

264 3075 397 3153 Portum,

61 3168 196 3239 totusque
218 3161 269 3221 ille
286 3161 396 3220 Horatii
413 3159 513 3235 loeus,
535 3176 592 3238 quo
609 3178 712 3221 navem
732 3177 786 3239 pro
806 3178 839 3219 re
861 3126 993 3240 publiea,
1013 3157 1064 3217 llu-

63 3253 124 3303 otus
143 3253 172 3304 et
187 3254 375 3323 tempestates
395 3261 448 3322 pro
464 3243 550 3303 bellis
567 3246 715 3321 civilibus,
732 3254 846 3324 portum
863 3262 917 3327 pro
933 3262 1007 3326 paee
1022 3251 1063 3302 at·

63 3344 118 3406 que
134 3330 292 3389 eoncordia
308 3329 386 3388 droit
423 3327 495 3387 'lale
509 3327 635 3388 Lueretu
1070 3334 1105 3389 45

311 3410 390 3472 Avia
411 3409 568 3474 Pieridum
576 3431 714 3493 paruero
730 3404 812 3492 lobu,

63 3502 93 3553 et
107 3493 232 3574 Vergilii

104 3599 134 3637 ιι.
153 3600 179 3638 r.
202 3599 316 3648 oumru.
335 3583 368 3638 11.
878 3583 897 3644 6
