2434 3925
165 146 208 225 92
479 118 839 220 nluemmmrmsm

166 321 196 375 et
209 316 363 375 revocatio
376 313 472 388 oerhi,
487 320 517 374 et
530 313 596 389 illa,
613 330 693 392 quae
702 314 841 376 similiter
854 314 996 375 desinunt
1012 323 1075 376 aut
1090 333 1185 396 quae

167 399 283 459 cadunt
300 398 436 458 similiter
457 405 511 458 aut
537 414 616 474 quae
639 398 769 475 paribus
793 399 889 476 paria
908 399 1097 477 reseruntur
1122 410 1183 462 aut

123 495 247 558 acquae
259 491 329 542 sunt
342 485 422 542 inter
435 500 470 541 sc
487 481 610 541 similia.
649 477 707 542 list
728 482 818 543 etiam
838 483 983 561 predatio
1006 487 1180 560 quaedam

165 572 195 626 ct
209 567 365 626 conversio
380 574 408 625 et
421 565 581 626 verborum
596 566 747 626 concinna
762 568 976 644 transqressio,
991 575 1022 627 et
1038 577 1175 630 contra·

163 652 245 711 rium
259 657 289 710 et
303 649 497 724 dissolutum,
515 656 544 709 et
558 638 722 709 declinatio
739 657 768 709 et
783 650 989 728 reprehensio,
1008 658 1038 711 ct
1058 655 1173 714 enclo-

164 733 256 793 matio
271 739 301 793 et
313 734 497 800 imminutios
517 738 545 792 et
571 733 685 808 quod
672 751 705 792 m
722 732 823 793 multis
845 734 968 795 casibus
984 737 1126 813 ponitur·
1148 743 1174 798 d

165 817 245 894 quod
259 817 299 876 de
316 817 442 896 sinqulis
456 816 550 877 rebus
565 817 730 893 propositis
744 816 868 877 ductum
886 817 1023 894 refertur
1039 820 1093 880 ad
1106 823 1173 880 sin·

162 900 246 978 qula,
263 907 292 961 et
307 901 352 961 ad
364 901 554 979 propositum
566 900 704 961 sithiecta
718 901 798 961 ratio
812 910 841 961 et
854 903 924 961 item
939 903 971 961 in
989 902 1173 964 distributis

123 985 324 1061 35supposita
348 986 447 1053 ratio,·
468 992 497 1044 et
516 985 677 1061 permissio
699 992 728 1044 et
746 1001 857 1044 rursus
878 985 943 1045 alia
967 986 1130 1055 dubitatio
1147 994 1173 1048 et
1201 1020 1202 1025 κ

163 1068 359 1145 improvisum
374 1067 522 1146 quiddam
531 1089 545 1137 ,·
569 1065 606 1127 et>
618 1068 820 1128 dinumeratio
842 1077 870 1129 et
886 1069 951 1129 alia
967 1073 1132 1133 correctio
1147 1077 1173 1131 et

164 1150 335 1229 dissipatio,
351 1161 380 1212 et
394 1153 599 1213 continuatum
618 1158 646 1211 ct
660 1153 877 1229 interruptum,
900 1159 930 1212 et
944 1153 1045 1231 imaqo
1064 1164 1099 1214 et
1112 1155 1172 1216 sihi

163 1235 225 1312 ipsi
235 1237 402 1312 responsio,
418 1243 447 1296 et
456 1236 622 1295 immutatio
639 1243 667 1296 et
681 1236 853 1310 disiunctio,
869 1244 897 1297 et
906 1237 983 1298 ordo
996 1245 1026 1296 ct
1040 1239 1172 1311 relatio,

122 1328 193 1390 aflet
210 1319 358 1397 diqressio
374 1327 403 1379 ct
417 1320 667 1393 circumscriptio.
697 1317 784 1381 Haec
803 1322 882 1379 enim
898 1327 968 1379 sunt
985 1319 1057 1397 fere
1074 1329 1172 1400 atque

164 1402 271 1462 mrum
284 1403 396 1463 similia
412 1404 461 1462 oel
472 1404 565 1480 plura
580 1404 671 1462 etiarn
681 1421 747 1463 esse
758 1413 895 1481 possunt,
913 1420 992 1480 quac
1006 1406 1171 1467 sententiis
1201 1434 1202 1451 κ

165 1486 332 1546 orationem
345 1486 567 1563 verborumque
582 1486 872 1563 conformationibus
885 1489 1065 1548 illuminent.
1201 1534 1202 1555 ,

248 1567 357 1628 Eodem
385 1577 451 1628 sunt
478 1570 507 1628 in
527 1566 650 1628 Oratore
671 1570 792 1646 plurima
820 1587 877 1629 non
897 1572 991 1629 omnia
1013 1580 1117 1630 tamen
1140 1579 1169 1629 et
1201 1568 1202 1573 ’

164 1652 253 1731 paulo
268 1654 359 1730 magis
375 1654 518 1728 distincto,
542 1655 609 1730 quia
626 1662 693 1730 post
708 1657 846 1713 orationis
864 1663 893 1713 et
908 1656 1122 1715 sententiarum
1136 1655 1165 1714 li·

164 1753 251 1813 gurae
265 1739 379 1796 tertium
401 1735 543 1815 quendam
565 1736 688 1796 subiecit
710 1737 805 1797 locum
827 1739 863 1798 ad
880 1738 963 1813 alias,
984 1746 1015 1796 ut
1030 1739 1101 1816 ipse
1117 1739 1164 1813 ait,

122 1821 246 1898 pqquasi
262 1822 382 1880 virtutes
400 1820 513 1881 dicendi
530 1822 736 1897 pertinentem:
763 1818 803 1882 Et
816 1822 957 1898 reliqua,
973 1838 1012 1880 ca
1028 1825 1163 1884 colloca·

143 1928 145 1934 *
164 1907 244 1967 tione
257 1905 419 1967 verborum
434 1921 514 1983 quoe
527 1913 688 1966 sumuntur
702 1907 793 1982 quasi
806 1907 931 1981 lumina,
948 1923 1100 1983 maqnurn
1116 1905 1163 1984 os·

161 1990 266 2067 ferunt
282 1999 426 2051 ornatum
448 1990 590 2052 orationi.
626 1988 706 2050 Sunt
719 1991 799 2050 enim
814 1991 926 2050 similia
940 1990 1015 2063 illis,
1030 2007 1119 2088 quae
1132 1991 1163 2049 ia

165 2075 265 2171 amplo
285 2081 395 2136 ornatu
414 2091 528 2135 scenae
547 2078 601 2133 aut
618 2073 682 2151 fori
707 2074 936 2151 appellantur
922 2074 1075 2150 snsiqnia,
1105 2091 1163 2135 nos

124 2158 238 2233 asquia
251 2158 318 2218 sola
332 2164 439 2219 ornent
452 2157 510 2219 sed
524 2157 605 2234 quod
619 2156 778 2221 eccellant
818 2153 938 2218 Eadem
951 2158 1033 2217 ratio
1047 2165 1098 2218 est
1111 2157 1162 2218 ho·

164 2251 243 2316 rum,
259 2257 340 2317 quae
353 2248 422 2301 sunt
435 2242 582 2302 orationis
597 2241 713 2301 lumina
729 2249 758 2302 et
767 2240 903 2317 quodam
916 2239 1027 2300 modo
1014 2241 1162 2319 rnsiqnia,

165 2342 235 2384 cum
248 2333 303 2385 aut
316 2323 513 2403 duplicantur
527 2326 738 2402 iteranturque
751 2325 847 2386 oerha
861 2331 916 2385 aut
931 2324 1063 2385 breviter
1079 2342 1162 2385 com

164 2414 281 2467 mutata
302 2416 418 2485 ponunt
418 2427 473 2483 ur,
501 2417 555 2469 aut
583 2409 624 2469 ab
648 2410 752 2470 eodem
775 2409 869 2469 aerbo
891 2409 1015 2468 ducitur
1035 2411 1163 2485 saepias

164 2491 264 2552 oratio
285 2500 339 2551 aut
353 2494 386 2551 in
400 2493 481 2551 idem
502 2493 663 2553 coniicitur
682 2499 737 2553 aut
750 2499 927 2570 utrumque,
945 2500 1000 2551 aut
1014 2491 1161 2569 adiunqi-

165 2583 220 2643 tur,
235 2575 316 2636 idem
336 2577 479 2636 iteratum
503 2577 657 2637 culidem
677 2577 721 2636 ad
743 2583 910 2636 eatremum
931 2575 1086 2652 refertur,
1108 2580 1163 2636 aut

167 2660 352 2721 continenter
365 2678 458 2719 unum
472 2659 597 2720 verbum
618 2678 678 2720 non
691 2661 724 2719 in
740 2660 847 2720 eadem
861 2659 1009 2719 sententio
1024 2660 1160 2736 ponimr,

123 2752 220 2810 itaut
233 2762 302 2804 cum
317 2743 455 2804 similiter
470 2744 520 2805 ccl
533 2743 649 2804 cadunt
664 2742 760 2804 oerha
773 2743 823 2806 uel
840 2742 1002 2813 desinants
1015 2750 1070 2802 aut
1081 2742 1160 2803 mul-

166 2829 205 2888 tis
219 2828 317 2889 modis
336 2829 500 2888 contrariis
522 2828 625 2890 relata
646 2827 825 2899 contraria,-
842 2834 897 2887 aut
919 2844 988 2885 cum
1002 2826 1161 2903 prodatim

165 2930 288 2972 sursum
301 2906 410 2972 corsus
423 2913 561 2987 reditur,
577 2917 631 2971 aut
647 2911 772 2971 demotis
787 2908 1048 2970 coniunctionibus
1061 2909 1160 2969 disso-

166 2994 226 3055 lute
239 2998 332 3073 plura
351 2996 511 3071 dicuntur,
530 3002 584 3055 aut
606 3013 677 3055 cum
696 2993 814 3069 aliquid
830 2997 1080 3070 praetereuntes,
1104 3010 1159 3052 cur

166 3077 201 3138 id
212 3077 377 3155 faciamus,
392 3081 585 3152 ostendimus,
602 3085 657 3138 aut
668 3095 736 3138 cum
747 3077 928 3154 corripimus
940 3084 1055 3136 nannet
1064 3076 1159 3152 ipsos,

167 3163 258 3239 quasi
276 3162 546 3240 reprehendentes,
573 3168 628 3221 aut
653 3161 683 3222 si
707 3167 752 3222 cst
775 3161 881 3237 aliqua
908 3159 1091 3220 enclomatio
1112 3159 1160 3219 cel

168 3246 381 3306 admirationis
395 3248 445 3307 ool
462 3245 697 3323 conquestionis,
719 3252 774 3305 aut
793 3262 861 3304 cum
882 3244 1016 3304 eiusdem
1031 3242 1159 3304 nominis

126 3334 261 3390 mausus
292 3330 416 3406 saepius
450 3334 679 3391 commutantur.
728 3324 954 3388 Sententiarum
981 3333 1159 3386 ornamenta

169 3413 290 3475 maiora
317 3420 407 3482 sunt,-
435 3413 544 3491 quihus
574 3412 648 3491 quia
674 3410 918 3490 frequentissime
944 3407 1158 3471 Demosthenes
