<?xml version="1.0" encoding="UTF-8"?>
<!DOCTYPE html PUBLIC "-//W3C//DTD XHTML 1.0 Transitional//EN"
    "http://www.w3.org/TR/xhtml1/DTD/xhtml1-transitional.dtd">
<html xmlns="http://www.w3.org/1999/xhtml" xml:lang="en" lang="en">
 <head>
  <title>
</title>
<meta http-equiv="Content-Type" content="text/html;charset=utf-8" />
  <meta name='ocr-system' content='tesseract 3.04.00' />
  <meta name='ocr-capabilities' content='ocr_page ocr_carea ocr_par ocr_line ocrx_word'/>
</head>
<body>
  <div class='ocr_page' id='page_1' title='image "./mfabiiquintilia08bonngoog_0125.png"; bbox 0 0 2434 3925; ppageno 0'>
   <div class='ocr_carea' id='block_1_1' title="bbox 253 190 1065 272">
    <p class='ocr_par' dir='ltr' id='par_1_1' title="bbox 253 190 1065 272">
     <span class='ocr_line' id='line_1_1' title="bbox 253 190 1065 272; baseline 0.004 -22"><span class='ocrx_word' id='word_1_1' title='bbox 253 247 254 250; x_wconf 74' lang='grc'>,</span> <span class='ocrx_word' id='word_1_2' title='bbox 339 204 427 254; x_wconf 82' lang='lat' dir='ltr'><strong>msa.</strong></span> <span class='ocrx_word' id='word_1_3' title='bbox 444 205 593 256; x_wconf 77' lang='lat' dir='ltr'><strong>onaroa.</strong></span> <span class='ocrx_word' id='word_1_4' title='bbox 609 207 678 254; x_wconf 80' lang='lat' dir='ltr'><strong>nra.</strong></span> <span class='ocrx_word' id='word_1_5' title='bbox 693 190 737 272; x_wconf 86' lang='grc' dir='ltr'><strong>Π,</strong></span> <span class='ocrx_word' id='word_1_6' title='bbox 755 202 798 257; x_wconf 72' lang='lat' dir='ltr'><strong>aa</strong></span> <span class='ocrx_word' id='word_1_7' title='bbox 1026 190 1065 253; x_wconf 85' lang='lat'><strong>83</strong></span> 
     </span>
    </p>
   </div>
   <div class='ocr_carea' id='block_1_2' title="bbox 2 360 1133 3465">
    <p class='ocr_par' dir='ltr' id='par_1_2' title="bbox 69 360 1128 860">
     <span class='ocr_line' id='line_1_2' title="bbox 69 360 1068 440; baseline -0.001 -18"><span class='ocrx_word' id='word_1_8' title='bbox 69 372 136 437; x_wconf 89' lang='lat' dir='ltr'><strong>tor,</strong></span> <span class='ocrx_word' id='word_1_9' title='bbox 159 362 226 440; x_wconf 93' lang='lat' dir='ltr'><strong>quid</strong></span> <span class='ocrx_word' id='word_1_10' title='bbox 248 360 351 434; x_wconf 84' lang='lat' dir='ltr'><strong>deceat</strong></span> <span class='ocrx_word' id='word_1_11' title='bbox 377 361 494 438; x_wconf 91' lang='lat' dir='ltr'><strong>etquid</strong></span> <span class='ocrx_word' id='word_1_12' title='bbox 516 360 661 439; x_wconf 82' lang='lat' dir='ltr'><strong>expediat.</strong></span> <span class='ocrx_word' id='word_1_13' title='bbox 705 360 832 440; x_wconf 82' lang='lat' dir='ltr'>Expedit</span> <span class='ocrx_word' id='word_1_14' title='bbox 856 370 949 421; x_wconf 87' lang='lat' dir='ltr'><strong>autem</strong></span> <span class='ocrx_word' id='word_1_15' title='bbox 975 378 1068 438; x_wconf 86' lang='lat' dir='ltr'><strong>saepe</strong></span> 
     </span>
     <span class='ocr_line' id='line_1_3' title="bbox 72 444 1128 523; baseline -0.001 -18"><span class='ocrx_word' id='word_1_16' title='bbox 72 454 186 506; x_wconf 89' lang='lat' dir='ltr'><strong>mutare</strong></span> <span class='ocrx_word' id='word_1_17' title='bbox 202 463 239 504; x_wconf 83' lang='lat' dir='ltr'><strong>ex</strong></span> <span class='ocrx_word' id='word_1_18' title='bbox 257 444 307 504; x_wconf 92' lang='lat' dir='ltr'><strong>illo</strong></span> <span class='ocrx_word' id='word_1_19' title='bbox 325 446 480 505; x_wconf 92' lang='lat' dir='ltr'><strong>constituto</strong></span> <span class='ocrx_word' id='word_1_20' title='bbox 496 446 659 521; x_wconf 87' lang='lat' dir='ltr'><strong>traditoque</strong></span> <span class='ocrx_word' id='word_1_21' title='bbox 674 444 774 504; x_wconf 83' lang='lat' dir='ltr'>ordine</span> <span class='ocrx_word' id='word_1_22' title='bbox 794 446 889 523; x_wconf 90' lang='lat' dir='ltr'><strong>aliqua</strong></span> <span class='ocrx_word' id='word_1_23' title='bbox 910 454 939 505; x_wconf 89' lang='lat' dir='ltr'><strong>et</strong></span> <span class='ocrx_word' id='word_1_24' title='bbox 954 446 1066 504; x_wconf 83' lang='lat' dir='ltr'><strong>interim</strong></span> <span class='ocrx_word' id='word_1_25' title='bbox 1125 503 1128 510; x_wconf 18' lang='grc' dir='ltr'>Α</span> 
     </span>
     <span class='ocr_line' id='line_1_4' title="bbox 71 528 1065 608; baseline -0.004 -17"><span class='ocrx_word' id='word_1_26' title='bbox 71 532 175 605; x_wconf 86' lang='lat' dir='ltr'><strong>decet,</strong></span> <span class='ocrx_word' id='word_1_27' title='bbox 194 538 225 588; x_wconf 95' lang='lat' dir='ltr'><strong>ut</strong></span> <span class='ocrx_word' id='word_1_28' title='bbox 245 529 273 587; x_wconf 93' lang='lat' dir='ltr'><strong>in</strong></span> <span class='ocrx_word' id='word_1_29' title='bbox 293 529 394 588; x_wconf 79' lang='lat' dir='ltr'>statuis</span> <span class='ocrx_word' id='word_1_30' title='bbox 415 537 501 606; x_wconf 89' lang='lat' dir='ltr'><strong>atque</strong></span> <span class='ocrx_word' id='word_1_31' title='bbox 528 530 647 608; x_wconf 89' lang='lat' dir='ltr'><strong>picturis</strong></span> <span class='ocrx_word' id='word_1_32' title='bbox 668 528 797 588; x_wconf 88' lang='lat' dir='ltr'><strong>videmus</strong></span> <span class='ocrx_word' id='word_1_33' title='bbox 816 532 921 589; x_wconf 89' lang='lat' dir='ltr'><strong>variari</strong></span> <span class='ocrx_word' id='word_1_34' title='bbox 941 528 1065 605; x_wconf 91' lang='lat' dir='ltr'><strong>hahitus,</strong></span> 
     </span>
     <span class='ocr_line' id='line_1_5' title="bbox 70 611 1066 690; baseline -0.003 -16"><span class='ocrx_word' id='word_1_35' title='bbox 70 615 179 688; x_wconf 84' lang='lat' dir='ltr'><strong>uultus,</strong></span> <span class='ocrx_word' id='word_1_36' title='bbox 196 621 296 672; x_wconf 91' lang='lat' dir='ltr'><strong>status.</strong></span> <span class='ocrx_word' id='word_1_37' title='bbox 332 611 404 671; x_wconf 89' lang='lat' dir='ltr'><strong>Nam</strong></span> <span class='ocrx_word' id='word_1_38' title='bbox 424 614 496 673; x_wconf 89' lang='lat' dir='ltr'><strong>recti</strong></span> <span class='ocrx_word' id='word_1_39' title='bbox 512 612 626 690; x_wconf 90' lang='lat' dir='ltr'><strong>quidem</strong></span> <span class='ocrx_word' id='word_1_40' title='bbox 641 615 773 690; x_wconf 91' lang='lat' dir='ltr'><strong>corporis</strong></span> <span class='ocrx_word' id='word_1_41' title='bbox 785 614 834 673; x_wconf 88' lang='lat' dir='ltr'><strong>vel</strong></span> <span class='ocrx_word' id='word_1_42' title='bbox 848 615 959 672; x_wconf 91' lang='lat' dir='ltr'><strong>minima</strong></span> <span class='ocrx_word' id='word_1_43' title='bbox 974 615 1066 689; x_wconf 87' lang='lat' dir='ltr'><strong>gratia</strong></span> 
     </span>
     <span class='ocr_line' id='line_1_6' title="bbox 72 696 1094 774; baseline -0.002 -16"><span class='ocrx_word' id='word_1_44' title='bbox 72 707 133 765; x_wconf 82' lang='lat' dir='ltr'><strong>est3</strong></span> <span class='ocrx_word' id='word_1_45' title='bbox 156 715 259 774; x_wconf 83' lang='lat' dir='ltr'>nempe</span> <span class='ocrx_word' id='word_1_46' title='bbox 281 697 354 755; x_wconf 86' lang='lat' dir='ltr'><strong>enim</strong></span> <span class='ocrx_word' id='word_1_47' title='bbox 382 696 503 755; x_wconf 90' lang='lat' dir='ltr'><strong>adversa</strong></span> <span class='ocrx_word' id='word_1_48' title='bbox 526 698 563 755; x_wconf 92' lang='lat' dir='ltr'><strong>sit</strong></span> <span class='ocrx_word' id='word_1_49' title='bbox 582 697 673 756; x_wconf 85' lang='lat' dir='ltr'><strong>iacies</strong></span> <span class='ocrx_word' id='word_1_50' title='bbox 695 706 724 756; x_wconf 89' lang='lat' dir='ltr'><strong>et</strong></span> <span class='ocrx_word' id='word_1_51' title='bbox 746 698 869 757; x_wconf 90' lang='lat' dir='ltr'><strong>demissa</strong></span> <span class='ocrx_word' id='word_1_52' title='bbox 894 696 1010 757; x_wconf 89' lang='lat' dir='ltr'><strong>brachia</strong></span> <span class='ocrx_word' id='word_1_53' title='bbox 1038 706 1094 764; x_wconf 72' lang='lat' dir='ltr'><strong>eto</strong></span> 
     </span>
     <span class='ocr_line' id='line_1_7' title="bbox 70 779 1065 860; baseline -0.002 -19"><span class='ocrx_word' id='word_1_54' title='bbox 70 783 160 842; x_wconf 91' lang='lat' dir='ltr'><strong>iuncti</strong></span> <span class='ocrx_word' id='word_1_55' title='bbox 174 780 266 859; x_wconf 90' lang='lat' dir='ltr'><strong>pedes</strong></span> <span class='ocrx_word' id='word_1_56' title='bbox 281 789 310 840; x_wconf 92' lang='lat' dir='ltr'><strong>et</strong></span> <span class='ocrx_word' id='word_1_57' title='bbox 325 797 341 839; x_wconf 95' lang='lat' dir='ltr'><strong>a</strong></span> <span class='ocrx_word' id='word_1_58' title='bbox 357 782 470 841; x_wconf 90' lang='lat' dir='ltr'><strong>summis</strong></span> <span class='ocrx_word' id='word_1_59' title='bbox 486 782 521 841; x_wconf 92' lang='lat' dir='ltr'><strong>ad</strong></span> <span class='ocrx_word' id='word_1_60' title='bbox 535 783 589 840; x_wconf 91' lang='lat' dir='ltr'><strong>ima</strong></span> <span class='ocrx_word' id='word_1_61' title='bbox 602 782 700 857; x_wconf 83' lang='lat' dir='ltr'>rigens</span> <span class='ocrx_word' id='word_1_62' title='bbox 717 798 799 860; x_wconf 89' lang='lat' dir='ltr'><strong>opus.</strong></span> <span class='ocrx_word' id='word_1_63' title='bbox 835 779 943 840; x_wconf 82' lang='lat' dir='ltr'><strong>Flexus</strong></span> <span class='ocrx_word' id='word_1_64' title='bbox 958 781 1014 839; x_wconf 89' lang='lat' dir='ltr'><strong>ille</strong></span> <span class='ocrx_word' id='word_1_65' title='bbox 1026 790 1065 855; x_wconf 90' lang='lat' dir='ltr'><strong>et,</strong></span> 
     </span>
    </p>

    <p class='ocr_par' dir='ltr' id='par_1_3' title="bbox 2 864 1133 2708">
     <span class='ocr_line' id='line_1_8' title="bbox 2 864 1065 942; baseline -0.002 -17"><span class='ocrx_word' id='word_1_66' title='bbox 2 867 7 880; x_wconf 96' lang='lat'>&#39;</span> <span class='ocrx_word' id='word_1_67' title='bbox 71 876 101 926; x_wconf 90' lang='lat' dir='ltr'><strong>ut</strong></span> <span class='ocrx_word' id='word_1_68' title='bbox 117 867 160 924; x_wconf 90' lang='lat' dir='ltr'><strong>sic</strong></span> <span class='ocrx_word' id='word_1_69' title='bbox 175 865 311 941; x_wconf 80' lang='lat' dir='ltr'>dixerim,</span> <span class='ocrx_word' id='word_1_70' title='bbox 333 872 426 922; x_wconf 90' lang='lat' dir='ltr'><strong>motus</strong></span> <span class='ocrx_word' id='word_1_71' title='bbox 444 864 491 923; x_wconf 90' lang='lat' dir='ltr'><strong>dat</strong></span> <span class='ocrx_word' id='word_1_72' title='bbox 505 873 598 940; x_wconf 77' lang='lat' dir='ltr'><strong>actum</strong></span> <span class='ocrx_word' id='word_1_73' title='bbox 620 865 761 942; x_wconf 84' lang='lat' dir='ltr'><strong>quendam</strong></span> <span class='ocrx_word' id='word_1_74' title='bbox 782 874 811 925; x_wconf 90' lang='lat' dir='ltr'><strong>et</strong></span> <span class='ocrx_word' id='word_1_75' title='bbox 824 865 966 924; x_wconf 84' lang='lat' dir='ltr'><strong>allectum.</strong></span> <span class='ocrx_word' id='word_1_76' title='bbox 995 864 1065 924; x_wconf 93' lang='lat' dir='ltr'><strong>ldeo</strong></span> 
     </span>
     <span class='ocr_line' id='line_1_9' title="bbox 71 948 1065 1027; baseline -0.002 -18"><span class='ocrx_word' id='word_1_77' title='bbox 71 968 128 1009; x_wconf 89' lang='lat' dir='ltr'><strong>nee</strong></span> <span class='ocrx_word' id='word_1_78' title='bbox 146 949 183 1009; x_wconf 94' lang='lat' dir='ltr'><strong>ad</strong></span> <span class='ocrx_word' id='word_1_79' title='bbox 203 968 287 1007; x_wconf 93' lang='lat' dir='ltr'><strong>unum</strong></span> <span class='ocrx_word' id='word_1_80' title='bbox 306 949 421 1008; x_wconf 91' lang='lat' dir='ltr'><strong>modum</strong></span> <span class='ocrx_word' id='word_1_81' title='bbox 441 949 581 1008; x_wconf 83' lang='lat' dir='ltr'><strong>formatae</strong></span> <span class='ocrx_word' id='word_1_82' title='bbox 601 966 699 1007; x_wconf 90' lang='lat' dir='ltr'><strong>manus</strong></span> <span class='ocrx_word' id='word_1_83' title='bbox 720 959 749 1008; x_wconf 90' lang='lat' dir='ltr'><strong>et</strong></span> <span class='ocrx_word' id='word_1_84' title='bbox 769 952 798 1008; x_wconf 93' lang='lat' dir='ltr'><strong>in</strong></span> <span class='ocrx_word' id='word_1_85' title='bbox 810 949 889 1009; x_wconf 84' lang='lat' dir='ltr'><strong>vultu</strong></span> <span class='ocrx_word' id='word_1_86' title='bbox 904 948 983 1007; x_wconf 91' lang='lat' dir='ltr'><strong>mille</strong></span> <span class='ocrx_word' id='word_1_87' title='bbox 999 966 1065 1027; x_wconf 88' lang='lat' dir='ltr'><strong>spe·</strong></span> 
     </span>
     <span class='ocr_line' id='line_1_10' title="bbox 72 1030 1108 1111; baseline 0.003 -18"><span class='ocrx_word' id='word_1_88' title='bbox 72 1037 143 1094; x_wconf 89' lang='lat' dir='ltr'><strong>cies.</strong></span> <span class='ocrx_word' id='word_1_89' title='bbox 190 1030 310 1093; x_wconf 81' lang='lat' dir='ltr'>Cursum</span> <span class='ocrx_word' id='word_1_90' title='bbox 325 1031 431 1092; x_wconf 91' lang='lat' dir='ltr'><strong>hahent</strong></span> <span class='ocrx_word' id='word_1_91' title='bbox 445 1033 585 1110; x_wconf 81' lang='lat' dir='ltr'><strong>quaedam</strong></span> <span class='ocrx_word' id='word_1_92' title='bbox 601 1041 630 1092; x_wconf 89' lang='lat' dir='ltr'><strong>et</strong></span> <span class='ocrx_word' id='word_1_93' title='bbox 650 1035 801 1111; x_wconf 91' lang='lat' dir='ltr'><strong>impetum,</strong></span> <span class='ocrx_word' id='word_1_94' title='bbox 824 1033 928 1092; x_wconf 90' lang='lat' dir='ltr'><strong>sedent</strong></span> <span class='ocrx_word' id='word_1_95' title='bbox 949 1032 1004 1091; x_wconf 90' lang='lat' dir='ltr'><strong>alia</strong></span> <span class='ocrx_word' id='word_1_96' title='bbox 1018 1033 1108 1096; x_wconf 89' lang='lat' dir='ltr'><strong>vello</strong></span> 
     </span>
     <span class='ocr_line' id='line_1_11' title="bbox 71 1116 1066 1194; baseline -0.004 -14"><span class='ocrx_word' id='word_1_97' title='bbox 71 1116 250 1184; x_wconf 88' lang='lat' dir='ltr'><strong>incumbunt·;</strong></span> <span class='ocrx_word' id='word_1_98' title='bbox 275 1117 349 1177; x_wconf 89' lang='lat' dir='ltr'><strong>nuda</strong></span> <span class='ocrx_word' id='word_1_99' title='bbox 371 1116 454 1190; x_wconf 91' lang='lat' dir='ltr'><strong>haec,</strong></span> <span class='ocrx_word' id='word_1_100' title='bbox 477 1117 526 1176; x_wconf 92' lang='lat' dir='ltr'><strong>illa</strong></span> <span class='ocrx_word' id='word_1_101' title='bbox 540 1117 637 1176; x_wconf 88' lang='lat' dir='ltr'><strong>velata</strong></span> <span class='ocrx_word' id='word_1_102' title='bbox 652 1127 732 1192; x_wconf 92' lang='lat' dir='ltr'><strong>sunt,</strong></span> <span class='ocrx_word' id='word_1_103' title='bbox 759 1117 897 1194; x_wconf 86' lang='lat' dir='ltr'><strong>quaedam</strong></span> <span class='ocrx_word' id='word_1_104' title='bbox 920 1118 1007 1175; x_wconf 86' lang='lat' dir='ltr'><strong>mixta</strong></span> <span class='ocrx_word' id='word_1_105' title='bbox 1028 1135 1066 1176; x_wconf 83' lang='lat' dir='ltr'><strong>ex</strong></span> 
     </span>
     <span class='ocr_line' id='line_1_12' title="bbox 71 1199 1065 1280; baseline -0.003 -18"><span class='ocrx_word' id='word_1_106' title='bbox 71 1212 206 1280; x_wconf 88' lang='lat' dir='ltr'><strong>utroque.</strong></span> <span class='ocrx_word' id='word_1_107' title='bbox 251 1199 326 1273; x_wconf 80' lang='lat' dir='ltr'><strong>Quid</strong></span> <span class='ocrx_word' id='word_1_108' title='bbox 343 1209 399 1260; x_wconf 93' lang='lat' dir='ltr'><strong>tam</strong></span> <span class='ocrx_word' id='word_1_109' title='bbox 417 1201 568 1260; x_wconf 91' lang='lat' dir='ltr'><strong>distortum</strong></span> <span class='ocrx_word' id='word_1_110' title='bbox 583 1210 613 1259; x_wconf 89' lang='lat' dir='ltr'><strong>et</strong></span> <span class='ocrx_word' id='word_1_111' title='bbox 630 1200 821 1276; x_wconf 90' lang='lat' dir='ltr'><strong>elaboratum,</strong></span> <span class='ocrx_word' id='word_1_112' title='bbox 845 1219 928 1279; x_wconf 92' lang='lat' dir='ltr'><strong>quam</strong></span> <span class='ocrx_word' id='word_1_113' title='bbox 950 1209 995 1259; x_wconf 91' lang='lat' dir='ltr'><strong>est</strong></span> <span class='ocrx_word' id='word_1_114' title='bbox 1015 1201 1065 1259; x_wconf 88' lang='lat' dir='ltr'><strong>ille</strong></span> 
     </span>
     <span class='ocr_line' id='line_1_13' title="bbox 72 1280 1065 1363; baseline -0.003 -17"><span class='ocrx_word' id='word_1_115' title='bbox 72 1285 242 1347; x_wconf 79' lang='lat' dir='ltr'><strong>discobolos</strong></span> <span class='ocrx_word' id='word_1_116' title='bbox 258 1280 410 1360; x_wconf 72' lang='lat' dir='ltr'><strong>Myronis?</strong></span> <span class='ocrx_word' id='word_1_117' title='bbox 440 1286 470 1344; x_wconf 90' lang='lat' dir='ltr'><strong>Si</strong></span> <span class='ocrx_word' id='word_1_118' title='bbox 492 1286 555 1363; x_wconf 92' lang='lat' dir='ltr'><strong>quis</strong></span> <span class='ocrx_word' id='word_1_119' title='bbox 576 1294 686 1360; x_wconf 91' lang='lat' dir='ltr'><strong>tamen,</strong></span> <span class='ocrx_word' id='word_1_120' title='bbox 709 1294 739 1344; x_wconf 91' lang='lat' dir='ltr'><strong>ut</strong></span> <span class='ocrx_word' id='word_1_121' title='bbox 753 1303 853 1363; x_wconf 90' lang='lat' dir='ltr'><strong>parurn</strong></span> <span class='ocrx_word' id='word_1_122' title='bbox 869 1294 994 1359; x_wconf 89' lang='lat' dir='ltr'><strong>rectum,</strong></span> <span class='ocrx_word' id='word_1_123' title='bbox 1016 1287 1065 1344; x_wconf 92' lang='lat' dir='ltr'><strong>im·</strong></span> 
     </span>
     <span class='ocr_line' id='line_1_14' title="bbox 71 1368 1066 1449; baseline -0.002 -20"><span class='ocrx_word' id='word_1_124' title='bbox 71 1369 177 1449; x_wconf 91' lang='lat' dir='ltr'><strong>prohet</strong></span> <span class='ocrx_word' id='word_1_125' title='bbox 200 1386 289 1447; x_wconf 92' lang='lat' dir='ltr'><strong>opus:</strong></span> <span class='ocrx_word' id='word_1_126' title='bbox 312 1385 406 1427; x_wconf 88' lang='lat' dir='ltr'><strong>nonne</strong></span> <span class='ocrx_word' id='word_1_127' title='bbox 423 1368 458 1428; x_wconf 88' lang='lat' dir='ltr'><strong>ab</strong></span> <span class='ocrx_word' id='word_1_128' title='bbox 480 1369 631 1429; x_wconf 90' lang='lat' dir='ltr'><strong>intellectu</strong></span> <span class='ocrx_word' id='word_1_129' title='bbox 652 1371 719 1429; x_wconf 90' lang='lat' dir='ltr'><strong>artis</strong></span> <span class='ocrx_word' id='word_1_130' title='bbox 737 1369 874 1444; x_wconf 85' lang='lat' dir='ltr'><strong>abluerit,</strong></span> <span class='ocrx_word' id='word_1_131' title='bbox 894 1371 922 1427; x_wconf 92' lang='lat' dir='ltr'><strong>in</strong></span> <span class='ocrx_word' id='word_1_132' title='bbox 944 1386 999 1446; x_wconf 92' lang='lat' dir='ltr'><strong>qua</strong></span> <span class='ocrx_word' id='word_1_133' title='bbox 1018 1369 1066 1427; x_wconf 90' lang='lat' dir='ltr'><strong>vel</strong></span> 
     </span>
     <span class='ocr_line' id='line_1_15' title="bbox 71 1450 1107 1533; baseline 0.003 -19"><span class='ocrx_word' id='word_1_134' title='bbox 71 1456 230 1533; x_wconf 82' lang='lat' dir='ltr'><strong>praecipue</strong></span> <span class='ocrx_word' id='word_1_135' title='bbox 242 1452 393 1512; x_wconf 91' lang='lat' dir='ltr'><strong>laudabilis</strong></span> <span class='ocrx_word' id='word_1_136' title='bbox 406 1461 450 1512; x_wconf 91' lang='lat' dir='ltr'><strong>est</strong></span> <span class='ocrx_word' id='word_1_137' title='bbox 462 1454 525 1531; x_wconf 90' lang='lat' dir='ltr'><strong>ipsa</strong></span> <span class='ocrx_word' id='word_1_138' title='bbox 537 1454 586 1513; x_wconf 93' lang='lat' dir='ltr'><strong>illa</strong></span> <span class='ocrx_word' id='word_1_139' title='bbox 602 1455 714 1513; x_wconf 90' lang='lat' dir='ltr'><strong>novitas</strong></span> <span class='ocrx_word' id='word_1_140' title='bbox 726 1471 760 1512; x_wconf 91' lang='lat' dir='ltr'><strong>ac</strong></span> <span class='ocrx_word' id='word_1_141' title='bbox 772 1450 946 1513; x_wconf 83' lang='lat' dir='ltr'><strong>difficultas?</strong></span> <span class='ocrx_word' id='word_1_142' title='bbox 977 1452 1067 1526; x_wconf 81' lang='lat' dir='ltr'><strong>Quam</strong></span> <span class='ocrx_word' id='word_1_143' title='bbox 1075 1465 1107 1517; x_wconf 89' lang='lat'><strong>11</strong></span> 
     </span>
     <span class='ocr_line' id='line_1_16' title="bbox 71 1537 1066 1616; baseline -0.001 -19"><span class='ocrx_word' id='word_1_144' title='bbox 71 1539 187 1616; x_wconf 90' lang='lat' dir='ltr'><strong>quidem</strong></span> <span class='ocrx_word' id='word_1_145' title='bbox 204 1538 324 1614; x_wconf 90' lang='lat' dir='ltr'><strong>gratiam</strong></span> <span class='ocrx_word' id='word_1_146' title='bbox 339 1545 367 1595; x_wconf 91' lang='lat' dir='ltr'><strong>et</strong></span> <span class='ocrx_word' id='word_1_147' title='bbox 382 1537 603 1597; x_wconf 82' lang='lat' dir='ltr'><strong>delectationem</strong></span> <span class='ocrx_word' id='word_1_148' title='bbox 619 1538 740 1597; x_wconf 82' lang='lat' dir='ltr'><strong>afferunt</strong></span> <span class='ocrx_word' id='word_1_149' title='bbox 753 1538 873 1614; x_wconf 79' lang='lat' dir='ltr'><strong>figurae,</strong></span> <span class='ocrx_word' id='word_1_150' title='bbox 891 1555 1023 1615; x_wconf 89' lang='lat' dir='ltr'><strong>quaeque</strong></span> <span class='ocrx_word' id='word_1_151' title='bbox 1038 1539 1066 1596; x_wconf 94' lang='lat' dir='ltr'><strong>in</strong></span> 
     </span>
     <span class='ocr_line' id='line_1_17' title="bbox 70 1620 1066 1699; baseline -0.003 -17"><span class='ocrx_word' id='word_1_152' title='bbox 70 1620 206 1683; x_wconf 89' lang='lat' dir='ltr'><strong>sensibus</strong></span> <span class='ocrx_word' id='word_1_153' title='bbox 222 1638 353 1699; x_wconf 82' lang='lat' dir='ltr'><strong>quaeque</strong></span> <span class='ocrx_word' id='word_1_154' title='bbox 364 1623 392 1679; x_wconf 92' lang='lat' dir='ltr'><strong>in</strong></span> <span class='ocrx_word' id='word_1_155' title='bbox 407 1621 505 1680; x_wconf 84' lang='lat' dir='ltr'><strong>uerbis</strong></span> <span class='ocrx_word' id='word_1_156' title='bbox 521 1630 598 1688; x_wconf 90' lang='lat' dir='ltr'><strong>sunt;</strong></span> <span class='ocrx_word' id='word_1_157' title='bbox 620 1630 725 1680; x_wconf 87' lang='lat' dir='ltr'><strong>mutant</strong></span> <span class='ocrx_word' id='word_1_158' title='bbox 742 1624 815 1679; x_wconf 90' lang='lat' dir='ltr'><strong>enim</strong></span> <span class='ocrx_word' id='word_1_159' title='bbox 828 1622 935 1699; x_wconf 89' lang='lat' dir='ltr'><strong>aliquid</strong></span> <span class='ocrx_word' id='word_1_160' title='bbox 950 1640 966 1680; x_wconf 95' lang='lat' dir='ltr'><strong>a</strong></span> <span class='ocrx_word' id='word_1_161' title='bbox 983 1631 1066 1680; x_wconf 91' lang='lat' dir='ltr'><strong>recto</strong></span> 
     </span>
     <span class='ocr_line' id='line_1_18' title="bbox 71 1704 1064 1806; baseline -0.003 -39"><span class='ocrx_word' id='word_1_162' title='bbox 71 1718 160 1806; x_wconf 82' lang='lat' dir='ltr'><strong>atque</strong></span> <span class='ocrx_word' id='word_1_163' title='bbox 175 1706 248 1765; x_wconf 90' lang='lat' dir='ltr'><strong>hanc</strong></span> <span class='ocrx_word' id='word_1_164' title='bbox 263 1723 333 1783; x_wconf 88' lang='lat' dir='ltr'><strong>prae</strong></span> <span class='ocrx_word' id='word_1_165' title='bbox 349 1723 381 1765; x_wconf 93' lang='lat' dir='ltr'><strong>se</strong></span> <span class='ocrx_word' id='word_1_166' title='bbox 395 1707 530 1764; x_wconf 85' lang='lat' dir='ltr'><strong>virtutem</strong></span> <span class='ocrx_word' id='word_1_167' title='bbox 542 1706 648 1779; x_wconf 89' lang='lat' dir='ltr'><strong>ierunt,</strong></span> <span class='ocrx_word' id='word_1_168' title='bbox 665 1706 768 1782; x_wconf 92' lang='lat' dir='ltr'><strong>quoda</strong></span> <span class='ocrx_word' id='word_1_169' title='bbox 782 1706 989 1764; x_wconf 90' lang='lat' dir='ltr'><strong>consuetudine</strong></span> <span class='ocrx_word' id='word_1_170' title='bbox 1003 1704 1064 1764; x_wconf 86' lang='lat' dir='ltr'><strong>rul-</strong></span> 
     </span>
     <span class='ocr_line' id='line_1_19' title="bbox 69 1788 1108 1869; baseline 0 -19"><span class='ocrx_word' id='word_1_171' title='bbox 69 1793 133 1869; x_wconf 89' lang='lat' dir='ltr'><strong>gari</strong></span> <span class='ocrx_word' id='word_1_172' title='bbox 163 1797 359 1849; x_wconf 90' lang='lat' dir='ltr'><strong>recesserunt</strong></span> <span class='ocrx_word' id='word_1_173' title='bbox 408 1788 537 1848; x_wconf 83' lang='lat' dir='ltr'><strong>Habet</strong></span> <span class='ocrx_word' id='word_1_174' title='bbox 529 1808 557 1847; x_wconf 92' lang='lat' dir='ltr'><strong>m</strong></span> <span class='ocrx_word' id='word_1_175' title='bbox 585 1790 696 1866; x_wconf 90' lang='lat' dir='ltr'><strong>pictura</strong></span> <span class='ocrx_word' id='word_1_176' title='bbox 721 1792 850 1866; x_wconf 88' lang='lat' dir='ltr'><strong>speciem</strong></span> <span class='ocrx_word' id='word_1_177' title='bbox 875 1798 934 1847; x_wconf 92' lang='lat' dir='ltr'><strong>tota</strong></span> <span class='ocrx_word' id='word_1_178' title='bbox 960 1789 1066 1856; x_wconf 87' lang='lat' dir='ltr'><strong>lacies;</strong></span> <span class='ocrx_word' id='word_1_179' title='bbox 1075 1797 1108 1850; x_wconf 79' lang='lat'><strong>12</strong></span> 
     </span>
     <span class='ocr_line' id='line_1_20' title="bbox 69 1871 1066 1954; baseline -0.005 -19"><span class='ocrx_word' id='word_1_180' title='bbox 69 1874 197 1954; x_wconf 82' lang='lat' dir='ltr'><strong>Apelles</strong></span> <span class='ocrx_word' id='word_1_181' title='bbox 216 1884 311 1934; x_wconf 91' lang='lat' dir='ltr'><strong>tamen</strong></span> <span class='ocrx_word' id='word_1_182' title='bbox 324 1875 474 1949; x_wconf 84' lang='lat' dir='ltr'><strong>imaginem</strong></span> <span class='ocrx_word' id='word_1_183' title='bbox 489 1871 626 1949; x_wconf 83' lang='lat' dir='ltr'><strong>Antigoni</strong></span> <span class='ocrx_word' id='word_1_184' title='bbox 641 1873 733 1932; x_wconf 91' lang='lat' dir='ltr'><strong>latere</strong></span> <span class='ocrx_word' id='word_1_185' title='bbox 745 1882 850 1931; x_wconf 91' lang='lat' dir='ltr'><strong>tantum</strong></span> <span class='ocrx_word' id='word_1_186' title='bbox 863 1873 956 1932; x_wconf 90' lang='lat' dir='ltr'><strong>altero</strong></span> <span class='ocrx_word' id='word_1_187' title='bbox 969 1881 1066 1931; x_wconf 90' lang='lat' dir='ltr'><strong>osten·</strong></span> 
     </span>
     <span class='ocr_line' id='line_1_21' title="bbox 69 1951 1066 2037; baseline -0.007 -16"><span class='ocrx_word' id='word_1_188' title='bbox 69 1961 130 2037; x_wconf 89' lang='lat' dir='ltr'><strong>dit,</strong></span> <span class='ocrx_word' id='word_1_189' title='bbox 154 1968 185 2019; x_wconf 91' lang='lat' dir='ltr'><strong>ut</strong></span> <span class='ocrx_word' id='word_1_190' title='bbox 206 1959 301 2018; x_wconf 91' lang='lat' dir='ltr'><strong>amissi</strong></span> <span class='ocrx_word' id='word_1_191' title='bbox 321 1958 398 2018; x_wconf 92' lang='lat' dir='ltr'><strong>oculi</strong></span> <span class='ocrx_word' id='word_1_192' title='bbox 414 1956 580 2017; x_wconf 76' lang='lat' dir='ltr'><strong>deformitas</strong></span> <span class='ocrx_word' id='word_1_193' title='bbox 598 1957 711 2016; x_wconf 89' lang='lat' dir='ltr'><strong>lateret.</strong></span> <span class='ocrx_word' id='word_1_194' title='bbox 757 1951 854 2030; x_wconf 81' lang='lat' dir='ltr'><strong>Quid?</strong></span> <span class='ocrx_word' id='word_1_195' title='bbox 875 1974 932 2015; x_wconf 92' lang='lat' dir='ltr'><strong>non</strong></span> <span class='ocrx_word' id='word_1_196' title='bbox 952 1957 980 2014; x_wconf 93' lang='lat' dir='ltr'><strong>in</strong></span> <span class='ocrx_word' id='word_1_197' title='bbox 1003 1973 1066 2015; x_wconf 90' lang='lat' dir='ltr'><strong>ora·</strong></span> 
     </span>
     <span class='ocr_line' id='line_1_22' title="bbox 69 2040 1067 2140; baseline -0.005 -37"><span class='ocrx_word' id='word_1_198' title='bbox 69 2048 151 2104; x_wconf 87' lang='lat' dir='ltr'><strong>tione</strong></span> <span class='ocrx_word' id='word_1_199' title='bbox 167 2042 324 2140; x_wconf 91' lang='lat' dir='ltr'><strong>operienda</strong></span> <span class='ocrx_word' id='word_1_200' title='bbox 340 2051 404 2101; x_wconf 92' lang='lat' dir='ltr'><strong>sunt</strong></span> <span class='ocrx_word' id='word_1_201' title='bbox 421 2041 587 2120; x_wconf 82' lang='lat' dir='ltr'><strong>quaedam,</strong></span> <span class='ocrx_word' id='word_1_202' title='bbox 599 2043 662 2101; x_wconf 86' lang='lat' dir='ltr'><strong>sive</strong></span> <span class='ocrx_word' id='word_1_203' title='bbox 684 2041 796 2100; x_wconf 90' lang='lat' dir='ltr'><strong>ostendi</strong></span> <span class='ocrx_word' id='word_1_204' title='bbox 813 2058 870 2099; x_wconf 92' lang='lat' dir='ltr'><strong>uon</strong></span> <span class='ocrx_word' id='word_1_205' title='bbox 885 2040 1028 2100; x_wconf 88' lang='lat' dir='ltr'><strong>dehent</strong></span> <span class='ocrx_word' id='word_1_206' title='bbox 1005 2058 1067 2098; x_wconf 87' lang='lat' dir='ltr'><strong>srve</strong></span> 
     </span>
     <span class='ocr_line' id='line_1_23' title="bbox 71 2124 1110 2226; baseline -0.002 -38"><span class='ocrx_word' id='word_1_207' title='bbox 71 2129 195 2226; x_wconf 83' lang='lat' dir='ltr'><strong>exprimi</strong></span> <span class='ocrx_word' id='word_1_208' title='bbox 221 2144 274 2204; x_wconf 95' lang='lat' dir='ltr'><strong>pro</strong></span> <span class='ocrx_word' id='word_1_209' title='bbox 302 2127 440 2203; x_wconf 83' lang='lat' dir='ltr'><strong>dignitate</strong></span> <span class='ocrx_word' id='word_1_210' title='bbox 465 2143 523 2184; x_wconf 91' lang='lat' dir='ltr'><strong>non</strong></span> <span class='ocrx_word' id='word_1_211' title='bbox 546 2124 688 2203; x_wconf 85' lang='lat' dir='ltr'><strong>possunt?</strong></span> <span class='ocrx_word' id='word_1_212' title='bbox 726 2125 764 2185; x_wconf 92' lang='lat' dir='ltr'><strong>Ut</strong></span> <span class='ocrx_word' id='word_1_213' title='bbox 792 2125 863 2185; x_wconf 89' lang='lat' dir='ltr'><strong>lecit</strong></span> <span class='ocrx_word' id='word_1_214' title='bbox 893 2124 1067 2200; x_wconf 82' lang='lat' dir='ltr'><strong>Trmanthes,</strong></span> <span class='ocrx_word' id='word_1_215' title='bbox 1076 2133 1110 2186; x_wconf 82' lang='lat'><strong>13</strong></span> 
     </span>
     <span class='ocr_line' id='line_1_24' title="bbox 70 2207 1065 2309; baseline -0.007 -36"><span class='ocrx_word' id='word_1_216' title='bbox 70 2214 195 2291; x_wconf 84' lang='lat' dir='ltr'><strong>opinor,</strong></span> <span class='ocrx_word' id='word_1_217' title='bbox 225 2207 399 2309; x_wconf 76' lang='lat' dir='ltr'><strong>Cpthnius</strong></span> <span class='ocrx_word' id='word_1_218' title='bbox 389 2229 418 2270; x_wconf 91' lang='lat' dir='ltr'><strong>m</strong></span> <span class='ocrx_word' id='word_1_219' title='bbox 444 2227 478 2269; x_wconf 91' lang='lat' dir='ltr'><strong>ea</strong></span> <span class='ocrx_word' id='word_1_220' title='bbox 503 2209 618 2284; x_wconf 87' lang='lat' dir='ltr'><strong>tahula,</strong></span> <span class='ocrx_word' id='word_1_221' title='bbox 645 2228 700 2288; x_wconf 92' lang='lat' dir='ltr'><strong>qua</strong></span> <span class='ocrx_word' id='word_1_222' title='bbox 722 2207 847 2269; x_wconf 82' lang='lat' dir='ltr'><strong>Coloten</strong></span> <span class='ocrx_word' id='word_1_223' title='bbox 869 2209 968 2269; x_wconf 83' lang='lat' dir='ltr'><strong>&#39;l&#39;eium</strong></span> <span class='ocrx_word' id='word_1_224' title='bbox 987 2211 1065 2267; x_wconf 91' lang='lat' dir='ltr'><strong>vicit</strong></span> 
     </span>
     <span class='ocr_line' id='line_1_25' title="bbox 69 2290 1066 2372; baseline -0.005 -15"><span class='ocrx_word' id='word_1_225' title='bbox 69 2296 146 2357; x_wconf 87' lang='lat' dir='ltr'><strong>Nam</strong></span> <span class='ocrx_word' id='word_1_226' title='bbox 167 2313 230 2354; x_wconf 90' lang='lat' dir='ltr'><strong>cum</strong></span> <span class='ocrx_word' id='word_1_227' title='bbox 248 2296 276 2353; x_wconf 92' lang='lat' dir='ltr'><strong>in</strong></span> <span class='ocrx_word' id='word_1_228' title='bbox 295 2293 463 2372; x_wconf 82' lang='lat' dir='ltr'><strong>Iphigeniae</strong></span> <span class='ocrx_word' id='word_1_229' title='bbox 486 2294 679 2355; x_wconf 87' lang='lat' dir='ltr'><strong>immolatione</strong></span> <span class='ocrx_word' id='word_1_230' title='bbox 704 2295 845 2372; x_wconf 86' lang='lat' dir='ltr'><strong>pinxisset</strong></span> <span class='ocrx_word' id='word_1_231' title='bbox 871 2297 980 2353; x_wconf 87' lang='lat' dir='ltr'><strong>tristem</strong></span> <span class='ocrx_word' id='word_1_232' title='bbox 1001 2290 1066 2352; x_wconf 81' lang='lat' dir='ltr'><strong>oar·</strong></span> 
     </span>
     <span class='ocr_line' id='line_1_26' title="bbox 72 2377 1067 2455; baseline -0.006 -14"><span class='ocrx_word' id='word_1_233' title='bbox 72 2381 220 2453; x_wconf 81' lang='lat' dir='ltr'><strong>chantem,</strong></span> <span class='ocrx_word' id='word_1_234' title='bbox 243 2380 398 2438; x_wconf 89' lang='lat' dir='ltr'><strong>tristiorem</strong></span> <span class='ocrx_word' id='word_1_235' title='bbox 412 2378 533 2453; x_wconf 85' lang='lat' dir='ltr'><strong>Ulixen,</strong></span> <span class='ocrx_word' id='word_1_236' title='bbox 554 2378 711 2438; x_wconf 90' lang='lat' dir='ltr'><strong>addidisset</strong></span> <span class='ocrx_word' id='word_1_237' title='bbox 724 2377 875 2454; x_wconf 84' lang='lat' dir='ltr'><strong>lllenelao,</strong></span> <span class='ocrx_word' id='word_1_238' title='bbox 893 2395 978 2455; x_wconf 91' lang='lat' dir='ltr'><strong>quem</strong></span> <span class='ocrx_word' id='word_1_239' title='bbox 992 2394 1067 2435; x_wconf 92' lang='lat' dir='ltr'><strong>sum·</strong></span> 
     </span>
     <span class='ocr_line' id='line_1_27' title="bbox 70 2460 1133 2541; baseline -0.006 -17"><span class='ocrx_word' id='word_1_240' title='bbox 70 2482 148 2524; x_wconf 91' lang='lat' dir='ltr'><strong>mum</strong></span> <span class='ocrx_word' id='word_1_241' title='bbox 162 2472 276 2541; x_wconf 88' lang='lat' dir='ltr'><strong>poterat</strong></span> <span class='ocrx_word' id='word_1_242' title='bbox 292 2480 338 2521; x_wconf 92' lang='lat' dir='ltr'><strong>ars</strong></span> <span class='ocrx_word' id='word_1_243' title='bbox 362 2463 497 2538; x_wconf 84' lang='lat' dir='ltr'><strong>efficere,</strong></span> <span class='ocrx_word' id='word_1_244' title='bbox 518 2478 692 2522; x_wconf 89' lang='lat' dir='ltr'><strong>maerorem:</strong></span> <span class='ocrx_word' id='word_1_245' title='bbox 715 2465 889 2541; x_wconf 91' lang='lat' dir='ltr'><strong>consumptis</strong></span> <span class='ocrx_word' id='word_1_246' title='bbox 904 2460 1066 2535; x_wconf 80' lang='lat' dir='ltr'><strong>affectibus,</strong></span> <span class='ocrx_word' id='word_1_247' title='bbox 1131 2487 1133 2490; x_wconf 45' lang='lat'><strong>⁴</strong></span> 
     </span>
     <span class='ocr_line' id='line_1_28' title="bbox 72 2545 1067 2624; baseline -0.005 -17"><span class='ocrx_word' id='word_1_248' title='bbox 72 2566 131 2608; x_wconf 90' lang='lat' dir='ltr'><strong>non</strong></span> <span class='ocrx_word' id='word_1_249' title='bbox 146 2548 316 2624; x_wconf 89' lang='lat' dir='ltr'><strong>reperiens,</strong></span> <span class='ocrx_word' id='word_1_250' title='bbox 341 2564 398 2624; x_wconf 91' lang='lat' dir='ltr'><strong>quo</strong></span> <span class='ocrx_word' id='word_1_251' title='bbox 422 2546 508 2623; x_wconf 87' lang='lat' dir='ltr'><strong>digne</strong></span> <span class='ocrx_word' id='word_1_252' title='bbox 528 2546 614 2605; x_wconf 92' lang='lat' dir='ltr'><strong>modo</strong></span> <span class='ocrx_word' id='word_1_253' title='bbox 629 2548 719 2624; x_wconf 90' lang='lat' dir='ltr'><strong>patris</strong></span> <span class='ocrx_word' id='word_1_254' title='bbox 734 2547 842 2605; x_wconf 83' lang='lat' dir='ltr'><strong>vultum</strong></span> <span class='ocrx_word' id='word_1_255' title='bbox 856 2554 958 2624; x_wconf 89' lang='lat' dir='ltr'><strong>posset</strong></span> <span class='ocrx_word' id='word_1_256' title='bbox 972 2545 1067 2622; x_wconf 88' lang='lat' dir='ltr'><strong>expri-</strong></span> 
     </span>
     <span class='ocr_line' id='line_1_29' title="bbox 74 2630 1068 2708; baseline -0.005 -17"><span class='ocrx_word' id='word_1_257' title='bbox 74 2650 164 2706; x_wconf 89' lang='lat' dir='ltr'><strong>mere,</strong></span> <span class='ocrx_word' id='word_1_258' title='bbox 180 2630 288 2690; x_wconf 88' lang='lat' dir='ltr'><strong>velavit</strong></span> <span class='ocrx_word' id='word_1_259' title='bbox 305 2632 366 2689; x_wconf 89' lang='lat' dir='ltr'><strong>eius</strong></span> <span class='ocrx_word' id='word_1_260' title='bbox 383 2639 469 2708; x_wconf 88' lang='lat' dir='ltr'><strong>caput</strong></span> <span class='ocrx_word' id='word_1_261' title='bbox 484 2640 513 2689; x_wconf 91' lang='lat' dir='ltr'><strong>et</strong></span> <span class='ocrx_word' id='word_1_262' title='bbox 527 2647 580 2689; x_wconf 91' lang='lat' dir='ltr'><strong>suo</strong></span> <span class='ocrx_word' id='word_1_263' title='bbox 597 2632 701 2708; x_wconf 90' lang='lat' dir='ltr'><strong>cuique</strong></span> <span class='ocrx_word' id='word_1_264' title='bbox 718 2633 810 2689; x_wconf 91' lang='lat' dir='ltr'><strong>animo</strong></span> <span class='ocrx_word' id='word_1_265' title='bbox 826 2630 904 2690; x_wconf 90' lang='lat' dir='ltr'><strong>dedit</strong></span> <span class='ocrx_word' id='word_1_266' title='bbox 918 2630 1068 2688; x_wconf 80' lang='lat' dir='ltr'><strong>aestiman-</strong></span> 
     </span>
    </p>

    <p class='ocr_par' dir='ltr' id='par_1_4' title="bbox 56 2711 1112 3465">
     <span class='ocr_line' id='line_1_30' title="bbox 56 2711 1110 2789; baseline -0.004 -13"><span class='ocrx_word' id='word_1_267' title='bbox 56 2716 150 2787; x_wconf 83' lang='lat' dir='ltr'><strong>dum.</strong></span> <span class='ocrx_word' id='word_1_268' title='bbox 191 2714 293 2773; x_wconf 91' lang='lat' dir='ltr'><strong>Nonne</strong></span> <span class='ocrx_word' id='word_1_269' title='bbox 317 2715 383 2774; x_wconf 90' lang='lat' dir='ltr'><strong>huic</strong></span> <span class='ocrx_word' id='word_1_270' title='bbox 409 2715 502 2773; x_wconf 90' lang='lat' dir='ltr'><strong>simile</strong></span> <span class='ocrx_word' id='word_1_271' title='bbox 527 2723 573 2773; x_wconf 92' lang='lat' dir='ltr'><strong>est</strong></span> <span class='ocrx_word' id='word_1_272' title='bbox 594 2713 666 2774; x_wconf 90' lang='lat' dir='ltr'><strong>illud</strong></span> <span class='ocrx_word' id='word_1_273' title='bbox 685 2715 902 2789; x_wconf 86' lang='lat' dir='ltr'><strong>Sallustianum,</strong></span> <span class='ocrx_word' id='word_1_274' title='bbox 928 2711 1008 2773; x_wconf 87' lang='lat' dir='ltr'><strong>Nam</strong></span> <span class='ocrx_word' id='word_1_275' title='bbox 1030 2713 1110 2774; x_wconf 78' lang='lat' dir='ltr'><strong>dell</strong></span> 
     </span>
     <span class='ocr_line' id='line_1_31' title="bbox 76 2796 1068 2897; baseline -0.006 -37"><span class='ocrx_word' id='word_1_276' title='bbox 76 2798 263 2877; x_wconf 72' lang='lat' dir='ltr'><strong>Carthagine</strong></span> <span class='ocrx_word' id='word_1_277' title='bbox 278 2806 384 2860; x_wconf 79' lang='lat' dir='ltr'><strong>tacere</strong></span> <span class='ocrx_word' id='word_1_278' title='bbox 397 2800 497 2859; x_wconf 81' lang='lat' dir='ltr'><strong>satius</strong></span> <span class='ocrx_word' id='word_1_279' title='bbox 509 2806 583 2877; x_wconf 85' lang='lat' dir='ltr'><strong>puto</strong></span> <span class='ocrx_word' id='word_1_280' title='bbox 600 2813 692 2875; x_wconf 78' lang='lat' dir='ltr'><strong>quom</strong></span> <span class='ocrx_word' id='word_1_281' title='bbox 704 2817 826 2897; x_wconf 39' lang='lat' dir='ltr'><strong>puram.</strong></span> <span class='ocrx_word' id='word_1_282' title='bbox 838 2798 969 2859; x_wconf 77' lang='lat' dir='ltr'><strong>dicere?</strong></span> <span class='ocrx_word' id='word_1_283' title='bbox 999 2796 1068 2855; x_wconf 90' lang='lat' dir='ltr'><strong>Pro·</strong></span> 
     </span>
     <span class='ocr_line' id='line_1_32' title="bbox 73 2881 1069 2980; baseline -0.005 -37"><span class='ocrx_word' id='word_1_284' title='bbox 73 2893 141 2963; x_wconf 89' lang='lat' dir='ltr'><strong>pter</strong></span> <span class='ocrx_word' id='word_1_285' title='bbox 156 2901 230 2961; x_wconf 89' lang='lat' dir='ltr'><strong>quae</strong></span> <span class='ocrx_word' id='word_1_286' title='bbox 245 2882 310 2942; x_wconf 93' lang='lat' dir='ltr'><strong>mihi</strong></span> <span class='ocrx_word' id='word_1_287' title='bbox 329 2900 444 2960; x_wconf 88' lang='lat' dir='ltr'><strong>semper</strong></span> <span class='ocrx_word' id='word_1_288' title='bbox 464 2883 552 2941; x_wconf 90' lang='lat' dir='ltr'><strong>moris</strong></span> <span class='ocrx_word' id='word_1_289' title='bbox 563 2882 641 2980; x_wconf 82' lang='lat' dir='ltr'><strong>luit,</strong></span> <span class='ocrx_word' id='word_1_290' title='bbox 663 2900 747 2960; x_wconf 89' lang='lat' dir='ltr'><strong>quam</strong></span> <span class='ocrx_word' id='word_1_291' title='bbox 760 2884 873 2941; x_wconf 89' lang='lat' dir='ltr'><strong>minime</strong></span> <span class='ocrx_word' id='word_1_292' title='bbox 888 2881 1009 2957; x_wconf 91' lang='lat' dir='ltr'><strong>alligare</strong></span> <span class='ocrx_word' id='word_1_293' title='bbox 1023 2898 1069 2939; x_wconf 91' lang='lat' dir='ltr'><strong>me</strong></span> 
     </span>
     <span class='ocr_line' id='line_1_33' title="bbox 74 2957 1069 3046; baseline -0.006 -18"><span class='ocrx_word' id='word_1_294' title='bbox 74 2968 110 3028; x_wconf 90' lang='lat' dir='ltr'><strong>ad</strong></span> <span class='ocrx_word' id='word_1_295' title='bbox 131 2976 305 3046; x_wconf 89' lang='lat' dir='ltr'><strong>praecepta,</strong></span> <span class='ocrx_word' id='word_1_296' title='bbox 328 2985 402 3044; x_wconf 87' lang='lat' dir='ltr'><strong>quae</strong></span> <span class='ocrx_word' id='word_1_297' title='bbox 427 2957 575 3026; x_wconf 75' lang='grc' dir='ltr'>καθολικᾶ</span> <span class='ocrx_word' id='word_1_298' title='bbox 588 2967 733 3041; x_wconf 86' lang='lat' dir='ltr'><strong>vocitant,</strong></span> <span class='ocrx_word' id='word_1_299' title='bbox 754 2967 783 3025; x_wconf 91' lang='lat' dir='ltr'><strong>id</strong></span> <span class='ocrx_word' id='word_1_300' title='bbox 804 2975 849 3024; x_wconf 87' lang='lat' dir='ltr'><strong>est</strong></span> <span class='ocrx_word' id='word_1_301' title='bbox 871 2965 923 3043; x_wconf 84' lang='lat' dir='ltr'><strong>(ut</strong></span> <span class='ocrx_word' id='word_1_302' title='bbox 943 2964 1069 3023; x_wconf 93' lang='lat' dir='ltr'><strong>dicamus</strong></span> 
     </span>
     <span class='ocr_line' id='line_1_34' title="bbox 73 3048 1070 3130; baseline -0.005 -19"><span class='ocrx_word' id='word_1_303' title='bbox 73 3052 220 3130; x_wconf 90' lang='lat' dir='ltr'><strong>quomodo</strong></span> <span class='ocrx_word' id='word_1_304' title='bbox 236 3053 403 3130; x_wconf 91' lang='lat' dir='ltr'><strong>possumus)</strong></span> <span class='ocrx_word' id='word_1_305' title='bbox 419 3050 594 3111; x_wconf 87' lang='lat' dir='ltr'><strong>universalia</strong></span> <span class='ocrx_word' id='word_1_306' title='bbox 612 3050 660 3109; x_wconf 90' lang='lat' dir='ltr'><strong>vel</strong></span> <span class='ocrx_word' id='word_1_307' title='bbox 675 3049 865 3129; x_wconf 87' lang='lat' dir='ltr'><strong>perpetualia.</strong></span> <span class='ocrx_word' id='word_1_308' title='bbox 903 3048 979 3107; x_wconf 87' lang='lat' dir='ltr'><strong>Raro</strong></span> <span class='ocrx_word' id='word_1_309' title='bbox 996 3051 1070 3107; x_wconf 90' lang='lat' dir='ltr'><strong>enim</strong></span> 
     </span>
     <span class='ocr_line' id='line_1_35' title="bbox 73 3130 1069 3214; baseline -0.005 -19"><span class='ocrx_word' id='word_1_310' title='bbox 73 3136 221 3214; x_wconf 92' lang='lat' dir='ltr'><strong>reperitur</strong></span> <span class='ocrx_word' id='word_1_311' title='bbox 236 3134 294 3194; x_wconf 91' lang='lat' dir='ltr'><strong>hoc</strong></span> <span class='ocrx_word' id='word_1_312' title='bbox 308 3152 417 3211; x_wconf 87' lang='lat' dir='ltr'><strong>genus,</strong></span> <span class='ocrx_word' id='word_1_313' title='bbox 438 3144 468 3194; x_wconf 92' lang='lat' dir='ltr'><strong>ut</strong></span> <span class='ocrx_word' id='word_1_314' title='bbox 481 3152 538 3193; x_wconf 92' lang='lat' dir='ltr'><strong>non</strong></span> <span class='ocrx_word' id='word_1_315' title='bbox 554 3133 723 3193; x_wconf 83' lang='lat' dir='ltr'><strong>labefactari</strong></span> <span class='ocrx_word' id='word_1_316' title='bbox 748 3143 829 3211; x_wconf 91' lang='lat' dir='ltr'><strong>parte</strong></span> <span class='ocrx_word' id='word_1_317' title='bbox 845 3133 940 3211; x_wconf 90' lang='lat' dir='ltr'><strong>aliqua</strong></span> <span class='ocrx_word' id='word_1_318' title='bbox 959 3142 988 3192; x_wconf 91' lang='lat' dir='ltr'><strong>et</strong></span> <span class='ocrx_word' id='word_1_319' title='bbox 1003 3130 1069 3191; x_wconf 92' lang='lat' dir='ltr'><strong>suh·</strong></span> 
     </span>
     <span class='ocr_line' id='line_1_36' title="bbox 71 3215 1069 3298; baseline -0.007 -19"><span class='ocrx_word' id='word_1_320' title='bbox 71 3223 118 3280; x_wconf 93' lang='lat' dir='ltr'><strong>rui</strong></span> <span class='ocrx_word' id='word_1_321' title='bbox 144 3220 247 3298; x_wconf 91' lang='lat' dir='ltr'><strong>possit.</strong></span> <span class='ocrx_word' id='word_1_322' title='bbox 291 3219 349 3278; x_wconf 86' lang='lat' dir='ltr'><strong>Sed</strong></span> <span class='ocrx_word' id='word_1_323' title='bbox 370 3220 407 3278; x_wconf 88' lang='lat' dir='ltr'><strong>de</strong></span> <span class='ocrx_word' id='word_1_324' title='bbox 428 3217 472 3278; x_wconf 93' lang='lat' dir='ltr'><strong>his</strong></span> <span class='ocrx_word' id='word_1_325' title='bbox 495 3218 608 3296; x_wconf 90' lang='lat' dir='ltr'><strong>plenius</strong></span> <span class='ocrx_word' id='word_1_326' title='bbox 630 3235 683 3277; x_wconf 92' lang='lat' dir='ltr'><strong>suo</strong></span> <span class='ocrx_word' id='word_1_327' title='bbox 701 3218 825 3296; x_wconf 90' lang='lat' dir='ltr'><strong>quidque</strong></span> <span class='ocrx_word' id='word_1_328' title='bbox 846 3218 913 3277; x_wconf 92' lang='lat' dir='ltr'><strong>loco</strong></span> <span class='ocrx_word' id='word_1_329' title='bbox 935 3215 1069 3279; x_wconf 90' lang='lat' dir='ltr'><strong>tractabi-</strong></span> 
     </span>
     <span class='ocr_line' id='line_1_37' title="bbox 70 3302 1112 3378; baseline -0.004 -14"><span class='ocrx_word' id='word_1_330' title='bbox 70 3320 147 3364; x_wconf 88' lang='lat' dir='ltr'><strong>mus.</strong></span> <span class='ocrx_word' id='word_1_331' title='bbox 190 3302 306 3362; x_wconf 90' lang='lat' dir='ltr'><strong>luterim</strong></span> <span class='ocrx_word' id='word_1_332' title='bbox 325 3302 393 3362; x_wconf 92' lang='lat' dir='ltr'><strong>nolo</strong></span> <span class='ocrx_word' id='word_1_333' title='bbox 418 3320 451 3361; x_wconf 89' lang='lat' dir='ltr'><strong>se</strong></span> <span class='ocrx_word' id='word_1_334' title='bbox 471 3303 591 3361; x_wconf 85' lang='lat' dir='ltr'><strong>iuvenes</strong></span> <span class='ocrx_word' id='word_1_335' title='bbox 612 3304 683 3361; x_wconf 90' lang='lat' dir='ltr'><strong>satis</strong></span> <span class='ocrx_word' id='word_1_336' title='bbox 698 3303 871 3375; x_wconf 89' lang='lat' dir='ltr'><strong>instructos,</strong></span> <span class='ocrx_word' id='word_1_337' title='bbox 893 3304 1017 3378; x_wconf 88' lang='lat' dir='ltr'><strong>siquem</strong></span> <span class='ocrx_word' id='word_1_338' title='bbox 1033 3308 1112 3360; x_wconf 73' lang='lat' dir='ltr'><strong>exit</strong></span> 
     </span>
     <span class='ocr_line' id='line_1_38' title="bbox 71 3382 1069 3465; baseline -0.007 -17"><span class='ocrx_word' id='word_1_339' title='bbox 71 3389 130 3461; x_wconf 92' lang='lat' dir='ltr'><strong>his,</strong></span> <span class='ocrx_word' id='word_1_340' title='bbox 148 3388 197 3465; x_wconf 94' lang='lat' dir='ltr'><strong>qui</strong></span> <span class='ocrx_word' id='word_1_341' title='bbox 210 3386 316 3446; x_wconf 85' lang='lat' dir='ltr'><strong>breves</strong></span> <span class='ocrx_word' id='word_1_342' title='bbox 332 3387 501 3464; x_wconf 90' lang='lat' dir='ltr'><strong>plerumque</strong></span> <span class='ocrx_word' id='word_1_343' title='bbox 517 3385 764 3461; x_wconf 82' lang='lat' dir='ltr'><strong>circumferuntur,</strong></span> <span class='ocrx_word' id='word_1_344' title='bbox 779 3387 848 3446; x_wconf 91' lang='lat' dir='ltr'><strong>artis</strong></span> <span class='ocrx_word' id='word_1_345' title='bbox 865 3384 993 3445; x_wconf 87' lang='lat' dir='ltr'><strong>libellum</strong></span> <span class='ocrx_word' id='word_1_346' title='bbox 1009 3382 1069 3442; x_wconf 91' lang='lat' dir='ltr'><strong>edi·</strong></span> 
     </span>
    </p>
   </div>
   <div class='ocr_carea' id='block_1_3' title="bbox 72 3465 1070 3612">
    <p class='ocr_par' dir='ltr' id='par_1_5' title="bbox 72 3465 1070 3612">
     <span class='ocr_line' id='line_1_39' title="bbox 72 3465 1070 3612; baseline -0.007 -80"><span class='ocrx_word' id='word_1_347' title='bbox 72 3472 214 3547; x_wconf 90' lang='lat' dir='ltr'><strong>dicerint,</strong></span> <span class='ocrx_word' id='word_1_348' title='bbox 228 3479 266 3529; x_wconf 73' lang='lat' dir='ltr'><strong>&#39;et</strong></span> <span class='ocrx_word' id='word_1_349' title='bbox 285 3470 364 3530; x_wconf 88' lang='lat' dir='ltr'><strong>velut</strong></span> <span class='ocrx_word' id='word_1_350' title='bbox 379 3472 504 3530; x_wconf 91' lang='lat' dir='ltr'><strong>decretis</strong></span> <span class='ocrx_word' id='word_1_351' title='bbox 520 3470 718 3529; x_wconf 88' lang='lat' dir='ltr'><strong>technicorum</strong></span> <span class='ocrx_word' id='word_1_352' title='bbox 732 3479 809 3530; x_wconf 88' lang='lat' dir='ltr'><strong>tutos</strong></span> <span class='ocrx_word' id='word_1_353' title='bbox 824 3477 934 3612; x_wconf 56' lang='lat' dir='ltr'><strong>puqept.</strong></span> <span class='ocrx_word' id='word_1_354' title='bbox 978 3465 1070 3526; x_wconf 84' lang='lat' dir='ltr'><strong>hlulto</strong></span> 
     </span>
    </p>
   </div>
   <div class='ocr_carea' id='block_1_4' title="bbox 0 0 1228 3925">
    <p class='ocr_par' dir='ltr' id='par_1_6' title="bbox 0 0 1228 3925">
     <span class='ocr_line' id='line_1_40' title="bbox 0 0 1228 3925; baseline 0 0"><span class='ocrx_word' id='word_1_355' title='bbox 0 0 1228 3925; x_wconf 95' lang='lat' dir='ltr'><strong> </strong></span> 
     </span>
    </p>
   </div>
  </div>
 </body>
</html>
