2434 3925
319 211 408 261 mar.
424 209 574 260 aaaron
590 210 660 258 nra.
679 206 775 278 1v,n.
994 195 1053 259 1¹15

69 365 140 442 outa
154 359 249 443 ergoi
264 364 365 426 eadem
376 361 575 444 exponemus?
595 364 627 425 Si
642 363 679 425 tle
696 363 834 442 qualitate
849 362 954 441 ag'tsr,
971 362 1053 423 cuius

67 460 122 511 tum
136 449 249 510 demum
264 452 395 529 quaestio
409 458 465 525 est,
484 468 548 509 cum
563 449 600 509 de
615 466 648 508 re
663 457 793 524 constat,
810 447 911 508 eadem
927 446 979 507 sed
994 463 1054 508 nou

67 534 167 594 eodem
186 534 286 602 modo;
306 534 378 593 alias
401 551 518 609 causas,
543 533 627 592 aliam
649 540 787 606 mentem,
809 531 893 591 aliam
913 532 1053 592 rationem

66 617 149 678 dabo.
184 615 290 676 Verbis
304 617 422 676 elevare
437 617 576 695 quaedam
595 615 709 681 licebit;
732 615 842 675 luxuria
859 615 1050 693 liberalitatis,
1060 615 1094 676 77

66 702 182 761 auaritia
199 701 407 779 parsimoniae,
426 701 604 778 negligentia
625 700 814 778 simplicitatis
833 701 946 759 nomine
962 700 1052 759 lenie-

66 793 119 844 tur.
156 783 244 844 Vultu
266 783 406 862 denique,
428 802 520 859 rooe,
549 782 646 844 babitu
669 783 717 843 vel
742 784 850 843 favoris
877 783 984 860 aliquid
1003 783 1053 844 vel

64 869 253 927 miserationis
274 868 418 928 merebor.
455 867 539 927 Solet
560 884 760 946 nonuunquam
780 883 898 926 movere
917 866 1052 927 lacrimas

64 953 127 1029 ipsa
142 952 299 1011 confessio.
329 952 425 1028 Atque
441 968 498 1028 ego
519 950 643 1011 libenter
659 953 850 1027 interrogem,
867 952 923 1009 sint
938 950 987 1010 illa
1002 951 1052 1011 ‹le-

64 1034 188 1109 iensuri,
212 1051 285 1112 quae
307 1052 365 1094 nou
382 1037 579 1110 narraverint,
600 1031 715 1095 necne?
748 1033 820 1094 Nam
840 1036 865 1093 ai
886 1051 981 1111 neque
1001 1033 1094 1094 ‹le-to

64 1117 206 1178 landerint
226 1136 322 1196 neque
343 1121 536 1193 narraverint,
556 1127 618 1179 tota
633 1135 719 1178 causa
734 1119 887 1196 prodetur;
910 1127 938 1178 at
956 1120 981 1177 si
1000 1118 1051 1178 ala·

64 1201 172 1262 sensuri
185 1211 264 1262 sunt:
281 1219 446 1281 proponere
463 1211 543 1262 certe
558 1202 728 1280 plerumque
743 1202 788 1277 id,
811 1202 887 1280 quod
903 1203 1050 1263 conlirma-

63 1287 119 1346 turi
145 1302 257 1362 sumus,
283 1294 409 1364 oportet.
452 1284 510 1346 Gur
535 1304 607 1362 ergo
629 1303 686 1345 non
709 1303 901 1364 exponamus,
924 1285 1003 1365 qnod
1022 1294 1052 1346 ct

63 1369 132 1430 dllui
151 1378 267 1447 potest,
289 1379 335 1445 et,
358 1368 468 1445 utfboo
486 1371 649 1446 contingat,
670 1371 768 1447 utique
785 1371 963 1430 indicandum
985 1367 1051 1429 esti

63 1451 122 1513 but
148 1454 215 1530 quid
238 1455 313 1513 inter
338 1453 537 1532 probationem
562 1463 591 1513 et
616 1456 807 1513 narrationem
831 1457 968 1529 interest,
998 1455 1094 1520 nisili

63 1537 141 1614 qnod
164 1539 289 1599 narratio
312 1546 358 1597 est
379 1537 557 1616 probationis
583 1540 717 1597 continua
743 1540 923 1616 propositio,
952 1556 1051 1597 rursus

61 1619 195 1698 probatio
210 1621 363 1682 narrationi
381 1638 544 1698 congruens
566 1618 764 1681 confirmatio?
797 1622 951 1682 Videamus
967 1639 1051 1699 ergo,

61 1721 127 1763 num
148 1702 223 1764 baec
246 1706 397 1784 expositio·
414 1706 529 1781 longior
549 1705 661 1764 demum
685 1703 790 1765 debeat
811 1723 896 1779 esse,
918 1714 948 1764 et
964 1706 1051 1783 paulo

60 1787 215 1848 verbosior
226 1791 446 1867 praeparatione
462 1798 490 1848 et
503 1787 670 1866 quibusdam
685 1790 869 1865 argumentis,
885 1788 1051 1866 (argumem

8 1914 9 1923 η
61 1874 97 1932 tis
113 1874 195 1948 dico,
217 1891 273 1932 oon
294 1873 573 1951 argumentatione),
597 1873 642 1931 cui
658 1881 753 1931 tamen
772 1872 922 1950 plurimum
938 1873 1053 1932 confert

8 1969 9 1974 ’
59 1956 199 2034 irequens
223 1957 391 2018 affirmatio:
422 1954 594 2040 Effecturoa
617 1975 689 2032 noa,
717 1957 798 2034 quod
819 1957 966 2025 dicimo&
991 1975 1052 2018 non

56 2059 148 2120 posce
163 2043 222 2102 eim
240 2042 345 2102 terrain
365 2043 485 2103 ostendi
500 2042 601 2119 primo
622 2042 824 2119 erpoailiorrer
845 2048 1005 2119 expectent
1023 2048 1053 2101 et

56 2127 217 2203 opiniones
235 2142 311 2186 suos
329 2125 473 2208 differunt
493 2134 522 2186 et
541 2125 618 2187 benc
637 2133 768 2203 sperent
804 2123 936 2203 Denique
951 2123 1094 2201 utique8⁰

57 2208 229 2269 narrandum
244 2217 305 2283 est,
325 2208 460 2287 quidquid
481 2209 581 2283 aliter,
603 2226 687 2286 quam
707 2208 888 2269 aduersarius
904 2209 1050 2288 exposuit,

57 2293 171 2352 narrari
186 2301 297 2370 potest;
316 2302 365 2353 aut
380 2296 464 2353 etiam
476 2295 625 2371 prooemia
640 2301 705 2351 sunt
723 2294 752 2352 in
766 2293 811 2353 bis
832 2295 928 2352 causis
948 2299 1050 2371 super·

56 2392 169 2451 vacua,
193 2394 266 2454 quae
290 2376 358 2453 qnid
378 2378 469 2453 magis
490 2386 593 2454 agunt,
617 2393 700 2454 quam
722 2385 754 2436 ut
775 2377 933 2453 cognitioni
955 2394 1052 2436 rerum

55 2460 348 2520 accommodatiorem
370 2462 492 2520 iudicem
513 2457 641 2521 iaciant?
679 2459 775 2538 Atque
800 2460 959 2536 constabit,
984 2478 1051 2519 nus·

56 2557 144 2621 quam
166 2561 234 2603 esse
257 2561 355 2603 eorum
374 2547 511 2605 maiorem
532 2562 629 2618 usum,
649 2561 732 2621 qnam
753 2544 801 2604 ubi
818 2547 927 2605 animus
947 2545 1050 2605 iudicis

56 2625 93 2685 ab
116 2626 214 2705 aliqua
238 2636 338 2688 contra
357 2645 411 2687 nos
430 2629 514 2686 insita
535 2629 672 2705 opinione
694 2627 854 2688 bectendus
878 2637 933 2688 est.
974 2626 1049 2688 Gon·
1057 2630 1092 2686 81

54 2710 214 2769 iecturales
230 2720 325 2771 autem
341 2729 464 2786 causae,
485 2710 634 2789 inquibus
656 2711 693 2770 tle
712 2711 791 2771 iacto
807 2714 971 2791 quaeritur,
993 2729 1052 2771 uon

54 2801 113 2852 tam
132 2811 223 2871 saepe
238 2796 297 2870 rei,
316 2796 352 2856 de
368 2807 423 2873 qua
438 2795 572 2854 iudicium
586 2803 647 2869 est,
670 2813 754 2873 quam
769 2813 886 2871 eorum,
908 2814 962 2873 per
976 2813 1050 2873 quae

53 2892 105 2934 res
120 2877 285 2954 colligenda
306 2888 367 2954 cst,
388 2880 599 2957 expositionem
620 2877 735 2939 babent.
769 2878 865 2955 Quae,
885 2898 949 2940 cum
965 2896 1050 2939 accu-

52 2967 139 3020 sator
164 2962 327 3040 suspiciose
351 2971 466 3034 narret,
495 2980 562 3020 rens
590 2963 690 3023 levare
715 2966 910 3039 suspicionem
934 2961 1050 3038 debeat,

53 3043 144 3103 aliter
157 3044 194 3104 ab
209 3044 266 3105 boo
281 3055 368 3126 atque
384 3045 420 3105 ab
436 3046 487 3105 illo
504 3045 540 3106 ad
559 3047 683 3105 iudicem
702 3047 827 3124 perferri
849 3055 976 3125 oportet.
1011 3047 1092 3107 Alea

53 3127 133 3185 enim
150 3129 291 3206 quaedam
306 3139 473 3207 argumenta
489 3128 572 3189 turba
585 3130 699 3205 valent,
719 3130 833 3189 diducta
848 3131 958 3191 leviora
973 3140 1049 3190 sunt.

50 3206 85 3270 ll
101 3210 219 3288 quidem
233 3229 291 3273 non
305 3231 342 3274 eo
358 3215 500 3292 pertinet,
518 3221 550 3272 ut
565 3222 736 3291 quaeratur,
755 3230 791 3273 an
811 3215 981 3275 narrandum
997 3215 1050 3276 sed

50 3296 203 3371 quomodo
216 3297 386 3358 narrandum
402 3294 461 3358 siti
486 3295 558 3356 Nam
571 3306 602 3356 st
617 3314 782 3374 congerere
795 3298 918 3376 plurima
933 3300 1049 3377 exposi-

48 3377 134 3437 tione
157 3380 222 3457 qois
240 3381 392 3457 prohibet,
415 3383 439 3441 si
460 3381 489 3441 id
509 3380 580 3440 utile
601 3389 648 3440 est
670 3398 793 3457 causae,
812 3392 842 3442 et
861 3385 1048 3460 promitteret

47 3462 106 3523 sed
123 3472 163 3523 et
176 3462 306 3524 dividere
322 3467 513 3526 mmmionem
532 3474 562 3524 et
584 3464 772 3546 probationes
790 3466 969 3544 pubiungere
983 3482 1049 3544 par*
1125 3517 1129 3524 ,
