2434 3925
141 172 202 232 176
439 214 441 219 ⁴
464 183 501 230 ur.
514 180 823 241 elaboraturum

139 336 294 397 solitudine
313 338 443 415 reperire
464 354 522 395 non
544 331 718 413 possumus?
752 334 874 414 Propter
899 355 976 416 quae
1002 339 1105 400 idem
1129 340 1176 400 ille

139 430 235 481 tantus
250 430 360 480 amator
375 422 483 480 secreti
499 420 712 480 Demosthenes
728 421 756 479 in
770 419 866 496 litore,
889 422 917 479 in
930 439 993 499 quo
1013 443 1055 483 se
1078 427 1172 483 maxi·

139 522 186 565 mo
202 523 265 564 eum
281 522 354 564 sono
370 504 472 564 duetus
492 504 627 579 illideret,
647 503 786 562 meditans
801 505 1026 566 consuescebat
1045 511 1172 568 contio

139 606 205 649 num
221 589 350 648 fremitus
365 606 422 647 non
438 606 647 667 expavescere.

97 697 131 752 31
225 685 278 747 llla
291 704 408 764 quoque
424 688 533 744 minora
550 685 618 764 (sed
634 684 703 744 nihil
721 687 749 742 in
761 686 861 744 studiis
872 703 995 762 parvum
1016 692 1097 769 est)
1118 707 1168 748 nor

140 780 204 830 sunt
221 770 408 831 transeunda:
424 769 541 829 scribi
557 772 665 846 optime
684 771 769 841 ceris,
786 768 928 845 inquibus
946 771 1114 832 facillima
1128 784 1167 833 est

140 857 213 915 ratio
231 853 359 922 delendi;
380 856 434 912 nisi
456 853 532 912 lorte
552 855 631 911 visus
650 853 786 912 infirmior
802 852 1043 914 membranarum
1062 860 1165 935 potius

139 957 220 998 usum
244 941 362 1015 exiget,
386 956 460 1015 quae
488 946 519 996 ut
542 938 638 996 iuvant
659 938 766 1010 aciem,
792 938 831 995 ita
858 936 962 997 crebra
988 941 1164 1011 relatione,

141 1021 235 1101 quoad
250 1024 426 1098 intinguitur,
446 1020 547 1080 calami
562 1028 707 1079 morantur
722 1029 876 1078 manumet
892 1024 1099 1097 cogitationis
1118 1029 1163 1085 im·

96 1116 236 1186 asperum
260 1106 402 1182 frangunt.
442 1104 660 1182 Relinquendee
689 1113 783 1162 autem
810 1105 837 1162 in
862 1104 1001 1165 utrolibet
1043 1127 1163 1185 genere

140 1200 241 1250 eontra
259 1199 341 1249 erunt
361 1207 470 1249 vacuae
488 1188 633 1261 tabellae,
654 1190 682 1246 in
702 1187 805 1265 quibus
823 1187 915 1248 libera
931 1190 1107 1252 adiiciendi
1129 1194 1161 1252 sit

140 1275 285 1334 excursio.
317 1273 388 1332 Nam
404 1274 518 1331 interim
534 1274 677 1350 pigritiam
690 1271 857 1330 emendandi
872 1275 1029 1348 angustiae
1045 1277 1160 1336 faciunt

140 1368 189 1419 aut
204 1367 285 1417 certe
303 1374 442 1416 novorum
457 1358 678 1436 interpositione
690 1357 787 1433 priora
799 1356 984 1416 confundant.
1012 1359 1069 1418 Ne
1088 1362 1159 1420 latas

140 1442 253 1521 quidem
274 1441 348 1500 ultra
375 1439 488 1499 modum
515 1440 693 1498 esse'ceras
715 1438 817 1514 velim,
846 1450 986 1518 expertus
1012 1445 1157 1503 iuvenem

139 1525 297 1584 studiosum
316 1525 423 1601 alioqui
442 1523 619 1602 praelongos
637 1523 772 1582 babuisse
793 1540 961 1599 sermones,
987 1529 1064 1602 quia
1092 1530 1155 1588 illos

138 1625 257 1668 numero
279 1627 415 1667 versuum
438 1607 630 1682 metiebatur,
647 1606 734 1684 idque
755 1607 869 1682 vitium,
893 1608 970 1685 quod
998 1610 1153 1689 frequenti
1201 1648 1202 1655 κ

139 1693 331 1753 admonitione
350 1693 457 1768 corrigi
472 1709 528 1750 non
545 1700 690 1769 potuerat,
705 1693 818 1749 mutatis
831 1691 979 1752 codicibus
993 1712 1072 1753 esse
1090 1696 1152 1755 sub·

97 1778 236 1839 331atum.
266 1776 363 1837 Debet
377 1794 482 1835 vacare
499 1777 584 1834 etiam
600 1776 694 1849 locus,
712 1776 739 1832 in
756 1774 812 1851 quo
828 1784 962 1834 notentur
981 1795 1065 1854 quae
1084 1782 1151 1840 seri·

138 1861 271 1922 bentibus
287 1862 382 1921 solent
399 1869 481 1921 extra
496 1860 636 1933 ordinem,
657 1858 685 1917 id
706 1867 751 1917 est
769 1876 806 1917 ex
821 1859 895 1934 aliis,
914 1877 998 1937 quam
1016 1866 1073 1938 qui
1089 1873 1150 1922 sunt

138 1946 308 2007 inmanibus
324 1947 383 2008 loci
392 1992 402 2021 ,
422 1964 588 2005 occurrere.
628 1943 788 2023 lrrumpunt
811 1945 885 2005 enim
901 1946 1001 2022 optimi
1017 1966 1147 2008 nonnun-

139 2051 224 2110 quam
239 2051 352 2106 sensus,
370 2048 443 2109 quos
458 2049 553 2108 neque
568 2033 699 2090 inserere
718 2040 834 2107 oportet
849 2047 944 2108 neque
966 2029 1094 2096 differre
1108 2044 1145 2096 tu·

139 2127 196 2175 tum
212 2125 267 2191 est,
284 2117 350 2194 quia
366 2117 478 2174 interim
494 2114 662 2188 elabuntur,
672 2116 782 2174 interim
795 2119 950 2174 memoriae
968 2136 1041 2177 suae
1056 2122 1143 2180 inten-

138 2209 185 2257 tos
201 2200 236 2259 ab
256 2200 311 2259 alia
326 2202 491 2258 inventione
515 2199 660 2260 declinant
682 2198 808 2278 ideoque
832 2202 938 2277 optime
959 2211 1026 2262 sunt
1052 2206 1083 2263 in
1098 2205 1143 2265 de·

139 2285 245 2361 posito.

438 2400 592 2459 ououooo
606 2399 844 2464 nmsuoannuu.

224 2511 273 2570 iv.
305 2514 440 2590 Sequitur
464 2514 689 2587 emendatio,
714 2531 781 2594 pars
803 2512 961 2573 studiorum
976 2513 1066 2590 longe
1089 2518 1137 2576 uti·

140 2597 256 2656 lissima.
306 2596 408 2675 Neque
432 2598 505 2655 enim
526 2600 588 2656 sine
618 2616 704 2657 causa
727 2597 866 2658 creditum
893 2605 938 2656 est
965 2597 1059 2656 stilum
1084 2618 1136 2666 pon

139 2683 229 2740 minus
245 2698 346 2757 egere,
366 2699 429 2739 cum
445 2680 532 2740 delet.
563 2681 651 2740 Huius
668 2691 762 2740 autem
781 2684 878 2759 operis
898 2690 942 2739 est
955 2680 1133 2759 adiicere,

139 2765 355 2838 detrahere,
372 2773 525 2824 mutare.
561 2764 620 2823 Sed
635 2765 748 2824 facilius
765 2766 843 2824 iniis
859 2764 1076 2843 simpliciusque
1096 2768 1133 2826 iu-

139 2850 261 2923 dicium,
285 2868 359 2927 quae
383 2848 522 2927 replenda
542 2849 590 2908 vel
617 2849 776 2908 deiicienda
798 2857 879 2913 sunt:
908 2866 1040 2926 premere
1065 2868 1133 2909 vero

139 2935 286 3009 tumentia,
303 2933 417 2993 humilia
434 2933 588 3006 extollere,
606 2932 776 2991 luxuriantia
789 2935 962 3008 astringere,
979 2934 1131 2994 inordinata

139 3015 291 3091 digerere,
313 3016 408 3076 soluta
432 3034 622 3094 componere,
651 3017 806 3077 exultantia
829 3033 988 3091 coercere,
1015 3016 1130 3094 duplicis

112 3109 259 3175 soporae.
282 3099 353 3159 Nam
367 3111 396 3160 et
405 3101 561 3161 damnanda
574 3109 639 3158 sunt
652 3118 726 3177 quae
737 3100 917 3177 placuerunt,
928 3109 957 3159 et
968 3102 1129 3161 invenienda

141 3199 216 3260 quae
241 3185 384 3260 legerant.
433 3184 495 3243 Nec
520 3184 634 3243 dubium
658 3193 703 3243 est
725 3186 861 3262 optimum
883 3203 949 3252 esse
969 3186 1128 3245 emendandi

140 3284 243 3343 genus,
257 3270 281 3326 si
298 3270 404 3344 scripte
421 3269 448 3326 in
465 3268 582 3346 aliquod
597 3277 710 3344 tempus
725 3276 910 3345 reponantur,
927 3277 957 3326 ut
972 3269 1008 3327 ad
1025 3287 1057 3328 ea
1068 3278 1128 3348 post

140 3352 320 3411 intervallum
335 3352 416 3409 velut
433 3369 507 3411 nova
523 3362 609 3428 atque
629 3350 722 3410 aliena
739 3351 905 3426 redeamus,
919 3370 956 3412 ne
967 3351 1050 3411 nobis
1064 3354 1126 3413 seri·

64 3475 69 3488 ,
111 3443 187 3513 3pta
207 3443 306 3502 nostra
326 3442 458 3510 tanquam
478 3444 613 3512 recentes
633 3434 709 3496 letus
737 3434 925 3496 blandiantur.
965 3434 1025 3495 Sed
1041 3454 1126 3517 neque
