2434 3925
335 248 425 298 mou.
442 249 591 298 onsron.
608 249 679 304 urs,
696 249 750 315 rx,
765 247 792 300 4.
1002 239 1060 301 137
1076 212 1078 215 ⁸

52 402 174 479 solent,
199 420 295 483 eoque
319 402 397 463 iaoto
418 404 534 480 nuum,
556 394 713 482 quoderat
733 404 763 463 in
785 402 858 480 fine,
886 406 1060 468 continuatio

53 487 203 549 emendat.
248 485 316 549 Non
336 489 399 549 ordt
415 489 549 566 populos
561 488 718 549 &monuo
730 489 869 551 obsoletis
884 493 1062 554 criminibus

11 620 13 623 -
52 566 209 634 domari
225 569 352 634 Verrem
366 571 482 648 durum,
505 573 530 630 si
548 574 679 642 desinas;
705 571 758 631 sed
775 590 839 632 oum
854 582 899 633 est
914 578 1060 635 continua·

53 664 118 716 tum
140 655 175 714 iio
197 673 273 733 quae
296 664 474 734 sequuntur,
497 673 657 736 quanquam
678 664 777 716 natura
797 656 861 734 ipsa
878 658 970 718 divisa
993 660 1059 733 sint,
1213 720 1214 737 ,

55 736 151 805 Nova
169 741 318 816 postolat,
339 734 480 801 inaudito
500 741 675 801 derideret:
697 739 794 799 salvus
810 748 856 800 est
874 759 984 802 oureus.
1025 741 1061 805 tu
1069 748 1101 805 71
1213 740 1214 757 ¹

54 824 174 898 adeor,
190 831 305 884 tontum
320 824 424 900 dahis,
441 822 516 882 male
534 822 682 900 eluderet,
700 841 764 883 nam
780 834 809 883 et
824 825 943 885 trimetri
957 845 1060 889 uersus

53 924 128 987 pars
150 905 249 966 ultima
272 914 331 975 est;
360 908 470 985 exeipit
492 905 530 968 Ut
552 909 652 969 dham
674 909 873 987 vestitumque
897 911 1061 990 introferre

53 993 167 1067 used,
194 997 330 1059 tantomr
356 1008 500 1071 praeceps
521 991 616 1051 adhue
639 990 765 1052 firmatur
784 1010 821 1052 ao
842 994 998 1054 sustinetur
1017 994 1060 1055 ul·

56 1076 129 1135 timo
154 1070 248 1136 Nemo
262 1075 436 1137 reoorobot.
594 1124 596 1127 .

42 1186 46 1192 ·
144 1157 268 1218 Versum
290 1160 319 1217 in
339 1160 471 1219 oratione
492 1159 555 1218 [ieri
571 1158 661 1220 multo
681 1158 876 1219 foedissimum
895 1169 941 1221 est
958 1170 1102 1236 totamm
1213 1156 1214 1203 ἶ

56 1242 114 1303 sed
130 1243 214 1302 etiam
227 1244 257 1301 in
271 1251 353 1320 parte
369 1242 514 1310 deforme;
535 1244 635 1320 utique
650 1244 675 1302 si
690 1260 758 1321 pars
773 1246 919 1322 posterior
934 1246 962 1304 in
981 1245 1059 1305 elau-

57 1325 124 1386 eula
140 1325 372 1405 deprehendatur
392 1336 440 1386 aut
455 1344 554 1386 rursus
568 1328 650 1405 prior
664 1328 693 1386 in
708 1329 851 1405 ingressu.
895 1327 966 1388 Nam
983 1328 1060 1407 quod

58 1419 107 1470 est
124 1419 224 1470 eontra
241 1427 331 1488 saepe
346 1411 432 1471 etiarn
446 1411 547 1485 deoet,
570 1411 686 1488 quia'et
699 1410 806 1472 claudit
823 1413 935 1472 interim
952 1414 1060 1491 optime

59 1494 152 1573 prima
167 1511 234 1571 pars
250 1511 368 1569 versus,
385 1494 450 1554 dum
464 1496 537 1553 intra
552 1511 660 1571 paucas
676 1494 822 1572 syllabas,
839 1498 996 1574 praecipue
1014 1515 1059 1557 se·
1213 1540 1214 1573 ,

61 1577 135 1637 narii
156 1587 243 1656 atque
258 1579 415 1645 octonarii;
441 1576 491 1658 (In
506 1576 615 1655 Africo
633 1578 731 1656 foisse
751 1581 858 1639 initium
875 1582 981 1640 senarii
1003 1589 1058 1654 est,
1068 1592 1102 1650 73
1213 1606 1214 1647 t

59 1662 181 1740 primunr
200 1677 254 1739 pro
277 1658 312 1734 Q.
334 1661 449 1738 Ligario
470 1670 556 1739 eaput
576 1660 697 1730 olaodit;
724 1660 802 1724 Esse
816 1664 974 1740 videatur,
996 1682 1060 1724 narn

59 1745 143 1804 nimis
158 1743 311 1823 frequens,
333 1746 511 1805 octonarium
526 1744 656 1813 inehoat;
682 1746 750 1806 talia
766 1756 830 1806 sunt
844 1747 1058 1823 Demosthenis,

59 1831 135 1888 πᾶσι
160 1826 211 1888 καὶ
232 1822 357 1900 πάσαις·
383 1827 435 1888 καὶ
453 1831 545 1889 πᾶσιν
564 1821 651 1906 ὑμῖν,
680 1838 710 1889 et
729 1839 819 1890 toturn
839 1848 933 1909 paene
955 1832 1059 1909 prinoi-

61 1913 154 1992 pium)
182 1921 211 1973 et
233 1912 332 1973 ultima
355 1930 490 1973 versuum
513 1913 593 1974 initio
616 1914 789 1975 conveniunt
814 1915 967 1975 orationis:
994 1912 1102 1983 Etsiu
1213 1981 1214 1990 ,

59 1998 332 2073 encomiasticon,
348 2006 378 2057 st
393 1997 619 2073 Animadverti,
633 2000 761 2060 iudicer.
805 1999 865 2060 Sed
880 2000 957 2058 initia
973 1999 1058 2059 initiis
1159 2069 1163 2079 x

59 2097 118 2141 nou
139 2081 326 2156 conveniunt,
348 2081 398 2161 (Τ.
420 2081 516 2141 Livius
537 2081 696 2142 hexametri
718 2082 838 2143 exordio
856 2084 968 2161 eoepit:
996 2079 1058 2143 ra-

61 2173 206 2227 otororrse
220 2167 483 2246 operaepretium
502 2168 580 2237 sim;
607 2184 671 2226 narn
691 2166 730 2227 ita
751 2166 854 2241 edidit,
876 2175 978 2244 estque
999 2181 1058 2227 me·

5 2297 6 2300 ,
62 2247 134 2322 lius,
158 2267 243 2327 quam
267 2265 324 2327 qno
350 2249 436 2309 modo
459 2250 640 2329 emendatur)
661 2268 718 2310 neo
740 2250 887 2311 clausulae
910 2250 1056 2327 clausulis,
1066 2260 1100 2318 ts

5 2351 6 2384 1
61 2340 94 2392 ut
114 2329 235 2409 cinero,
262 2330 328 2406 Ouo
349 2335 689 2410 hermammonem·
715 2336 763 2413 qui
779 2335 899 2395 trimetri
919 2335 982 2394 inis
1003 2343 1057 2395 est.

63 2416 223 2476 Trimetron
239 2426 268 2476 et
287 2418 450 2496 promiscue
471 2417 570 2478 dicere
588 2418 691 2494 liceat,
712 2436 767 2478 sex
788 2420 862 2479 enim
882 2420 974 2497 pedes
998 2429 1058 2479 tres

62 2502 268 2580 percussiones
288 2500 404 2562 hahent.
447 2501 533 2563 Peius
555 2502 644 2563 eludit
663 2503 728 2562 finis
744 2502 916 2580 hexametri,
942 2511 973 2562 ut
988 2502 1057 2563 Bru

63 2591 109 2644 tus
124 2585 153 2643 in
167 2585 317 2663 epistolis:
333 2583 439 2665 Neque
452 2587 497 2648 itt·
510 2588 626 2648 molunt
640 2585 753 2649 hahere
765 2594 880 2649 totores
893 2596 946 2648 out
956 2587 1058 2666 desert·

61 2685 164 2743 sores,
186 2686 360 2749 qoonqoom
375 2672 474 2732 eeiord
491 2672 649 2748 plooor'sre
663 2668 781 2733 Gotoni.
823 2670 869 2731 Illi
884 2672 974 2730 minus
996 2675 1101 2735 suntin

62 2750 220 2828 notabiles,
243 2755 309 2831 quia
331 2753 388 2814 hoo
407 2772 499 2831 genus
526 2756 651 2816 sermoni
670 2757 829 2833 proximam
854 2763 908 2814 est.
957 2753 1058 2830 Itaque

5 2831 6 2838 '
63 2844 92 2896 et
109 2853 212 2913 versos
233 2838 286 2896 toti
307 2836 371 2897 iere
393 2838 542 2914 excidunt,
567 2856 642 2918 quos
656 2838 759 2899 Brutus
781 2841 846 2916 ipso
869 2835 1059 2914 componendi

62 2917 163 2979 duetus
182 2921 279 2981 studio
301 2922 471 2999 saepissime
494 2922 577 2998 iacit,
599 2940 656 2982 non
670 2940 737 2982 raro
754 2922 885 2995 Asinius,
906 2921 1059 2980 sedetiam

64 3000 167 3062 Giuero
182 3021 396 3083 nonnunquam,
420 3014 451 3064 ut
471 3005 500 3064 in
519 3005 662 3084 principio
683 3007 778 3066 statim
798 3004 933 3064 orationis
955 3005 983 3063 in
1005 3003 1058 3063 Lu·

63 3086 136 3146 oium
155 3086 304 3148 Pisonem:
330 3088 391 3151 Pro
414 3090 459 3155 dii
477 3091 678 3167 immortates,
697 3091 765 3169 quir
779 3090 829 3150 itio
850 3089 949 3150 illuxit
971 3089 1059 3149 dier?
1118 3165 1123 3174 ι

65 3167 130 3229 Nou
144 3171 255 3232 minore
270 3182 364 3232 autem
377 3191 445 3249 eura
459 3174 602 3233 vitandum
616 3182 677 3248 est,
694 3172 830 3251 quidquid
843 3181 887 3231 est
897 3170 1058 3253 ἔνρυθμον,
1066 3178 1100 3234 77

5 3281 6 3326 p
64 3254 233 3332 qualeapud
246 3256 427 3317 Sallustium:
439 3254 531 3319 Foloe
541 3259 679 3336 queritur
690 3259 729 3318 de
742 3263 855 3318 odoro
865 3275 932 3318 sno.
954 3255 1058 3329 Quam·

62 3337 106 3395 vis
120 3339 193 3397 enim
208 3340 302 3399 vineta
318 3342 371 3416 sit,
389 3350 485 3400 tamen
498 3341 594 3401 soluta
607 3340 699 3401 rideri
715 3339 802 3400 debet
823 3342 925 3400 oratio.
970 3338 1059 3416 Atqui

63 3418 161 3498 Plato,
178 3421 414 3498 diligentissimus
429 3425 664 3502 oompositionis,
681 3425 709 3483 in
725 3423 844 3485 Timaeo
859 3426 949 3502 prima
964 3423 1058 3483 statim

63 3512 144 3582 purte
158 3507 249 3568 vitare
264 3508 319 3566 ista
331 3522 388 3567 non
402 3509 505 3587 potuit.
540 3506 612 3569 Nam
628 3517 657 3568 et
671 3509 777 3570 initium
792 3507 949 3571 hexametri
964 3505 1100 3572 statimtfi
