2434 3925
300 294 559 345 monoceron.
582 296 651 342 um.
674 295 725 359 111,
753 290 779 344 7.
791 290 818 343 s.
994 281 1052 343 135

62 451 281 515 Lacedaemone
296 451 388 512 studia
405 451 562 512 litterarum
577 467 661 527 qnam
678 448 800 509 Athenis
816 444 942 509 honores
960 468 1051 509 mere-

63 536 185 611 buntur,
214 536 280 614 plus
302 536 438 612 patientia
460 553 495 595 ac
508 533 656 594 fortitudo.
700 533 795 619 Rapto
816 536 916 593 vivere
938 534 1053 611 quibus·

63 620 127 681 dam
145 620 313 693 honestum,
335 620 399 679 aliis
422 637 490 679 cura
511 619 617 694 legum.
660 616 820 694 Frugalitas
843 619 917 696 apud
937 618 1052 692 Sybari-¹

63 713 106 764 tas
128 704 251 764 forsitan
273 701 339 762 odio
356 704 448 778 foret,
470 701 618 762 veteribus
635 701 770 761 Romanis
787 720 923 761 summum
943 702 1053 761 luxuria

64 790 183 847 crimen.
217 786 325 847 Eadem
339 787 368 846 in
384 787 504 864 singulis
521 786 690 846 dillerentia.
724 783 847 845 Maxime
863 786 941 845 iavet
956 782 1095 860 iudex,25

64 873 112 949 qui
131 870 188 930 sibi
205 869 347 929 dicentem
364 872 496 931 assentiri
513 879 602 949 putat.
638 869 717 929 Idem
735 871 877 948 praecipit
894 869 964 929 illud
983 886 1052 948 quo-

64 973 139 1033 que,
164 953 258 1032 (quod
280 971 348 1013 mox
363 952 514 1014 Cornelius
532 953 637 1014 Celsus
660 972 754 1032 prope
768 971 855 1033 supra
877 952 991 1012 modum
1012 954 1053 1011 in-

62 1039 155 1117 vasit)
180 1040 246 1115 quia
267 1040 304 1097 sit
326 1040 465 1115 quaedam
485 1036 636 1099 virtutibus
658 1056 693 1097 ac
711 1038 786 1096 vitiis
803 1038 949 1112 vicinitas,
971 1046 1052 1096 uten-

63 1124 130 1183 dum
141 1124 272 1200 proxima
284 1124 460 1183 derivatione
471 1122 636 1196 verborum,
653 1129 684 1182 ut
701 1139 755 1200 pro
771 1123 924 1181 temerario
937 1122 1052 1196 fortem,

62 1223 117 1286 pro
137 1206 261 1284 prodigo
284 1206 450 1282 liberalem,
477 1223 530 1285 pro
553 1222 641 1267 avaro
663 1223 781 1284 parcum
802 1223 953 1271 recemum
980 1223 1054 1283 quae

64 1289 167 1351 eadem
185 1292 268 1349 etium
291 1298 390 1350 contra
406 1291 513 1350 valent.
548 1290 631 1364 Quod
649 1289 763 1367 quidam
781 1299 889 1364 orator,
906 1290 934 1350 id
953 1299 997 1349 est
1011 1291 1055 1346 vir

63 1374 175 1449 bonus,
194 1391 335 1451 nunquam
352 1375 451 1450 iaciat,
469 1374 525 1433 nisi
538 1373 615 1433 lorte
629 1375 768 1433 communi
786 1374 906 1434 utilitate
922 1373 1051 1433 ducetur.

149 1456 309 1516 laudantur
324 1466 418 1519 autem
435 1458 544 1518 urbes
561 1457 693 1517 similiter
711 1467 796 1536 atque
812 1458 952 1518 homines.
983 1455 1096 1519 Nambb

65 1557 119 1620 pro
142 1550 263 1619 parente
285 1549 330 1600 est
352 1541 493 1618 conditor,
510 1550 546 1623 et
567 1541 684 1601 multum
704 1544 880 1602 auctoritatis
902 1542 985 1601 allent
1004 1559 1053 1600 ve·

64 1633 167 1700 tostas,
190 1625 296 1700 uthis,
320 1625 366 1704 qui
391 1635 468 1685 terra
490 1626 621 1686 dicuntur
644 1627 713 1691 orti;
737 1635 766 1685 et
789 1628 909 1686 virtutes
932 1644 966 1685 ac
986 1626 1054 1685 vitia

66 1710 145 1769 circa
161 1726 210 1768 res
227 1717 326 1786 gestas
342 1710 443 1770 eadem
460 1727 534 1787 quae
555 1710 584 1769 in
606 1708 742 1786 singulis,
764 1709 813 1770 illa
831 1710 958 1787 propria,
980 1726 1054 1786 quae

66 1808 104 1852 ex
124 1792 184 1852 loci
205 1794 349 1871 positione
369 1810 405 1854 ac
420 1794 574 1854 munitione
590 1802 665 1853 sunt.
698 1788 786 1852 Cives
802 1793 860 1852 illis
883 1802 913 1851 ut
935 1791 1053 1851 homini·
1095 1782 1105 1876 λ’

64 1876 118 1936 bus
142 1876 226 1936 liberi
247 1876 357 1936 decori.

150 1959 204 2020 list
220 1960 283 2021 laus
305 1971 333 2021 et
355 1979 524 2040 operum,
547 1961 575 2020 in
595 1960 696 2039 quibus
714 1959 823 2035 honor,
843 1958 969 2034 utilitas,
990 1959 1095 2038 pul-27

66 2044 213 2119 claritudo,
238 2054 338 2105 auctor
360 2047 487 2124 spectari
510 2045 595 2105 solet.
628 2045 727 2105 llonor
747 2054 777 2104 ut
798 2045 826 2103 in
847 2040 978 2121 templis,
1000 2044 1053 2102 uti·

64 2128 131 2188 litas
152 2137 183 2187 ut
205 2130 234 2187 in
250 2132 348 2203 muris,
372 2129 554 2208 pulchritudo
572 2129 620 2189 vel
642 2138 742 2189 auctor
759 2128 921 2208 utrobique.
957 2127 1010 2187 Est
1025 2136 1055 2186 et

66 2212 250 2287 locorum,
275 2213 366 2291 qualis
389 2214 506 2273 Siciliae
529 2213 604 2292 apud
627 2210 816 2289 Ciceronem,
839 2211 991 2289 inquibus
1016 2214 1053 2270 si-

65 2295 171 2355 mililer
189 2298 316 2374 speciem
340 2298 544 2378 etutilitatem
568 2298 722 2365 intuemur;
744 2297 873 2376 speciem
895 2296 1053 2369 maritimis,

66 2380 177 2459 planis,
200 2382 340 2462 amoenis;
369 2380 518 2441 utilitatem
540 2380 721 2456 salubribus,
744 2380 895 2440 fertilibus.
941 2379 1003 2438 Erit
1025 2388 1055 2437 et

66 2464 207 2525 dictorum
225 2463 410 2523 honestorum
427 2464 624 2543 factorumque
641 2465 703 2525 laus
717 2457 873 2542 generalis,
894 2466 947 2523 erit
965 2472 993 2523 et
1009 2481 1053 2522 ra·

65 2565 126 2607 rum
149 2549 240 2607 omnis
261 2549 346 2608 modi.
385 2547 456 2608 Nam
479 2558 507 2608 et
528 2550 619 2608 somni
642 2558 671 2608 et
688 2550 786 2608 mortis
811 2550 937 2625 scriptae
953 2547 1097 2608 laudes28

68 2640 96 2691 et
116 2631 293 2710 quorundam
314 2632 464 2692 amedicis
486 2632 624 2692 ciborum.

148 2714 265 2793 ltaque,
295 2725 326 2776 ut
353 2733 410 2774 non
435 2717 569 2776 consensi
591 2716 648 2776 hoc
669 2715 842 2776 laudativum
862 2732 953 2792 genus
977 2715 1054 2774 circa

66 2797 159 2858 solam
180 2800 291 2859 versari
311 2799 425 2860 honesti
454 2801 671 2877 quaestionem,
702 2802 745 2859 sic
769 2798 905 2878 qualitate
933 2799 1055 2857 maxime

66 2884 207 2943 contineri
229 2891 314 2961 puto;
338 2901 496 2961 quanquam
514 2892 573 2942 tres
591 2892 681 2943 status
701 2899 801 2942 omnes
820 2882 924 2941 cadere
948 2882 976 2941 in
998 2882 1055 2941 hoc

65 2981 140 3043 opus
161 2968 283 3045 possint,
308 2967 411 3045 bisque
430 2985 512 3025 usum
531 2964 563 3026 G.
580 2964 736 3027 Caesarem
751 2968 779 3025 in
795 2965 984 3042 vituperando
1000 2963 1054 3026 Ga·

64 3055 133 3109 tone
156 3052 297 3111 notaverit
313 3050 428 3111 Cicero.
472 3049 574 3110 'lotum
602 3060 695 3111 autem
722 3049 809 3109 babet
834 3049 941 3126 aliquid
962 3050 1060 3110 simile

63 3135 220 3212 suasoriis,
249 3136 315 3212 quia
336 3136 508 3214 plerumque
531 3133 632 3195 eadem
657 3132 717 3195 illic
738 3132 852 3194 suaderi
876 3131 923 3192 hic
945 3133 1054 3194 laudari

63 3215 170 3277 solent.

287 3372 329 3421 bu
343 3371 509 3425 suasorem
525 3371 567 3421 ET
582 3368 834 3425 PROSOPOPOEIA.

146 3450 224 3512 Vlll.
249 3452 523 3514 Deliberativas
543 3471 659 3531 quoque
677 3454 765 3512 miror
783 3453 975 3532 aquibusdarn
990 3451 1054 3511 sola

60 3536 186 3598 utilitate
209 3536 311 3597 linitas.
361 3539 406 3598 Ac
433 3540 458 3597 si
481 3536 548 3617 quid
568 3537 660 3607 inhia
682 3555 766 3597 unum
788 3538 871 3618 sequi
892 3544 1051 3617 oporteret,
