2434 3925
308 183 364 239 Is
379 184 422 240 ε)
960 192 1033 239 ιι.
1055 190 1213 238 nn.
1237 190 1680 250 Qum-rmum

298 366 367 405 :m
409 349 518 406 sit.
557 355 624 406 ut
662 345 1052 426 conpluribus
1094 347 1266 407 etiam
1307 345 1789 425 philosophorum
1827 346 2053 425 placet,
2090 347 2305 407 virtus,

246 432 387 510 25¹!
408 435 582 490 mte-
615 432 788 505 ulad,
834 431 986 509 quod
1018 434 1075 490 in
1106 430 1311 489 studiis
1348 431 1577 492 dicendi
1607 431 1877 509 plerique
1907 440 2307 491 exercuerunt

298 531 358 576 ez
388 526 688 574 exercent.
716 524 813 574 aut
838 515 1052 574 nullam
1078 524 1282 590 artem,
1316 533 1465 594 quae
1491 506 1724 592 ἀτεχνία
1746 518 2099 590 nominatur,
2130 525 2303 593 puto,

299 601 547 662 (nuta-s
575 603 726 659 euim
752 599 924 658 video
954 602 1081 658 sine
1111 601 1369 673 ratione,
1402 602 1527 659 sine
1559 600 1800 674 litteris,
1845 618 1957 677 qua
1984 599 2083 658 vel
2115 601 2300 677 impu-

298 687 491 744 amaia
546 685 642 743 vel
697 684 880 743 fames
933 683 1128 758 duxit,
1182 685 1452 763 ruentes)
1502 692 1600 743 aut
1638 683 1844 743 malam
1890 684 2054 761 quasi
2092 693 2300 759 artem,

298 787 467 846 qum
517 769 899 846 κακοτεχνίαν
936 768 1196 827 dicimus.
1288 766 1431 827 Nam
1473 777 1531 827 et
1572 768 1755 826 fuisse
1794 768 2008 827 multos
2057 776 2116 826 et
2160 786 2302 827 esse

300 853 609 912 &casallos
637 855 938 927 existimo,
984 854 1080 929 qui
1109 850 1445 911 facultatem
1484 852 1712 912 dicendi
1740 852 1812 912 ad
1843 851 2132 911 homiuum
2163 870 2298 930 per·

246 939 507 1004 §sicie-
535 939 949 997 converterint.
1019 936 1458 1015 Ματαιοτεχνία
1496 954 1730 1016 quoque
1760 946 1851 995 est
1880 936 2196 1015 quaedam,
2243 936 2301 996 id

296 1032 391 1081 est
438 1039 801 1100 supervacua
854 1021 993 1080 artis
1042 1021 1314 1095 imitatio,
1373 1038 1522 1099 quae
1562 1021 1703 1080 nihil
1744 1038 1886 1080 saue
1931 1039 2121 1098 neque
2157 1020 2301 1079 boni

296 1124 490 1185 neque
533 1106 667 1165 mali
707 1103 950 1180 habeat,
992 1105 1097 1164 sed
1143 1123 1348 1164 vanum
1398 1104 1690 1172 laborem;
1745 1104 1932 1184 qualis
1971 1104 2126 1164 illius
2166 1104 2299 1180 fuit,

296 1193 395 1269 qai
424 1208 604 1266 grana
635 1192 845 1248 ciceris
876 1207 952 1248 ex
980 1190 1169 1266 spatio
1199 1188 1431 1248 distanti
1470 1191 1682 1264 missa,
1726 1192 1783 1249 in
1812 1208 1976 1248 acum
2022 1190 2301 1248 contiuuo

297 1284 355 1334 et
386 1277 513 1332 sine
541 1275 912 1332 frustratione
946 1272 1272 1348 inserebat,
1319 1291 1487 1351 quem
1518 1292 1645 1333 cum
1677 1282 2009 1351 spectasset
2038 1273 2299 1332 Alexan-

298 1359 437 1430 der?
473 1358 725 1417 donasse
759 1356 965 1416 dicitur
996 1358 1254 1417 eiusdem
1282 1357 1586 1433 leguminis
1616 1358 1847 1434 modio,
1879 1357 2033 1435 quod
2064 1357 2303 1435 quidem

244 1444 615 1521 4praemium
639 1442 743 1500 fuit
770 1441 874 1500 illo
906 1457 1088 1519 opere
1119 1442 1531 1518 dignissimum.
1590 1441 1692 1500 His
1725 1459 1840 1519 ego
1871 1441 2300 1518 comparandos

299 1526 601 1599 existimo,
648 1528 743 1602 qui
782 1527 841 1583 in
885 1525 1432 1600 declamationibus,
1494 1544 1636 1604 quas
1679 1543 1815 1585 esse
1856 1527 2085 1585 veritati
2127 1526 2300 1587 dissi·

298 1609 563 1668 nillimas
592 1610 825 1683 volunt,
867 1619 1115 1669 aetatem
1142 1609 1321 1669 multo
1352 1610 1542 1669 studio
1574 1628 1645 1669 ac
1687 1609 1891 1669 labore
1916 1618 2296 1676 :consumunh

298 1693 517 1752 Verum
553 1693 732 1768 haec,
776 1711 942 1771 quam
994 1696 1296 1753 instituere
1345 1711 1619 1754 conamur
1666 1704 1727 1754 et
1778 1697 1940 1754 cuius
1988 1695 2300 1770 imaginem

299 1781 485 1837 animo
530 1781 936 1856 concepimuS,
980 1796 1130 1856 quae
1179 1777 1336 1838 bono
1377 1780 1506 1838 viro
1559 1781 1831 1839 convenit
1884 1796 2151 1857 quaeque
2205 1786 2301 1837 est

297 1880 442 1921 vere
469 1862 794 1937 rhetorice,
837 1864 1073 1922 virtus
1112 1864 1243 1921 erit.

242 1964 279 2015 5
468 1945 637 2021 Quod
676 1947 1010 2027 philosophi
1041 1947 1271 2026 quidem
1298 1946 1491 2008 multis
1522 1939 1587 2007 et*
1609 1949 1795 2009 acutis
1825 1945 2298 2008 conclusionibus

299 2031 613 2110 colligunt,
658 2033 793 2091 mihi
832 2049 975 2092 vero
1020 2035 1189 2092 etiam
1235 2033 1499 2110 planiore
1548 2033 1657 2092 hac
1699 2036 2053 2112 proprieque
2095 2040 2297 2089 nostra

297 2115 642 2194 probatione
670 2116 899 2176 videtur
929 2135 1062 2175 esse
1093 2118 1484 2194 perspicuum.
1557 2116 1649 2177 Ab
1688 2118 1804 2177 illis
1831 2117 1978 2176 haec
2007 2116 2293 2175 dicuntur.

299 2202 362 2258 Si
414 2216 740 2259 consonare
788 2199 897 2260 sibi
938 2203 994 2259 in
1042 2200 1321 2260 iaciendis
1370 2219 1441 2261 ac
1479 2219 1596 2260 non
1634 2201 1915 2261 faciendis
1956 2202 2138 2259 virtus
2179 2206 2296 2274 est,

298 2301 450 2361 quae
480 2303 616 2362 pars
659 2286 783 2342 eius
814 2285 1115 2362 prudentia
1153 2294 1427 2344 vocatur:
1473 2286 1675 2345 eadem
1708 2288 1765 2345 in
1794 2285 2051 2347 dicendis
2082 2301 2153 2342 ac
2178 2300 2297 2344 non

246 2368 555 2437 edicendis
586 2370 715 2427 erit.
797 2367 873 2427 Et
912 2371 962 2427 si
994 2371 1238 2427 virtutes
1274 2378 1435 2444 sunt,
1475 2370 1545 2429 ad
1591 2387 1734 2447 quas
1765 2369 1932 2429 uobis
1963 2371 2131 2428 etiam
2160 2376 2299 2427 aute

300 2470 469 2529 quam
498 2451 842 2512 doceremur
869 2455 1025 2512 initia
1057 2452 1336 2530 quaedam
1370 2471 1441 2513 ac
1471 2456 1687 2513 semina
1721 2463 1850 2513 sunt
1883 2470 2166 2512 concessa
2196 2469 2298 2510 na-

297 2545 458 2610 tura,
497 2546 559 2595 ut
601 2535 674 2596 ad
715 2538 1012 2611 iustitiam,
1058 2540 1221 2596 cuius
1255 2539 1486 2596 rusticis
1526 2555 1760 2616 quoque
1797 2556 1867 2597 ac
1899 2537 2158 2596 barbaris
2193 2554 2300 2614 ap-

298 2630 466 2698 paret
508 2620 700 2698 aliqua
736 2623 958 2697 imago:
1002 2638 1110 2681 nos
1158 2630 1322 2680 certe
1364 2623 1451 2681 sic
1492 2640 1626 2681 esse
1667 2622 1739 2681 ab
1786 2623 1946 2681 initio
1990 2622 2302 2695 formatos,

297 2713 361 2762 ut
387 2722 695 2783 possemus
730 2723 900 2764 orare
929 2722 1037 2783 pro
1068 2704 1271 2780 nobis,
1313 2708 1536 2766 etiamsi
1565 2723 1679 2765 non
1714 2706 1980 2784 perfecte
2009 2714 2199 2764 tamen
2237 2715 2307 2765 ut

298 2790 555 2848 inessent
581 2789 860 2867 quaedam
890 2789 983 2866 (ut
1004 2790 1153 2868 dixi)
1186 2791 1403 2849 semina
1437 2793 1561 2849 eius
1589 2791 1904 2867 facultatiS‚
1933 2789 2306 2850 manifestum

252 2885 384 2937 :eat
486 2873 613 2929 Ἡιηι
657 2873 853 2929 uadem
897 2883 1084 2932 autem
1123 2883 1323 2932 natura
1360 2883 1451 2932 est
1488 2873 1576 2933 his
1623 2874 1875 2950 artibuS,
1922 2892 2073 2953 quae
2117 2893 2149 2933 a
2179 2876 2304 2933 vir-

304 2965 420 3013 tute
464 2969 589 3013 suut
637 2969 913 3013 rfflmvtsm.
1000 2957 1202 3035 Itaque
1251 2977 1379 3017 cum
1420 2958 1534 3017 duo
1576 2962 1689 3018 sint
1731 2977 1951 3036 genera
1994 2961 2305 3034 orationiS‚

300 3041 481 3101 altera
517 3053 825 3117 pez-petua.
869 3061 1014 3121 quae
1043 3042 1339 3101 rhetorice
1368 3042 1607 3117 dicitur,
1640 3042 1821 3102 altera
1853 3044 2109 3118 concisa,
2146 3062 2306 3120 quae

298 3125 633 3189 dialectice:
681 3145 821 3201 quas
861 3127 1084 3205 quidem
1116 3125 1277 3185 Zeno
1313 3127 1460 3186 adeo
1504 3129 1830 3199 coniunxit,
1872 3135 1933 3185 ut
1961 3126 2109 3186 hanc
2140 3144 2304 3186 com-

388 3229 541 3269 ssne
585 3213 637 3269 in
673 3229 921 3285 pugnum
949 3229 1168 3284 manus,
1209 3209 1367 3270 illam
1408 3212 1735 3288 explicatae
1767 3212 1993 3271 diceret
2022 3211 2305 3270 similem:

460 3317 468 3353 ι
501 3297 841 3369 disputatrix
877 3297 1053 3353 vir-tus
1085 3297 1216 3354 erit.
1296 3293 1464 3353 Adeo
1498 3294 1570 3353 de
1602 3296 1741 3370 hac,
1787 3313 1937 3373 quae
1967 3297 2309 3374 speciosior
2388 3336 2408 3359 κ

505 3381 765 3458 aperlt‘ssr
797 3389 949 3438 tanin
981 3373 1104 3453 est,
1147 3378 1287 3437 nihil
1319 3377 1684 3437 dubitabitur.

477 3466 585 3524 Sed
637 3462 861 3542 plenius
909 3462 1019 3523 hoc
1058 3463 1209 3523 idem
1262 3471 1435 3540 atque
1482 3465 1737 3541 apertius
1778 3464 1986 3522 intueri
2028 3481 2106 3522 ex
2151 3464 2305 3540 ipsis
