2434 3925
312 222 737 293 msu.oneu0u.nrs.1v‚u.
953 214 1011 276 179

23 380 177 458 timuisse,
203 379 351 444 siminus
370 380 431 442 cim
458 380 582 441 menan
601 378 808 459 hominumque
823 382 955 461 fenum,
981 390 1015 444 nt

21 465 106 526 ἰίἰαω
127 466 228 544 ipsum
253 473 373 526 noctem
397 464 544 541 facesque
562 464 635 525 illos
653 466 820 545 nuptiales!
845 486 904 528 non
925 467 1013 528 brnen

23 549 176 610 cubiculi!
200 568 260 612 non
281 548 380 609 cubile
399 547 499 625 filice!
529 567 588 609 non
613 550 748 626 parietes
771 550 901 627 denique
919 552 1012 629 ipsos,

21 633 217 711 superiorum
235 641 325 694 testes
343 632 536 709 nuptiarum!
581 632 704 691 Sermo
726 650 797 692 vero
818 650 973 695 aversus
997 652 1070 706 8106

22 716 147 776 iudice
168 724 197 775 et
211 716 327 775 brevius
342 716 447 776 indicat
461 715 573 774 interim
587 724 616 774 et
631 719 762 793 coarguit
774 719 880 793 magis,
901 735 955 795 qua
976 718 1012 777 de

20 817 51 858 re
65 799 163 873 idem,
180 800 257 877 quod
271 799 299 858 in
314 800 462 876 prooemio
477 798 621 875 dixeram,
637 803 747 876 sentio,
771 802 843 859 sicut
860 800 895 860 de
910 818 1012 878 proso·

20 886 153 962 popoeia
181 900 312 960 qnoque:
342 900 397 959 qua
417 891 510 942 lamen
532 899 589 940 nou
615 883 732 943 Seruius
756 884 840 943 modo
869 884 1013 962 Sulpicius
1108 928 1110 931 -

20 969 108 1027 utitur
124 983 178 1044 pru
192 966 319 1026 Aufidia:
336 965 485 1028 Somnone
495 974 524 1027 te
538 967 715 1045 lanpuidum
726 985 768 1028 an
777 970 868 1047 preci
877 970 1014 1046 letborpo

18 1061 124 1128 putem
144 1051 343 1129 oppressum?
371 1050 423 1110 sed
437 1048 475 1109 Μ.
492 1068 607 1128 quoque
625 1050 734 1111 'lullius
750 1052 827 1112 circa
841 1052 1012 1127 nauarchos,

21 1135 103 1211 (nam
121 1152 156 1192 ca
171 1151 286 1212 quoque
301 1135 344 1194 rei
359 1135 501 1213 expositio
518 1135 584 1213 est)
608 1132 646 1194 llt
660 1137 769 1211 edem,
785 1144 899 1197 tantum
913 1136 1013 1211 dubis,
1063 1194 1066 1200 .

21 1226 48 1278 et
64 1218 191 1295 reliqua.
224 1214 318 1290 Quid?
337 1234 390 1295 pro
408 1216 550 1293 Cluentio,
566 1219 674 1277 Staieni
684 1218 824 1296 Bulbique
839 1219 1014 1296 colloquium
1021 1231 1068 1287 107

20 1320 119 1361 ronne
143 1302 178 1360 ad
198 1302 376 1360 celeritatem
396 1302 543 1378 plurimum
565 1310 593 1360 et
614 1302 649 1362 ad
669 1293 753 1362 fidem
770 1301 904 1363 conferti
933 1302 1014 1375 Quae

20 1404 55 1444 ue
71 1386 184 1445 fecisse
201 1384 412 1445 inobservantia
425 1386 544 1462 quadam
563 1385 709 1462 videatur,
731 1404 888 1465 quanquam
909 1386 966 1446 boc
986 1387 1014 1446 in

20 1470 72 1529 illo
95 1468 237 1529 credibile
257 1477 393 1543 nonest,
415 1470 443 1527 in
461 1467 660 1529 Partitionibus
680 1474 846 1548 praecepit,
868 1481 897 1530 ut
911 1470 1015 1530 habeat

20 1554 150 1613 narratio
166 1554 343 1629 suauitatem,
364 1553 579 1628 admirationes,
597 1556 826 1630 expectatimus,
845 1557 938 1614 exitus
952 1556 1013 1613 ino·

21 1640 155 1715 pinatos,
172 1636 317 1714 colloquia
332 1653 534 1714 personarum,
551 1653 650 1696 omnes
665 1637 795 1696 affectus.
825 1637 1071 1714 Argumenta-108

21 1720 126 1795 bimur,
142 1729 172 1779 ut
186 1721 253 1796 diui,
266 1737 420 1797 nunquam
440 1729 681 1796 argumentum
696 1738 834 1798 ponemus
845 1722 1013 1799 aliquand0;

23 1804 100 1882 quod
125 1803 195 1863 iacit
209 1821 261 1882 pro
277 1803 390 1880 Ligario
408 1802 522 1877 Cicero,
539 1822 601 1862 cum
617 1804 694 1879 dicit,
711 1806 754 1864 sie
770 1823 833 1864 eum
847 1806 1013 1881 provinciae

23 1888 204 1966 praefuisse,
226 1897 256 1947 ut
278 1888 320 1948 illi
334 1905 435 1967 pacem
450 1904 517 1946 esse
533 1888 691 1966 expediret.
721 1887 882 1947 Inseremus
898 1890 1012 1965 exposi·

22 1976 91 2031 doni
115 1981 146 2032 et
167 1971 299 2049 brevem,
329 1990 391 2031 cum
412 1989 459 2030 res
480 1980 598 2049 poscet,
620 1972 817 2031 defensionem
833 1973 1013 2031 strationem

23 2057 176 2115 factorum.
207 2056 309 2134 Neque
325 2058 398 2114 enim
416 2055 583 2115 narrandum
599 2064 644 2116 est
660 2066 790 2134 tunquam
805 2056 871 2114 testi
887 2056 939 2116 sed
953 2063 1012 2114 tan·
1020 2067 1070 2121 109

24 2158 108 2218 quam
125 2148 255 2217 patrono.
286 2139 339 2199 Rei
358 2139 429 2199 ordo
444 2158 498 2218 per
512 2158 545 2199 se
559 2140 624 2200 talis
640 2150 699 2200 est:
717 2138 753 2212 O.
773 2138 917 2218 Liparius
932 2142 1012 2217 lepo-

24 2232 71 2284 tus
86 2220 123 2284 0.
141 2221 281 2285 Considio
292 2226 457 2303 profectus.
486 2222 560 2297 Quid
575 2240 647 2301 ergo
662 2222 701 2283 bl.
718 2220 850 2284 Tullius?
875 2220 911 2296 0.
924 2225 1011 2299 mim,

23 2308 125 2385 inquit,
147 2305 301 2387 Lipacius,
322 2327 390 2369 cum
406 2313 484 2370 esset
502 2310 587 2371 nulla
601 2310 671 2370 belli
684 2310 828 2386 suspicio,
847 2309 964 2385 topatus
977 2310 1009 2368 in

23 2388 164 2469 Africam
182 2411 250 2454 cum
273 2389 306 2451 0.
330 2389 470 2454 Considio
493 2393 651 2471 profectus
680 2401 733 2453 cst.
776 2391 812 2451 Et
831 2391 914 2451 alibi:
942 2389 1009 2452 Non
1019 2404 1070 2456 110

23 2476 113 2538 modo
134 2476 178 2535 ed
198 2476 307 2537 bellum
319 2477 376 2536 scd
393 2495 433 2537 ne
449 2477 657 2538 comininum
678 2477 798 2554 qucidem
815 2476 1014 2555 suspicionem

3 2607 4 2614 ,
23 2559 103 2620 belli.
146 2556 183 2617 Et
196 2577 263 2622 ,cum
281 2568 360 2619 esset
374 2560 530 2620 indicaturo
550 2561 635 2634 satis,
660 2558 696 2632 O.
718 2558 862 2638 lipacius
879 2561 961 2632 nullu
980 2579 1014 2620 se

22 2643 179 2721 implicati
202 2644 319 2721 nepotio
345 2662 458 2722 possus
479 2653 541 2705 cst:
562 2644 686 2720 adiecit,
717 2646 836 2722 deumne
859 2654 1012 2722 spectans,

22 2727 68 2786 ad
88 2745 162 2788 suos
177 2728 282 2788 redire
304 2730 438 2805 cupiens.
473 2727 531 2802 lta,
553 2728 630 2805 quod
651 2725 830 2805 exponebat,
853 2736 881 2786 et
902 2729 1012 2786 ratione

21 2809 94 2870 fecit
110 2810 251 2870 credibile
269 2820 297 2871 et
312 2811 417 2871 aflectu
432 2830 549 2889 quoque
564 2811 702 2889 implevit.
733 2810 797 2885 Quo
818 2812 909 2887 magis
927 2813 1068 2873 mirorlll

23 2911 94 2970 eos,
126 2896 174 2971 qui
198 2912 255 2954 uon
281 2904 379 2974 putant
399 2895 532 2955 utendum
557 2896 585 2953 in
611 2896 774 2955 narratione
797 2893 1010 2954 aflectibus.

23 2976 80 3050 Qui
95 2978 122 3036 si
140 2976 196 3037 hoc
212 2978 323 3054 dicunt,
346 2995 416 3037 nou
438 2978 498 3038 diu
519 2995 638 3055 neque
662 2987 698 3038 ut
718 2980 751 3038 in
767 2977 931 3056 epilogo:
953 2995 1011 3036 me·

3 3071 89 3124 'cum
115 3063 256 3130 sentiunt;
281 3062 462 3140 effugiendae
483 3071 547 3122 sunt
569 3063 643 3122 enim
663 3079 771 3121 morae.
807 3059 940 3121 Ceterum
962 3079 1012 3120 cur

25 3162 82 3221 ego
99 3144 223 3204 iudicem
246 3147 349 3221 nolim,
372 3148 436 3207 dum
459 3165 523 3206 eum
541 3146 651 3222 doceo,
673 3148 757 3205 etiem
775 3141 915 3204 movere?
946 3142 1069 3219 Cunub

24 3228 104 3306 quod
123 3229 152 3286 in
170 3247 276 3290 summa
295 3239 376 3308 parte
398 3250 459 3290 sum
480 3230 600 3290 actionis
619 3231 777 3308 petiturus,
802 3246 859 3288 uon
879 3230 908 3287 in
921 3230 1011 3307 primo

23 3313 119 3371 statim
133 3330 228 3371 rerum
243 3315 392 3390 ingressu,
409 3314 506 3374 sideri
520 3323 635 3393 potest,
651 3309 832 3390 consequar?
853 3330 915 3372 cum
931 3330 1012 3390 prae·

22 3397 124 3454 sertim
139 3397 224 3456 etiam
239 3399 267 3456 lu
280 3396 496 3475 probationibus
512 3397 671 3458 faciliorem
684 3399 737 3456 sim
753 3399 871 3458 animum
887 3398 947 3455 eius
964 3396 1013 3455 ha·
1092 3402 1097 3412 '

3 3477 4 3506 ³
21 3475 136 3540 hiturus
154 3490 324 3560 occupatum
344 3481 392 3543 uel
407 3484 449 3546 ira
463 3481 511 3542 vel
529 3481 722 3542 miseratione.
757 3480 878 3623 An1ptpn
892 3478 929 3539 bt.
946 3477 1079 3542 rur-ns
