2434 3925
171 252 229 314 146
482 262 845 325 u.rss.qu1ur1c1su1

166 419 242 480 bene
263 436 330 479 esse
351 419 558 496 compositum,
584 419 638 479 sed
659 421 725 496 quia
746 418 844 496 legem
864 417 938 479 hanc
959 438 1027 479 esse
1046 437 1177 502 compo·

166 503 251 564 nendi
273 505 301 562 in
322 500 452 562 omnibus
473 505 621 581 principiis
641 520 785 562 recusem.
829 502 901 562 Nam
926 504 1029 565 iudicis
1055 508 1174 566 animus

165 589 245 648 varie
256 595 458 666 praeparatur:
479 595 538 646 tum
551 585 732 646 miserabiles
747 604 814 645 esse
828 586 960 647 volumus
972 597 1031 647 tum
1041 590 1173 650 modesti

165 681 224 730 tum
246 689 330 730 acres
349 680 408 731 tum
429 688 536 748 graves
556 679 615 730 tum
634 670 731 730 blandi
750 680 808 730 tum
823 670 945 730 ilectere
965 681 1023 731 tum
1045 673 1087 733 ad
1111 673 1172 733 dili·

165 756 291 831 gentiam
305 754 424 815 hortari.
455 753 536 813 Haec
552 763 584 813 ιι
598 763 664 813 sunt
678 754 794 813 diversa
810 764 926 814 natura:
942 756 981 814 ita
996 754 1170 817 dissimilem

165 838 355 916 componendi
377 854 493 917 quoque
515 839 656 898 rationem
676 837 851 897 desiderant.
896 837 942 897 An
962 839 1112 899 similibus
1129 838 1169 900 Gi·

164 940 234 982 cero
255 940 324 981 usus
344 930 390 982 est
403 922 529 981 numeris
550 923 578 981 in
594 921 715 981 exordio
732 938 785 1000 pro
800 920 925 996 Milone,
948 939 1001 1000 pro
1018 920 1168 997 Cluentio,

107 1021 157 1077 134
164 1022 218 1087 pro
233 1002 370 1085 Ligario?
413 1004 546 1065 Narratio
561 1006 626 1066 iere
645 1005 787 1064 tardiores
803 1014 906 1083 atque,
929 1014 959 1065 ut
974 1007 1017 1065 sic
1032 1007 1167 1080 dixerim,

162 1090 356 1150 modestiores
368 1088 514 1149 desiderat
524 1090 617 1169 pedes
633 1097 663 1148 et
678 1089 808 1149 omnibus
823 1091 944 1148 maxime
956 1091 1075 1148 mixtos.
1102 1090 1167 1150 Nan

163 1183 193 1233 et
212 1172 329 1249 verbis,
353 1182 384 1232 ut
404 1174 521 1250 saepius
542 1191 646 1250 pressa
672 1181 732 1248 est,
754 1175 793 1233 ita
815 1173 928 1232 interim
949 1175 1092 1251 insurgit3
1122 1173 1167 1234 sed

162 1259 272 1320 docere
290 1267 320 1317 et
334 1256 455 1334 infigere
471 1257 570 1316 animis
584 1274 634 1315 res
650 1274 766 1334 semper
782 1258 878 1334 cupit,
901 1256 978 1335 quod
992 1259 1116 1318 minime
1131 1258 1167 1317 ie·

164 1343 325 1402 stipantium
340 1356 415 1419 opus
436 1348 491 1399 cst.
535 1339 581 1399 Ac
599 1339 668 1399 mihi
682 1340 795 1400 videtur
809 1348 870 1400 tota
886 1342 1012 1400 narratio
1029 1352 1166 1402 constare

106 1431 156 1486 135
166 1424 345 1502 longioribus
361 1423 514 1498 membris,
532 1422 716 1483 brevioribus
729 1424 868 1503 periodis.
895 1424 1075 1501 Argumenta
1093 1428 1167 1487 scria

163 1518 193 1570 et
208 1512 294 1569 citata
307 1507 430 1586 pedibus
442 1523 558 1586 quoque
573 1508 609 1567 ad
619 1507 694 1567 hanc
704 1517 833 1567 naturam
844 1509 1070 1570 accommodatis
1087 1520 1167 1569 uten-

163 1602 225 1668 tur,
241 1608 298 1661 non
315 1601 410 1651 tamen
424 1592 464 1651 ita
480 1600 511 1650 ιιι
526 1590 689 1666 trochaeis,
707 1593 755 1670 qui
770 1590 885 1651 celeres
900 1591 1016 1670 quidem
1031 1595 1089 1654 sed
1107 1594 1166 1652 sine

163 1676 272 1736 viribus
293 1684 373 1744 sunt;
402 1692 502 1735 verum
522 1676 573 1751 iis,
598 1676 647 1753 qui
665 1677 722 1735 siut
743 1673 880 1734 brevibus
898 1675 1053 1754 longisque
1076 1677 1167 1749 mixti,

106 1765 221 1821 ldfinon
240 1770 335 1820 tamen
351 1760 451 1838 plures
474 1758 577 1835 longas
595 1775 679 1838 quam
700 1758 806 1818 breves
827 1757 961 1818 habeant.
1005 1758 1060 1819 llla
1078 1761 1166 1820 subli-

163 1848 218 1904 mia
241 1846 385 1923 spatiosas
404 1843 559 1921 clarasque
579 1859 671 1902 voces
691 1842 811 1910 babent;
839 1852 933 1903 amant
951 1842 1166 1921 amplitudinem

163 1928 271 2005 dactyli
289 1945 404 2008 quoque
425 1944 459 1987 ac
481 1924 618 2005 paeonis,
641 1927 751 1987 etiamsi
766 1927 875 1987 maiore
893 1944 931 1987 ex
945 1936 1028 2007 parte
1045 1927 1167 2002 syllabis

163 2014 316 2088 brevibus,
329 2011 507 2090 temporibus
521 2020 617 2070 tamen
632 2013 702 2069 satis
717 2010 805 2089 pleni.
849 2011 964 2090 Aspera
981 2020 1085 2072 contra
1101 2015 1165 2073 iam·

163 2098 209 2159 bis
223 2099 345 2157 maxime
358 2096 551 2163 comitantum
569 2111 629 2155 ιιοιι
641 2094 736 2154 solnm
751 2094 906 2173 quodsum
921 2114 937 2154 e
953 2095 1064 2154 duabus
1081 2095 1164 2156 modo

163 2180 283 2257 syllabis
302 2198 398 2258 eoque
413 2179 641 2257 frequentiorem
656 2180 738 2257 qnasi
754 2178 868 2256 pulsnm
882 2178 1005 2254 habent,
1027 2195 1107 2256 quae
1123 2192 1164 2238 res

163 2266 273 2324 lenitati
290 2264 433 2324 contraria
451 2271 513 2338 est,
530 2262 681 2322 sedetiam
697 2263 774 2340 quod
789 2261 919 2321 omuibus
935 2262 1058 2341 pedibus
1074 2263 1163 2322 insur-

164 2355 234 2425 gunt
256 2357 318 2407 eta
339 2345 475 2407 brevibus
499 2348 527 2405 in
546 2346 650 2423 longas
671 2347 796 2406 nituntur
817 2354 846 2404 et
867 2354 1018 2422 crescunt,
1040 2343 1164 2424 ideoque

108 2430 301 2509 137meliores
324 2430 458 2506 choreis,
487 2431 535 2508 qui
560 2429 595 2490 ab
622 2429 717 2508 longis
742 2431 771 2488 in
794 2428 900 2489 breves
926 2431 1039 2490 cadunt.
1087 2431 1163 2510 Sum·

164 2516 267 2590 missa,
295 2514 390 2592 qualia
406 2517 435 2574 in
450 2514 576 2592 epilogis
591 2522 673 2590 sunt,
699 2513 793 2573 lentas
809 2513 917 2592 etipsa
934 2512 988 2573 sed
1002 2514 1097 2573 minus
1120 2532 1163 2573 ex·

165 2599 321 2660 clamantes
337 2599 464 2674 exigunt.

247 2682 316 2742 Vult
329 2700 396 2742 esse
409 2680 513 2741 Celsus
527 2681 652 2759 aliquam
664 2690 693 2741 et
705 2680 904 2759 superbiorem
916 2681 1163 2759 compositionem,

166 2785 249 2847 quam
271 2766 405 2848 equidem
420 2766 446 2824 si
460 2766 581 2840 scirem,
604 2783 661 2825 non
677 2764 830 2833 dooerem;
853 2763 906 2823 sed
921 2766 958 2823 sit
972 2781 1101 2823 necesse
1123 2771 1163 2825 est

164 2851 246 2911 tarda
271 2860 300 2910 et
315 2851 425 2929 supina.
469 2848 577 2908 Verum
591 2851 645 2908 nisi
662 2867 700 2909 ex
714 2847 812 2907 verbis
832 2858 919 2926 atque
941 2849 1093 2907 sententiis
1115 2864 1163 2927 per

164 2954 233 2995 sese
248 2935 277 2995 id
294 2936 457 3013 quaeritur,
475 2934 545 2993 satis
562 2934 665 2994 odiosa
681 2950 748 2991 esse
767 2949 824 2991 non
839 2933 957 3011 poterit.

107 3029 160 3083 las
251 3018 400 3096 Denique,
422 3026 452 3077 ut
468 3016 559 3077 semel
575 3017 686 3092 liniam,
709 3017 753 3075 sic
770 3015 832 3075 iere
850 3013 1080 3093 componendum
1096 3032 1161 3094 quo·

165 3102 251 3161 modo
266 3101 502 3180 pronuntiandum
526 3103 589 3159 erit.
634 3101 680 3159 Αιι
700 3117 758 3159 nou
779 3102 807 3159 in
826 3100 984 3177 prooemiis
997 3099 1160 3178 plerumque

50 3241 53 3254 ,
127 3215 129 3218 ·
167 3186 324 3260 summissi,
344 3187 414 3265 (nisi
430 3203 493 3244 cum
510 3186 539 3244 in
553 3185 738 3244 accusatione
755 3182 942 3243 concitandus
959 3191 1004 3243 est
1016 3182 1104 3242 iudex
1118 3190 1161 3243 ant

167 3269 262 3346 aliqua
281 3268 474 3345 indignatione
499 3268 708 3347 complendus)
734 3269 762 3326 in
785 3267 948 3327 narratione
977 3266 1056 3345 pleni
1078 3274 1159 3344 atquc

168 3353 318 3431 expressi,
335 3353 364 3411 in
379 3353 553 3428 argumentis
570 3353 648 3411 citati
664 3360 750 3428 atque
766 3352 830 3429 ipso
851 3352 935 3410 etiam
952 3358 1030 3409 motu
1050 3348 1159 3409 celeres

167 3433 286 3497 snmus?
314 3444 344 3495 ιιι
370 3436 399 3494 in
422 3434 496 3494 locis
518 3453 553 3494 ac
575 3433 817 3512 descriptionibus
839 3433 895 3494 iusi
916 3452 951 3495 ac
972 3433 1110 3508 llueutes,
1132 3432 1158 3491 in
1193 3496 1198 3510 ,

110 3530 160 3588 139
169 3522 294 3600 epilogis
310 3519 479 3599 plerumque
496 3518 601 3580 deiecti
618 3527 647 3578 et
661 3514 796 3579 iniractil
839 3517 928 3598 Atqui
946 3517 1077 3595 corporis
1093 3531 1158 3596 quo
