2434 3925
152 176 215 237 254
454 189 491 237 ι.
512 168 591 237 aas.
613 186 830 248 camanum

152 342 204 417 iis,
220 341 294 420 quae
309 359 411 419 passus
428 351 473 400 est
486 360 569 417 reus,
586 349 634 400 aut
652 341 704 415 iis,
720 359 793 418 quae
814 340 998 400 cummaxime
1019 342 1152 419 patitur,

152 434 200 485 aut
220 427 270 499 iis,
292 443 363 502 quae
387 424 544 484 damnatum
560 432 687 491 manent;
711 442 783 501 quae
807 432 835 482 et
862 425 925 501 ipsa
947 423 1151 502 duplicantur,

153 526 216 567 cum
233 508 368 583 dicimus,
385 526 422 568 ex
439 525 493 584 qua
508 508 548 568 illi
561 508 675 566 fortuna
695 515 724 565 et
741 508 768 565 in
790 525 872 583 quam
892 508 1082 568 recidendum
1095 511 1151 567 sit.

109 590 246 650 24Affcrt
260 592 287 649 iu
302 590 346 649 his
359 600 530 650 momentum
551 599 580 649 et
600 599 679 649 aetas
696 599 725 648 et
742 608 829 647 sexus
849 598 877 648 et
891 592 1025 666 pignora3
1042 591 1152 666 liberi,

152 674 235 748 dico,
258 683 286 732 et
300 683 433 750 parentes
455 683 484 733 et
501 674 663 751 propinqui.
708 673 788 746 Quae
808 674 899 732 omnia
919 675 1035 732 tractari
1059 676 1150 732 varie

151 757 256 816 solent.
283 756 488 834 Nonnunquam
501 758 656 833 etiamipse
671 765 807 833 patronus
822 755 873 814 has
887 765 984 834 partes
1000 756 1096 815 subit:
1116 766 1150 816 ut

153 837 256 898 Cicero
271 857 323 917 pro
338 840 454 916 Milone,
469 838 553 900 Ome
566 840 726 900 miseram!
738 840 967 917 steinseliaem!
980 839 1150 901 Revocare

150 941 198 983 me
216 931 248 984 ta
260 925 292 983 ia
307 926 459 1002 patriam,
472 920 558 999 Milo,
576 923 699 1001 potuisti
715 942 773 1001 per
789 923 857 998 laos,
874 942 928 1000 epo
948 933 976 984 te
989 924 1148 1000 lupatria

149 1024 208 1084 per
229 1008 350 1067 eosdem
363 1009 494 1067 retinere
511 1024 571 1067 aaa
589 1007 716 1084 potero?
757 1005 953 1083 Maximeque,
970 1007 1011 1078 si,
1026 1015 1057 1063 ut
1074 1015 1149 1066 tuuc

111 1098 144 1149 25
153 1090 271 1162 accidit,
286 1106 343 1148 non
363 1091 534 1148 conueniunt
554 1091 581 1149 ei
596 1091 649 1167 >qui
664 1098 814 1148 accusatur
831 1107 945 1165 preces.
987 1086 1060 1147 Nam
1077 1091 1147 1166 quis

152 1172 241 1231 ferret
260 1170 395 1231 Milonem
410 1190 462 1251 pro
478 1173 571 1250 capite
588 1189 640 1230 suo
656 1172 881 1249 supplicantem,
900 1174 947 1251 qui
968 1190 984 1231 a
998 1189 1031 1230 se
1046 1173 1147 1231 virum

152 1253 277 1313 nobilem
304 1256 500 1330 interfectum,
526 1257 591 1333 quia
615 1255 645 1314 id
669 1254 731 1313 lieri
756 1258 948 1331 oportuisset,
977 1252 1145 1314 fateretur?

152 1336 233 1413 Ergo
256 1345 285 1396 et
303 1337 345 1397 illi
368 1341 492 1415 captavit
512 1356 549 1398 ex
568 1341 633 1415 ipsa
661 1340 835 1415 praestantia
858 1340 940 1399 animi
959 1337 1089 1397 favorem
1114 1347 1146 1396 et

151 1421 290 1479 inlocum
306 1420 482 1480 lacrimarum
500 1423 560 1480 eius
577 1423 640 1498 ipse
657 1423 807 1480 successit.

235 1502 285 1562 llis
305 1504 460 1581 praecipue
480 1504 554 1564 locis
574 1505 659 1562 utiles
680 1512 745 1562 sunt
766 1504 1087 1582 prosopopoeiae,
1113 1503 1143 1562 id
1178 1530 1180 1541 ι

154 1593 199 1643 est
211 1584 294 1645 liciae
309 1587 462 1646 alienarum
476 1604 662 1665 personarum
677 1589 838 1662 orationes,
851 1586 950 1663 quales
966 1586 1142 1661 litigatorem

154 1669 266 1728 decent.
301 1668 450 1729 Patronum
470 1671 561 1730 nudae
581 1679 686 1729 tantum
707 1689 754 1729 res
769 1678 892 1729 movent.
926 1668 965 1728 m
980 1688 1043 1729 cum
1057 1671 1140 1747 ipsos

112 1763 145 1818 26
155 1753 233 1828 loqui
248 1752 393 1828 fingimus,
416 1771 453 1812 ex
474 1756 606 1832 personis
629 1769 743 1830 quoque
761 1753 881 1812 trahitur
900 1753 1029 1813 affectus.
1073 1752 1140 1811 Non

126 1866 130 1875 =
153 1836 227 1895 euim
243 1836 341 1920 audire
358 1836 445 1897 iudex
464 1838 577 1897 videtur
593 1837 687 1895 aliena
707 1835 781 1896 mala
799 1836 930 1896 dellentis
956 1836 1007 1895 scd
1023 1853 1140 1894 sensum

112 1960 117 1966 .
152 1936 187 1979 ac
201 1936 303 1979 vocem
317 1919 431 1979 auribus
447 1921 580 1999 accipere
596 1922 779 1995 miserorum,
804 1936 923 1997 quorum
944 1922 1027 1979 etiam
1045 1928 1138 1978 mutus

152 2012 287 2081 aspectus
302 2003 432 2064 lacrimas
447 2013 558 2072 movet;
575 2012 737 2080 quantoque
753 2012 851 2071 essent
871 2002 1096 2076 miserabiliora,
1113 2004 1138 2060 si

152 2104 187 2145 ea
202 2085 331 2145 dicerent
343 2088 414 2165 ipsi,
436 2094 514 2146 tanto
535 2096 600 2146 suut
621 2088 740 2164 quadam
755 2088 886 2164 portione
902 2087 937 2146 ad
959 2086 1137 2147 alliciendum

152 2171 330 2248 potentiora,
347 2188 410 2228 cum
420 2169 499 2229 velut
513 2172 641 2248 ipsorum
652 2187 703 2228 ore
719 2170 864 2243 dicuutur,
876 2179 907 2228 ut
921 2171 1044 2228 scenicis
1058 2177 1135 2227 acto-

152 2250 230 2310 ribus
247 2252 347 2311 eadcm
366 2269 425 2312 vox
446 2253 603 2330 cademque
625 2254 816 2331 pronuntiatio
836 2252 900 2330 plus
923 2253 958 2312 ad
980 2251 1136 2312 movendos

111 2335 270 2400 otaffectus
286 2334 338 2394 sub
353 2352 478 2413 persona
497 2337 584 2395 valet.
628 2336 728 2412 ltaque
750 2335 826 2394 idem
844 2333 963 2410 Cicero,
980 2352 1136 2413 quanquam

153 2434 257 2496 preces
269 2434 326 2475 non
341 2418 388 2477 dat
402 2418 515 2494 llliloni,
533 2437 655 2496 eumque
671 2421 765 2496 potius
780 2419 862 2477 animi
877 2420 1049 2496 praestantia
1060 2413 1134 2475 com·

151 2498 280 2578 mandat,
297 2502 524 2561 accommodavit
540 2511 633 2562 tamen
655 2504 682 2560 ei
703 2500 809 2576 verba,
831 2503 1035 2561 convenientes
1053 2502 1135 2558 etiam

151 2583 219 2642 lorti
245 2585 307 2641 viro
335 2587 571 2661 conquestiones:
600 2583 748 2662 Frustra,
778 2586 891 2660 inquit,
905 2582 981 2655 tanet
1004 2584 1136 2660 suscepti

151 2668 281 2729 labores.
326 2665 441 2746 Ospes
455 2668 603 2745 fallaces!
649 2666 675 2727 0
699 2669 893 2746 capitatiooes
913 2669 1020 2728 inanes
1034 2667 1135 2726 meas!

233 2748 381 2827 Nunquam
403 2759 495 2810 tamen
510 2750 597 2811 debet
619 2768 685 2810 esse
712 2751 799 2826 longa
818 2752 980 2826 miseratio,
1002 2768 1056 2808 nec
1074 2750 1134 2807 sino

151 2851 236 2892 eausa
252 2834 356 2893 dictum
371 2842 431 2909 est,
446 2835 519 2894 nibil
537 2834 663 2912 facilius
677 2849 767 2911 qaam
786 2835 932 2894 lammae
950 2835 1133 2895 inarescere.

109 2915 221 2978 28Nam
244 2935 306 2975 crum
329 2919 413 2976 etiam
436 2933 523 2974 veros
543 2917 661 2976 dolores
681 2918 791 2992 mitiget
819 2925 947 2993 tempus:
971 2918 1053 2975 eitius
1069 2933 1132 2975 eva·

128 3019 132 3030 ¹
150 3009 250 3059 nescat
264 3018 386 3060 necesse
409 3009 452 3060 est
464 2999 528 3073 illa,
550 3017 632 3076 quam
647 2999 768 3059 diceudo
784 2998 959 3074 ellinximus,
974 3001 1081 3074 imago;
1106 3000 1133 3055 in

152 3099 207 3158 qua
222 3084 246 3140 si
268 3100 425 3144 moramur:
449 3083 571 3141 lacrimis
592 3082 727 3158 fatigatur
746 3082 857 3141 auditor
879 3091 908 3140 et
927 3083 1081 3160 requiescit
1104 3089 1133 3140 et

107 3163 185 3227 asab
202 3163 271 3239 illo,
289 3183 372 3242 quem
388 3174 520 3243 ceperat,
542 3168 648 3242 impetu
670 3165 705 3224 ad
726 3166 866 3223 rationem
880 3165 962 3224 redit.
1006 3165 1070 3224 Non
1084 3181 1131 3240 pa·

149 3250 250 3310 tiamur
267 3248 352 3323 igitur
366 3249 527 3324 frigescere
543 3248 598 3307 hoe
614 3264 704 3324 opus,
725 3256 753 3305 et
768 3248 917 3321 affectum,
934 3266 997 3306 cum
1013 3248 1130 3307 adsum·

150 3348 222 3389 mum
249 3330 482 3407 perduxerimus,
506 3332 714 3407 relinquamus,
741 3347 797 3389 uec
824 3348 972 3407 speremus
997 3332 1076 3405 fore,
1102 3338 1132 3388 ut

149 3413 243 3475 aliena
258 3414 406 3492 quisquam
427 3414 473 3473 diu
489 3414 595 3491 ploret.
639 3412 766 3490 ldeoque
788 3431 850 3472 cum
872 3415 900 3473 iu
922 3414 986 3482 aliis
1005 3423 1062 3473 tum
1076 3429 1130 3471 ma·
