2434 3925
145 202 208 265 272
475 217 512 265 n.
522 216 601 264 nnn.
613 217 832 277 omunmnnru
881 263 884 267 ,

143 390 255 451 opere,
278 371 366 446 dixit,
387 371 444 432 ced
457 379 611 451 sategere.
647 371 700 431 Est
723 372 798 431 enim
817 370 923 431 dictum
938 388 1039 448 perse
1054 370 1143 432 urba·

142 474 219 531 num,
235 465 394 534 sategere,
418 456 529 514 etiarnsi
541 454 620 514 nulla
633 455 724 514 subsit
741 455 860 515 alterius
874 455 956 514 verbi
973 455 1141 515 similitudo.

102 539 227 604 csltunc
243 548 271 599 et
292 539 403 598 adiecta
420 546 449 597 et
465 539 594 599 detracta
609 540 786 617 aspiratione
808 548 837 597 et
851 539 950 598 divisis
965 540 1142 598 coniunctis·

144 641 201 702 que
222 623 320 683 verbis
340 623 472 682 similiter
493 624 611 698 saepius
633 622 752 698 frigida,
772 623 925 699 aliquando
946 632 1041 681 tamen
1064 624 1143 681 reci·

143 708 258 786 pienda.
290 706 458 783 Eademque
474 705 606 765 condicio
625 715 671 764 est
684 708 712 764 in
730 707 783 780 iis,
805 723 881 783 quae.
900 724 916 765 a
933 706 1143 764 nominihus

142 792 299 850 trahuntur.
335 789 424 850 hlulta
440 808 480 848 ex
494 789 551 849 hoc
569 787 675 848 Cicero
691 791 719 847 in
732 788 869 864 Verrem,
894 790 947 849 sed
966 798 998 847 ut
1017 789 1053 848 ab
1075 789 1142 849 aliis

143 874 227 948 dicta,
243 873 328 933 modo
342 868 495 951 luterum,
513 881 546 934 ct
566 875 668 934 omme
682 881 838 942 verreret,⁸
861 873 937 950 [cum
952 874 1098 932 diceretur
1114 875 1142 932 ei

142 957 268 1036 Verres}
290 958 375 1018 modo
390 956 527 1033 Hercule,
544 974 629 1034 quern
646 956 836 1034 expilaverat,
852 958 1049 1018 molestiorem
1060 975 1142 1034 apro

141 1042 346 1121 Erymanthio
358 1042 474 1120 sulcem·
493 1041 704 1102 medemahem
719 1039 929 1117 Sacerdotem,
946 1042 1073 1118 peilam
1086 1060 1140 1102 me·

143 1142 234 1203 qaam
248 1143 368 1187 verrem
378 1127 550 1203 reliquisset
555 1147 569 1194 ‚·
582 1126 648 1202 quia
660 1124 812 1185 Sacerdoti
822 1123 931 1183 Verres
943 1133 1140 1183 successerat.

99 1216 134 1271 bd
143 1209 265 1293 Praebet
285 1217 379 1268 tamen
401 1209 555 1287 aliquando
574 1210 758 1269 occasionem
781 1208 921 1286 quaedam
942 1208 1066 1268 felicitas
1081 1207 1142 1266 hoc

143 1310 259 1370 quoqne
274 1309 384 1368 genere
399 1291 474 1352 bene
489 1293 602 1352 utendi:
618 1301 650 1351 ut
663 1309 717 1371 pro
733 1290 857 1351 Caecina
870 1286 975 1351 Cicero
992 1293 1019 1349 in
1034 1300 1140 1350 testem

142 1378 212 1436 Sex.
232 1373 363 1435 Clodium
378 1376 587 1450 Phormionem,
606 1373 888 1455 Necme'nesm'ger,
904 1376 1005 1452 iuquit,
1016 1375 1139 1436 necnee·

140 1462 201 1520 bns
216 1460 371 1537 confidem
387 1476 478 1536 quem
492 1469 537 1521 est
549 1461 600 1521 tlte
618 1458 817 1520 Terentianus
831 1458 977 1520 Phormio.
1077 1470 1078 1475 ’

99 1548 135 1605 57
225 1543 348 1602 heriora
375 1545 462 1620 igitur
485 1552 550 1603 suut
573 1552 603 1602 et
625 1543 822 1619 elegantiora,
848 1561 922 1620 quae
938 1542 1085 1602 trahuntur
1101 1559 1141 1600 ex

141 1628 170 1685 vi
186 1645 290 1686 rerum.
326 1625 357 1685 lo
377 1626 421 1686 his
442 1630 562 1687 maxime
589 1626 668 1686 valet
691 1627 916 1702 similitudo,
939 1628 964 1685 si
988 1634 1081 1684 tamen
1103 1625 1140 1685 ad

141 1708 249 1788 aliquid
264 1711 382 1770 inferius
399 1711 550 1790 leviusque
564 1711 721 1777 referatur:
741 1728 815 1788 quae
830 1713 884 1770 iam
899 1720 1019 1769 veteres
1035 1708 1077 1767 illi
1095 1711 1139 1767 io·

142 1793 297 1869 cabantur,
320 1797 368 1872 qui
390 1794 539 1855 Lentulum
557 1793 748 1873 Spintherem
767 1804 797 1854 et
811 1796 975 1872 Scipionem
990 1791 1140 1869 Serapio·

140 1896 209 1939 nem
229 1895 297 1937 esse
316 1879 459 1939 dixerunt.
496 1879 555 1939 Sed
573 1897 607 1937 ea
622 1895 680 1937 non
698 1878 734 1937 ab
752 1878 911 1937 hominibus
929 1878 1015 1937 modo
1030 1878 1140 1953 petitur

139 1980 240 2023 verum
261 1965 347 2024 etiam
364 1964 400 2023 ab
426 1963 611 2038 animalibus,
634 1973 665 2021 ut
685 1963 769 2022 nobis
789 1966 887 2041 pueris
908 1963 1003 2023 lunius
1018 1960 1139 2036 Bassns‘,

98 2046 225 2110 &homo
241 2048 367 2124 inprimis
385 2048 478 2122 dicax,
494 2044 608 2109 Asinos
618 2047 709 2108 albus
722 2046 890 2106 vocabatur.
922 2046 959 2106 Et
972 2047 1140 2126 Sarmentus

141 2149 193 2189 seu
213 2130 244 2189 Ρ.
266 2130 386 2190 Blessus
409 2131 525 2206 lulium,
551 2131 695 2190 hominem
714 2132 826 2207 nigrum
841 2140 871 2189 et
881 2146 1008 2190 macrum
1022 2137 1052 2186 et
1068 2146 1140 2206 pan·

142 2213 217 2276 dum.
232 2213 356 2290 fibulam
369 2214 506 2292 ferream
521 2215 601 2275 dixit.
632 2213 717 2286 Quod
733 2232 807 2274 nnnc
822 2217 896 2273 risus
911 2212 1028 2291 petendi
1044 2230 1141 2288 genus

99 2297 404 2373 59lrequeutissimum
430 2307 483 2357 est.
531 2297 693 2357 Adhibetur
721 2307 816 2357 autern
841 2298 996 2358 similitudo
1024 2298 1141 2354 interim

142 2381 253 2459 palam,
274 2382 386 2440 interim
407 2383 495 2441 inseri
515 2382 593 2441 solet
612 2381 785 2459 parabolae;
806 2383 887 2441 cuius
907 2390 952 2440 est
970 2382 1089 2456 generis
1112 2379 1141 2438 id

143 2463 281 2539 Augusti,
303 2467 351 2541 qni
365 2465 446 2525 militi
463 2465 590 2525 libellum
612 2466 708 2525 timide
728 2467 904 2543 porrigenti,
926 2463 1013 2539 noe,
1035 2465 1139 2540 inquit,

101 2550 257 2623 mamere,
276 2551 367 2625 qnasi
379 2568 481 2610 essem
496 2551 656 2628 elephanto
671 2551 736 2610 des.
775 2550 847 2608 Sunt
868 2548 1007 2628 quaedam
1022 2549 1085 2606 veri
1101 2549 1140 2605 si·

142 2631 233 2694 milia:
256 2631 331 2691 unde
351 2632 481 2692 Vatinius
502 2633 572 2692 dixit
595 2633 652 2692 hoc
672 2633 794 2707 dictum,
814 2651 879 2692 cum
893 2651 972 2706 reus,
988 2641 1096 2707 agente
1111 2632 1142 2688 in

144 2733 209 2775 euna
225 2713 333 2790 Calvo,
357 2716 481 2776 frontem
502 2716 623 2776 candido
639 2716 754 2776 sudario
775 2725 921 2793 tergeret,
944 2716 1030 2793 idque
1045 2717 1142 2791 ipsum

143 2809 296 2860 accusator
309 2801 339 2860 iu
352 2800 485 2861 invidiam
502 2809 633 2870 vocaret,
650 2798 796 2872 Quaeso
809 2820 883 2862 reue
895 2819 978 2874 mem,
993 2801 1096 2876 inquit,
1111 2806 1143 2858 et

101 2893 252 2963 clpam
276 2885 447 2946 candidum
465 2885 532 2945 edo.
579 2883 681 2943 Adhuc
707 2894 752 2944 est
771 2884 906 2944 subtilior
925 2883 975 2943 illa
995 2901 1033 2942 ex
1054 2881 1142 2940 simili

143 2967 310 3034 translatio,
332 2986 411 3043 cnm,
433 2968 510 3046 quod
526 2969 554 3026 iu
569 2967 626 3028 alia
639 2985 672 3026 re
689 2967 751 3027 lieri
768 2969 863 3043 solet,
883 2971 913 3027 in
931 2968 1015 3027 allam
1029 2974 1141 3025 mutua·

143 3067 215 3109 mur.
245 3049 288 3110 Ea
302 3050 413 3111 dicatur
427 3069 497 3112 sane
517 3051 533 3110 l
535 3052 544 3110 i
553 3052 642 3110 ctio:
658 3059 690 3110 nt
705 3050 902 3129 Chrysippus,
921 3069 985 3110 oum
999 3053 1029 3109 in
1042 3051 1141 3107 trium

144 3132 203 3210 pho
223 3132 357 3194 Caesaris
377 3135 486 3194 eborea
507 3133 615 3211 oppida
637 3143 736 3193 essent
755 3136 908 3208 translata,
931 3143 961 3194 et
985 3143 1054 3213 post
1075 3133 1141 3191 dies

143 3233 254 3295 panem
276 3215 356 3276 Fabii
373 3216 487 3277 llaximi
508 3217 621 3293 lignea,
642 3218 749 3279 thecas
770 3238 839 3280 eece
858 3220 1039 3297 oppidmmm
1062 3215 1141 3277 Coe·

143 3302 228 3362 emis
241 3300 321 3360 dixit
349 3297 387 3359 Et
402 3301 481 3361 Pedo
497 3299 534 3359 de
548 3299 734 3376 mirmillone,
751 3304 800 3380 oni
815 3304 961 3362 retiarium
976 3318 1139 3378 conseque·

102 3383 228 3449 sabatur
246 3401 302 3442 nec
326 3382 465 3458 feriebat,
488 3382 610 3454 Vicani,
636 3386 740 3462 inquit,
763 3404 878 3464 eope-e
897 3387 970 3446 cult.
1009 3384 1142 3460 iungitur

146 3466 338 3536 ‘'obiboliae
351 3467 516 3544 ainihtodo,
536 3477 600 3528 ata
616 3466 647 3529 h
663 3467 769 3546 Galba,
788 3472 837 3550 qui
852 3470 939 3551 pilam
954 3469 1142 3548 negligenter
