2434 3925
369 183 458 233 nuso.
471 178 793 250 oasnon.n113.X,t.
1007 168 1066 232 183

32 335 248 401 difficultas?
278 335 406 398 Periisse
434 336 568 417 proiecto
595 337 785 398 confitendum
816 336 1067 416 est'praeteritum

34 423 217 499 laborem,
241 423 287 483 cui
309 439 425 500 semper
438 421 515 482 idem
530 421 716 483 laborandum
734 430 788 481 est.
818 420 921 500 Neque
938 438 995 498 ego
1010 421 1069 483 hoo

40 524 127 584 ago,
146 516 183 567 ut
202 524 241 566 ex
256 515 389 586 tempore
404 505 504 566 dicere
516 506 596 566 malit
610 507 664 568 sed
677 514 708 565 nt
720 506 824 584 possit.
854 504 887 565 ld
902 514 997 566 autem
1010 523 1068 567 ma·

44 593 139 651 xime
156 590 223 652 hoc
238 590 324 651 modo
341 607 561 668 consequemur.
676 589 689 617 ⁶

145 714 229 777 Nota
244 716 281 776 sit
302 717 422 794 primum
436 714 549 776 dicendi
565 717 623 776 via.
659 714 762 792 Neque
776 715 850 775 enim
865 712 944 794 prius
960 717 1098 779 contin-5

47 818 135 877 gere
156 818 263 860 cursus
275 808 373 878 potest
385 817 468 879 quam
480 801 642 877 scierimus,
659 816 717 878 quo
733 799 770 858 sit
785 808 814 860 et
828 817 884 878 qua
899 801 1069 877 pervenien-

24 937 25 940 ,
51 884 140 944 dum.
171 882 238 944 Nec
258 885 328 943 satis
340 892 385 943 est
399 900 457 942 non
468 883 605 961 ignorare
621 901 696 962 quae
712 891 777 943 sunt
793 900 942 943 causarum
953 881 1070 943 iudicia·

23 1021 24 1033 ,
52 967 133 1027 lium
150 976 264 1046 partes,
281 976 329 1027 aut
344 969 544 1047 quaestionum
560 968 689 1028 ordinem
703 976 786 1027 recte
800 967 966 1046 disponere,
982 984 1070 1045 quan·

22 1053 24 1117 g
56 1068 152 1129 quam
170 1053 226 1111 ista
241 1054 297 1111 sint
311 1052 482 1130 praecipua;
510 1050 562 1111 sed
584 1051 651 1129 quid
673 1068 789 1131 quoque
812 1049 879 1111 loco
900 1052 1019 1129 primum
1034 1052 1072 1110 sit

21 1128 23 1209 ζ
56 1152 98 1194 ac
114 1135 277 1195 secundum
293 1143 322 1194 et
337 1135 489 1214 deinceps;
513 1152 587 1213 quae
608 1137 647 1195 ita
671 1143 736 1195 sunt
749 1144 850 1195 natura
867 1134 1018 1215 copulata,
1040 1142 1071 1194 ut

20 1220 23 1313 ,
58 1219 172 1278 mutari
189 1227 236 1279 aut
252 1218 398 1279 intervelli
419 1221 481 1279 sine
505 1220 676 1279 confusione
703 1236 761 1279 non
781 1220 903 1299 possint.
934 1217 1100 1297 Quisquiso

19 1354 21 1369 ,
60 1312 164 1362 autem
183 1303 229 1362 via
246 1302 338 1378 dicet,
361 1303 482 1363 ducetur
496 1312 562 1363 ante
578 1305 672 1364 omnia
691 1320 787 1362 rerum
807 1302 870 1380 ipsa
894 1303 970 1362 serie
991 1302 1072 1362 velut

19 1372 21 1398 ¹
63 1386 159 1454 duce;
177 1395 299 1466 propter
314 1385 390 1465 quod
402 1387 532 1447 homines
548 1388 633 1447 etiam
642 1387 756 1448 modice
768 1388 919 1447 exercitati
933 1385 1070 1448 facillime

63 1478 202 1530 tenorem
217 1472 246 1531 in
260 1470 469 1531 narrationibus
486 1480 613 1532 servant.
648 1470 771 1547 Deinde,
788 1469 855 1549 quid
871 1485 987 1549 quoque
1003 1467 1070 1530 loco

17 1584 18 1587 ι
68 1562 228 1633 quaerant,
250 1555 359 1631 scient,
380 1573 436 1615 nec
452 1555 734 1634 circumspectabunt
754 1573 810 1616 nec
829 1553 1017 1617 offerentibus
1038 1571 1071 1614 se

68 1637 186 1697 aliunde
204 1637 337 1698 sensibus
354 1637 543 1699 turbabuntur
556 1657 613 1699 nec
626 1637 802 1699 conlundent
819 1656 857 1698 ex
867 1638 990 1699 diversis
1007 1655 1072 1699 ora·

68 1723 178 1782 tionem
206 1722 287 1782 velut
314 1722 452 1784 salientes
477 1722 534 1783 huc
559 1723 631 1783 illuc
657 1741 713 1783 nec
743 1739 864 1800 usquam
892 1723 1069 1783 insistentes.

69 1804 221 1865 Postremo
237 1805 383 1867 habebunt
396 1806 510 1867 modum
528 1815 558 1866 et
574 1806 674 1881 linem,
699 1806 747 1884 qui
768 1824 836 1866 esse
859 1806 931 1866 citra
954 1806 1098 1872 divisio-7

13 1950 14 1959 ,
70 1907 135 1948 nem
155 1889 250 1950 nullus
279 1900 386 1971 potest.
429 1889 564 1971 Expletis
592 1907 646 1971 pro
667 1889 805 1950 facultate
826 1888 973 1968 omuibus,
995 1907 1070 1969 quae

72 1977 287 2055 proposuerint,
305 1977 475 2056 pervenisse
488 1994 521 2036 se
536 1976 572 2036 ad
586 1975 713 2036 ultimum
729 1977 863 2036 sentient.

154 2098 192 2160 Ει
205 2100 279 2162 haec
293 2101 408 2180 quidem
422 2119 460 2162 ex
475 2110 555 2177 arte,
571 2099 622 2161 illa
636 2117 708 2162 vero
725 2118 763 2161 ex
779 2099 889 2160 studio:
912 2107 943 2160 ut
958 2101 1071 2179 copiam

74 2184 212 2245 sermonis
222 2186 332 2265 optimi,
346 2185 580 2264 quemadmodum
592 2193 781 2265 praeceptum
792 2192 1070 2262 est‚comparemus;

74 2268 160 2329 multo
176 2286 211 2328 ac
225 2269 304 2330 lideli
318 2269 385 2330 stilo
400 2271 444 2330 sic
459 2269 599 2329 formetur
617 2269 727 2345 oratio,
748 2275 780 2328 ut
796 2268 971 2346 scriptorum
988 2267 1070 2329 eolo·

76 2370 135 2413 rem
156 2352 239 2412 etiam
263 2371 338 2432 quae
359 2352 454 2413 subito
476 2353 567 2413 effusa
589 2353 646 2415 sint
664 2352 803 2421 reddaut;
829 2360 876 2429 nt,
898 2369 963 2411 cum
983 2349 1071 2413 multa

77 2437 285 2515 scripserimus,
302 2437 387 2497 etiam
400 2436 490 2497 multa
504 2437 642 2497 dicamus.
664 2435 738 2497 Nam
750 2435 929 2497 consuetudo
942 2444 971 2496 et
986 2443 1099 2499 exer-8
1167 2465 1171 2480 ·

79 2522 172 2580 citatio
188 2520 356 2581 facilitatem
370 2522 493 2581 maxime
509 2522 599 2600 parit;
621 2538 697 2600 quae
711 2521 736 2581 si
750 2519 895 2600 paululum
910 2521 1072 2581 intermissa

79 2603 177 2663 inerit:
192 2621 251 2665 nou
262 2604 405 2666 velocitas
419 2605 470 2665 illa
484 2604 570 2666 modo
585 2605 723 2681 tardatur,
738 2603 791 2666 sed
802 2604 896 2683 ipsum
907 2620 941 2665 os
956 2619 1072 2682 quoque

81 2688 229 2748 concurrit.¹
262 2688 429 2767 Quanquam
443 2690 519 2749 eninr
532 2706 607 2768 opus
624 2698 670 2751 est
684 2688 807 2749 naturali
824 2687 944 2767 quadm
960 2686 1071 2746 mobili·

81 2780 136 2831 tate
149 2772 240 2848 animi,
256 2781 298 2848 ut,
319 2773 384 2834 dum
398 2774 529 2852 proxima
544 2774 679 2850 dicimus,
697 2782 810 2834 sunere
824 2772 963 2832 ulteriora
978 2771 1072 2848 possi·

81 2872 148 2929 mus,
164 2873 336 2936 semperque
352 2866 478 2917 nostram
492 2874 596 2918 vocem
611 2858 728 2936 provisa
748 2866 777 2917 et
796 2856 918 2916 formata
934 2853 1071 2930 cogitatio
1174 2879 1196 2898 -ι

83 2939 215 3016 excipiat:
231 2941 280 2999 vix
294 2949 387 3001 tamen
402 2949 450 3001 aut
464 2950 565 3001 natura
578 2950 629 3003 aut
644 2942 718 3001 ratio
733 2943 763 3001 in
776 2948 833 2999 tam
846 2936 996 3016 multiplex
1009 2936 1101 3000 otu-o
1194 2955 1195 3002 l

85 3024 152 3083 cium
165 3022 299 3083 diducere
315 3026 435 3085 animum
453 3033 550 3102 queat,
565 3034 597 3084 ut
614 3025 781 3099 inventioni,
799 3023 992 3100 dispositioni,
1009 3021 1071 3081 elo·
1193 3021 1194 3098 l

85 3106 194 3180 cutioni,
212 3107 303 3168 ordini
317 3126 413 3169 rerum
426 3107 650 3186 verborumque,
664 3117 723 3168 tum
737 3108 790 3181 iis,
806 3123 880 3184 quae
896 3106 979 3181 dicit,
996 3123 1071 3183 quae

85 3188 278 3251 subiuncturus
292 3201 352 3268 est,
376 3210 452 3270 quae
472 3192 546 3253 ultra
568 3191 726 3270 spectanda
740 3199 821 3266 sunt,
837 3189 963 3251 adhibita
977 3191 1071 3265 vocis,
1191 3241 1192 3288 ,

86 3274 329 3354 pronuntiationis,
351 3286 451 3353 gestus
473 3275 697 3352 observatione,
719 3292 775 3335 uua
796 3274 930 3335 sulliciat.
971 3272 1114 3350 Longelt)
1190 3317 1191 3334 ι

88 3357 153 3417 enim
169 3357 326 3435 praecedat
349 3369 465 3438 oportet
485 3361 605 3421 intentio
632 3377 667 3420 ao
681 3376 752 3438 prae
769 3377 803 3419 se
816 3376 865 3418 res
880 3366 963 3436 agat,
983 3374 1071 3436 quan·
1188 3337 1191 3478 ,¹

89 3450 193 3522 tumque
206 3441 329 3503 dicendo
346 3445 530 3534 consumitur,
544 3451 651 3507 tautum
666 3461 704 3505 ex
714 3442 814 3505 ultimo
823 3450 1013 3523 prorogetur3
1029 3448 1070 3519 ut,
