2434 3925
158 188 218 252 rto
468 201 594 251 uuum
607 201 825 261 comminuam
848 226 852 234 -

113 355 230 424 estibus
250 365 336 434 atqu
355 356 393 416 ita
411 357 533 415 transne
555 355 592 415 nd
613 352 785 434 sequentia?
812 353 885 415 Nam
904 374 940 416 ne
959 353 1006 414 bis
1033 355 1151 432 quidem

155 441 282 514 accedo,
304 441 354 517 qui
372 457 488 517 semper
508 456 544 499 eo
565 448 667 517 putant
689 439 806 515 ordine,
831 456 888 517 quo
911 438 978 517 quid
993 448 1085 497 ectum
1099 442 1149 515 sit,

155 542 222 586 csse
237 523 419 587 narrandum:
447 523 499 583 sed
515 541 551 582 eo
566 523 641 583 melo
656 541 793 598 narrare,
818 540 883 600 quo
898 522 1025 600 expedit.
1064 522 1151 594 Quod

154 608 216 668 lieri
226 606 360 685 plurimis
378 606 477 683 liguris
493 607 571 666 licet.
602 605 675 667 Nam
690 615 720 665 et
733 606 886 684 aliquando
905 606 989 666 nobis
1002 607 1149 666 excidisse

154 690 330 765 simulamus,
352 708 417 749 cnm
432 691 500 767 qnid
515 690 631 750 utiliore
643 690 710 750 loco
725 691 903 758 reducimus;
922 699 952 749 et
968 691 1080 749 interim
1094 707 1149 749 nos

153 776 315 835 reddituros
335 772 476 852 reliquum
499 774 628 834 ordinem
646 783 799 848 testamur,
828 776 894 852 quia
920 776 963 832 sic
988 774 1083 832 lutura
1111 776 1151 832 sit

111 872 147 928 84
157 876 244 919 causa
256 857 392 926 lucidior;
410 859 522 916 interim
532 875 564 916 re
576 858 720 935 exposita,
736 856 932 934 subiungimus
945 875 1057 931 causas,
1074 874 1149 934 quae

155 950 382 1001 antecesserunt.
414 940 516 1018 Neque
532 943 606 1000 enim
628 950 674 1023 est
688 959 743 1000 una
757 941 806 1001 lex
827 941 1004 1001 defensionis
1025 950 1149 1001 certum-

155 1042 211 1103 que
226 1027 449 1103 praescriptum
465 1042 518 1102 pro
534 1043 583 1100 re,
605 1040 659 1102 pro
674 1032 805 1102 tempore
824 1026 973 1099 intuenda,
991 1041 1065 1102 qnae
1081 1041 1149 1101 pro·

154 1111 219 1185 sint,
241 1118 327 1186 atque
345 1116 376 1168 ut
391 1110 445 1168 erit
459 1109 578 1183 vulnus,
591 1110 640 1167 »ita
659 1108 707 1168 vel
723 1109 876 1167 curandum
889 1110 1019 1186 protinus
1034 1108 1100 1182 vel,
1123 1110 1150 1171 si

110 1207 146 1263 35
156 1195 269 1252 curatio
287 1192 396 1253 differri
423 1200 536 1270 potest,
564 1194 678 1251 interim
703 1191 895 1268 deligandum.
943 1190 1006 1251 Nec
1031 1192 1149 1270 saepius

153 1294 271 1336 narrare
292 1276 421 1336 duxerim
435 1276 528 1350 nelos,
549 1275 626 1353 quod
644 1272 748 1335 Cicero
767 1292 820 1354 pro
836 1273 968 1355 Cluentio
985 1276 1069 1342 iecit;
1088 1285 1149 1334 est·

154 1378 210 1438 que
221 1377 278 1419 non
290 1377 460 1419 concessum
471 1360 555 1419 modo
565 1359 618 1419 sed
630 1359 783 1438 aliqnando
794 1361 879 1419 etiam
891 1361 1097 1434 necessarium,
1117 1367 1150 1418 ut

152 1445 182 1502 in
196 1446 291 1503 causis
305 1444 526 1521 repetundarum
538 1442 736 1521 omnibusque,
753 1461 827 1520 quae
839 1443 987 1522 simplices
1002 1459 1059 1501 non
1071 1451 1147 1501 sunt.

153 1526 344 1601 dmentisest
358 1528 448 1602 enirn,
469 1529 675 1605 superstitione
698 1536 921 1605 praeceptorum
941 1535 1041 1588 contra
1060 1528 1148 1586 ratio·

110 1624 145 1680 86
154 1629 218 1671 nem
236 1629 348 1670 causae<
356 1610 437 1671 trahi.
469 1609 668 1671 Narrationem
680 1610 746 1670 ideo
758 1620 824 1670 ante
836 1610 1024 1689 probationes
1036 1626 1149 1688 ponere

154 1704 199 1755 est
219 1696 391 1770 institutum,
412 1712 449 1754 ne
465 1695 569 1769 iudex,
596 1712 653 1772 qua
673 1694 710 1754 de
732 1694 912 1769 redicatur,
935 1696 1058 1772 ignoret.
1089 1691 1149 1754 Cur

151 1780 256 1855 igitur,
275 1780 299 1838 si
312 1778 425 1855 singula
439 1777 587 1858 probanda
602 1787 650 1838 aut
665 1778 826 1838 refellenda
842 1787 941 1854 erunt,
963 1795 1021 1838 non
1035 1777 1148 1855 singula

153 1864 237 1935 etiam
258 1858 426 1922 narrentur?
467 1861 514 1921 lle
535 1871 632 1938 certe,
661 1871 879 1940 quantacunque
906 1864 1017 1922 nostris'
1034 1862 1149 1941 experi-

151 1949 254 2007 mentis
269 1946 399 2007 habenda
417 1955 462 2007 est
482 1946 570 2022 bdes,
589 1946 698 2006 fecisse
719 1945 776 2007 hoc
800 1947 829 2006 in
850 1945 932 2023 loro,
955 1947 1087 2025 quotiens
1109 1947 1147 2006 ita

153 2031 338 2093 desiderabat
353 2030 473 2106 utilitas,
490 2030 678 2109 probantibus
694 2040 723 2090 et
740 2032 859 2090 cruditis
878 2040 907 2089 et
925 2031 986 2108 bis,
1010 2033 1058 2108 qui
1078 2031 1148 2090 iudi.-

154 2114 273 2189 cabant,
294 2117 372 2183 scio;
397 2124 426 2173 et
449 2114 549 2193 (quod
571 2132 629 2175 non
650 2123 819 2191 arroganter
841 2115 977 2190 dixerim,
999 2116 1066 2193 quia
1083 2123 1150 2173 sunt

153 2198 279 2276 plurimi,
296 2197 465 2276 quibuscum
481 2200 539 2274 egi,
556 2200 604 2276 qui
615 2212 661 2258 me
676 2198 816 2258 refellere
830 2200 953 2277 possint,
969 2200 993 2258 si
1009 2199 1147 2277 mentior)

110 2282 217 2352 stfere
232 2282 384 2359 ponendae
399 2299 417 2341 a
430 2300 479 2341 me
493 2299 598 2343 causae
615 2283 740 2343 officium
752 2282 932 2360 exigebatur.
963 2281 1066 2360 Neque
1080 2282 1149 2342 ideo

153 2375 318 2426 tamennon
334 2367 361 2425 id
376 2367 493 2444 saepius
509 2365 608 2425 iacere
625 2366 788 2444 oportebit,
805 2375 835 2426 ut
848 2384 944 2426 rerum
959 2366 1087 2427 ordinem
1101 2384 1150 2425 se·

153 2466 281 2527 quamnr.
319 2448 465 2523 Quaedam
484 2467 555 2508 vero
577 2451 662 2509 etiam
683 2452 804 2528 turpiter
826 2459 1047 2526 convertuntur,
1070 2457 1100 2508 ut
1124 2452 1151 2509 si

152 2535 306 2612 peperisse
320 2551 437 2609 narres,
456 2532 560 2593 deinde
577 2536 766 2611 concepisse;
791 2543 922 2613 apertum
938 2541 1150 2609 testamentum,

153 2616 256 2686 deinde
274 2619 430 2694 signatum
444 2619 473 2676 in
489 2617 591 2695 quibus
605 2620 630 2677 si
642 2617 683 2692 id,
701 2619 778 2696 quod
794 2620 940 2696 posterius
956 2627 1012 2693 est,
1029 2618 1150 2693 dixeris,

153 2700 190 2763 de
204 2702 303 2780 priore
320 2710 419 2761 tacere
438 2704 590 2780 optimum;
606 2702 702 2780 pelam
718 2710 763 2761 est
780 2704 854 2762 enim
869 2704 1079 2782 praecessisse.

109 2797 145 2853 88
237 2786 310 2846 Sunt
330 2786 469 2863 quaedam
489 2795 519 2845 et
541 2785 634 2845 falsae
658 2787 876 2865 expositiones,
898 2804 1016 2865 quarum
1039 2787 1068 2845 in
1084 2784 1152 2846 loro

154 2866 263 2947 duplex
277 2886 370 2946 genus
388 2878 447 2929 est:
468 2869 606 2945 alterum,
632 2870 710 2948 quod
725 2873 919 2931 instrumentis
935 2870 1099 2943 adiuvatur,
1120 2878 1155 2928 ut

153 2951 184 3011 Ρ.
203 2950 321 3014 Clodius
337 2953 440 3014 fidncia
458 2956 589 3028 testium,
614 2972 670 3033 qua
691 2964 778 3015 nocte
793 2957 934 3016 incestum
947 2955 1056 3014 Romae
1072 2969 1153 3013 eom·

151 3036 283 3112 miserat,
311 3037 488 3098 interamnae
513 3056 547 3097 se
573 3038 664 3098 fuisse
684 3038 814 3107 dicebat;
841 3039 984 3113 alterum,
1006 3036 1084 3114 quod
1105 3044 1156 3096 est

152 3120 286 3180 tuendum
300 3122 422 3182 dicentis
437 3124 563 3199 ingenio.
609 3121 641 3182 ld
661 3124 774 3183 interim
789 3124 825 3184 ad
840 3124 933 3184 solam
947 3121 1155 3182 verecundiam

151 3206 294 3281 pertinet,
320 3207 395 3266 unde
419 3209 504 3267 etiam
525 3206 592 3265 milri
612 3207 727 3266 videtur
751 3207 807 3268 dici
830 3208 953 3274 colon
981 3207 1096 3272 interim
1115 3204 1154 3265 al

109 3291 359 3364 89quaestionem.
390 3292 451 3351 Sed
463 3300 671 3368 utrumcunque
686 3293 759 3365 erit,
781 3293 872 3369 prima
892 3293 929 3350 sit
946 3307 1093 3361 curarum,
1121 3297 1155 3347 ut

150 3371 179 3431 id
196 3372 273 3449 quod
289 3372 429 3450 fingemus
445 3375 506 3435 lieri
521 3377 629 3451 poseit;
646 3375 760 3449 deinde,
779 3383 810 3434 ut
827 3384 857 3434 et
875 3391 1020 3452 personae
1035 3381 1066 3431 et
1081 3372 1153 3440 loco

154 3465 183 3516 et
199 3460 324 3538 tempori
343 3467 483 3537 congrum
501 3465 531 3518 et
552 3457 720 3534 credibilem
739 3460 880 3519 rationem
899 3466 929 3518 et
951 3457 1081 3518 ordinem
1099 3454 1153 3528 bap
