2434 3925
153 162 212 230 1'42
451 184 494 241 ,m
511 182 588 230 aaa.
608 181 826 242 Qumamam

148 333 217 397 lom
236 336 345 415 facere
364 353 465 414 copas.
498 337 611 411 Quanto
628 338 720 414 magis
742 339 802 413 ets,
832 336 934 414 quibus
956 356 1043 398 curae
1062 338 1141 400 tama

105 419 216 496 adluit,
239 421 454 480 conservandus
476 429 520 481 est
542 421 589 480 hic
609 422 690 481 velut
712 417 853 480 ambitus?
889 420 985 494 Quare
1006 431 1052 496 et,
1075 440 1139 482 cum

40 512 43 517 ’
149 501 291 566 Ciceroni
307 504 434 564 dabimus
452 504 618 580 consilium,
640 513 676 565 ot
694 501 855 566 Antonium
869 514 970 583 rapot,
988 504 1140 564 ueletiam

147 594 180 648 ut
201 585 389 667 Philippicas
408 589 462 679 (ita
476 590 563 648 vitam
580 588 738 666 pollicente
754 591 807 667 eo)
830 598 959 664 exorat,
981 606 1038 647 non
1058 591 1137 668 cupi·
1213 621 1214 627 κ

148 672 264 731 ditatem
279 672 351 731 lucis
367 671 566 748 allegabimus,
584 673 673 749 (haec
689 675 762 732 enim
779 675 803 730 si
817 672 896 731 valet
910 673 937 730 in
954 675 1046 732 animo
1064 675 1137 748 eius,

147 754 306 816 tacentibus
324 772 438 833 quoque
453 756 536 814 nobis
552 756 646 835 valet)
663 757 725 832 sed,
742 765 772 815 ut
787 755 964 833 reipublicae
979 775 1012 815 se
1027 765 1137 830 servet,

104 842 138 898 tt
148 839 332 900 hortabimur.
378 838 439 899 Hac
461 839 503 899 illi
526 856 599 918 opus
624 848 669 899 est
690 841 865 913 occasione,
888 858 924 898 ne
950 858 1013 899 eum
1039 841 1139 899 talium

147 940 265 1001 precum
281 921 396 1001 pudeat.
433 922 471 981 Et
489 920 520 982 0.
537 920 669 984 Caesari
685 926 849 985 maumas
867 939 992 1001 requam
1015 924 1137 982 allirma·

69 1034 72 1041 ¹
146 1007 255 1082 bimus,
278 1016 356 1066 stare
376 1008 431 1066 iam
452 1007 657 1085 rempublicam
678 1009 732 1067 nisi
754 1024 810 1066 uuo
825 1012 947 1084 regente
963 1025 1021 1066 non
1036 1025 1137 1085 posse.

146 1089 218 1151 Nam
233 1092 281 1168 qui
296 1091 332 1150 de
347 1109 379 1149 re
393 1090 502 1150 nefaria
518 1090 674 1166 deliberat,
690 1092 719 1151 id
734 1092 827 1151 solum
843 1092 972 1167 quaerit,
990 1090 1137 1168 quomodo

104 1179 232 1253 48quam
245 1176 386 1233 minimum
401 1192 526 1252 peccare
541 1175 682 1234 videatur.
711 1174 828 1235 Multum
843 1174 933 1233 reiert
949 1176 1043 1249 etiam,
1063 1192 1138 1252 quae

147 1261 184 1318 sit
198 1275 324 1336 persona
340 1259 500 1326 suadentis;
521 1260 602 1336 quia,
628 1268 759 1318 anteacta
773 1260 830 1317 vita
846 1259 870 1316 si
886 1258 1005 1317 illustris
1021 1258 1074 1317 luit
1090 1266 1139 1317 aut

148 1342 254 1402 clarius
279 1359 371 1418 genus
395 1351 443 1401 aut
467 1351 548 1401 aetas
573 1351 621 1401 aut
646 1343 760 1402 fortuna
780 1342 863 1401 affert
888 1344 1138 1419 expectationem:

147 1426 355 1505 providendum
371 1435 425 1501 est,
441 1443 488 1500 ne,
505 1443 578 1503 quae
593 1425 734 1500 dicuntur,
751 1425 787 1485 ab
803 1442 850 1500 eo,
867 1426 914 1502 qui
930 1426 1008 1500 dicit,
1026 1425 1144 1484 dissen-

147 1513 228 1570 tiant.
262 1509 301 1568 At
321 1509 366 1568 his
388 1511 532 1569 contraria·
549 1510 772 1568 summissiorem
792 1509 933 1588 quendam
955 1508 1068 1567 modum
1086 1524 1140 1587 po·

148 1593 264 1653 stulant.
300 1592 372 1652 Nam
389 1612 462 1671 quae
479 1593 506 1651 in
528 1593 590 1652 aliis
611 1593 729 1653 libertas
744 1602 804 1668 est,
826 1595 855 1652 in
875 1592 939 1652 aliis
957 1592 1073 1651 licentia
1087 1608 1140 1651 vo·

150 1686 246 1752 catur,
271 1684 300 1735 et
322 1676 492 1754 quibusdam
507 1677 613 1736 suflicit
637 1679 809 1754 auctoritas,
832 1675 970 1754 quosdam
986 1679 1058 1743 ratio
1074 1677 1141 1753 ipsa

148 1779 237 1838 aegre
253 1769 357 1820 tuetur.

106 1854 141 1908 49
231 1845 361 1923 Ideoque
387 1844 475 1925 longe
500 1844 567 1903 mihi
595 1843 780 1904 difficillimae
801 1845 933 1905 videntur
955 1859 1141 1921 prosopo-

148 1931 302 2009 poeiae,
325 1931 354 1989 in
375 1928 476 2008 quibus
494 1929 529 1989 ad
550 1928 690 2008 reliquum
712 1929 859 1987 suasoriae
876 1927 1005 1988 laborem
1026 1925 1142 1985 accedit

149 2016 234 2074 etiam
249 2031 395 2092 personae
410 2013 573 2073 difficultas.
609 2012 740 2091 Namque
754 2011 829 2071 idem
844 2012 915 2079 illud
931 2007 1018 2071 aliter
1031 2006 1142 2069 Caesar

148 2098 234 2158 aliter
252 2095 357 2157 Cicero
379 2097 463 2157 aliter
484 2094 555 2156 Cato
579 2097 703 2156 suadere
727 2094 853 2155 debebit.
890 2095 1047 2156 Utilissima
1067 2108 1141 2151 vero

147 2180 222 2242 haec
244 2178 506 2255 exercitatio,'vel
531 2180 606 2257 quod
631 2180 754 2257 duplicis
778 2188 823 2238 est
848 2180 965 2257 operis,
992 2177 1040 2236 vel
1063 2175 1142 2253 quod

149 2267 244 2343 poetis
261 2282 378 2342 quoque
394 2272 441 2323 aut
461 2264 642 2325 historiarum
657 2264 759 2322 futuris
780 2262 969 2342 scriptoribus
989 2261 1142 2340 plurimum

106 2362 141 2413 50
151 2348 273 2408 confert.
310 2348 417 2407 Verum
433 2357 462 2406 et
477 2347 639 2407 oratoribus
654 2348 831 2407 necessaria.
867 2345 939 2405 Nam
954 2354 1019 2404 sunt
1029 2344 1141 2403 multae

108 2454 110 2460 ¹
144 2423 165 2493 'a
181 2431 301 2493 Graecis
316 2429 480 2510 Latinisque
496 2433 676 2510 compositae
699 2433 862 2506 orationes,
886 2430 988 2508 quibus
1008 2427 1056 2487 alii
1076 2435 1141 2486 ute-

148 2526 265 2590 rentur,
286 2516 321 2574 ad
337 2532 457 2592 quoram
473 2516 672 2575 condicionem
688 2517 833 2593 vitamque
849 2514 987 2593 aptanda,
1011 2529 1085 2588 quae
1098 2510 1140 2569 di·

149 2600 305 2674 cebamus,
332 2600 476 2659 luerunt..
502 2598 547 2658 An
570 2599 672 2658 eodem
688 2599 773 2658 modo
791 2599 930 2675 cogitavit
948 2605 996 2657 aut
1019 2594 1141 2654 eandem

148 2700 304 2764 personam
318 2683 406 2743 induit
422 2680 542 2758 Cicero,
567 2702 631 2743 cum
645 2682 788 2742 scriberet
804 2679 856 2740 Cu.
873 2681 1011 2758 Pompeio
1030 2677 1141 2738 etcum
1178 2728 1180 2731 Α

149 2768 182 2828 Τ.
199 2768 303 2846 Ampio
326 2768 484 2835 ceterisve;
508 2785 542 2826 ac
563 2785 620 2826 non
634 2766 857 2842 uniuscuiusque
873 2782 971 2824 eorum
986 2763 1141 2837 fortunam,

69 2860 72 2866 ’
149 2853 326 2930 dignitatem,
345 2869 393 2910 res
409 2859 507 2928 gestas
525 2852 640 2910 intuitus
656 2851 789 2925 omnium,
806 2848 907 2927 quibus
924 2864 1027 2906 vocem
1043 2845 1141 2920 dabat,

150 2937 236 2996 ctiam
251 2937 403 3012 imaginem
424 2932 590 3014 expressit?
611 2944 641 2994 ut
662 2934 763 2993 melius
779 2933 892 3009 quidem
907 2931 959 2991 sed
974 2939 1069 2990 tamen
1084 2930 1142 3007 ipsi

107 3032 140 3085 51
150 3021 249 3080 dicere
271 3019 445 3080 viderentur.
482 3018 585 3096 Neque
606 3020 680 3078 enim
695 3018 785 3077 miuus
804 3017 908 3076 vitiosa
924 3024 970 3074 est
984 3015 1094 3088 oratio,
1117 3014 1141 3071 si

150 3102 186 3163 ab
203 3103 318 3162 bomine
340 3104 462 3181 quamsi
483 3102 519 3162 ab
534 3121 584 3177 re,
606 3105 652 3161 cui
674 3101 856 3161 accomodari
872 3099 984 3179 debuit,
1006 3096 1140 3164 dissidet;

149 3187 276 3264 ideoque
287 3184 387 3262 Lysias
403 3190 511 3276 optime
524 3179 638 3247 'videtur
651 3187 679 3244 in
692 3187 737 3260 iis,
755 3201 829 3261 quae
844 3182 990 3243 scribebat
1005 3179 1140 3256 indoctis,

149 3288 285 3340 servasse
296 3272 425 3330 veritatis
441 3270 533 3330 iidem.
561 3269 715 3328 Enimvero
730 3270 886 3347 praecipue
899 3264 1142 3327 declamatoribus

151 3353 391 3415 considerandum
417 3364 480 3429 est,
504 3352 571 3432 quid
598 3355 701 3430 cuique
727 3369 870 3430 personae
896 3350 1065 3423 conveniat,
1093 3348 1142 3427 qui

148 3440 341 3519 paucissimas
356 3439 570 3498 controversias
585 3439 624 3497 ita
640 3437 735 3496 dicunt
749 3444 780 3494 ut
800 3435 949 3512 advocati,
970 3432 1143 3513 plerumque
