2434 3925
153 226 215 288 220
465 237 502 285 n.
517 236 597 284 use.
616 236 837 296 domomum

153 394 210 454 lum
227 407 405 471 componere
420 390 563 450 actionem
580 389 709 458 solebat;
731 391 822 465 adco,
842 391 971 468 quamvis
986 390 1084 467 fulgor
1100 391 1154 451 ille

153 477 284 537 sinistras
299 475 440 551 imagines
454 473 573 549 reddat,
596 475 656 532 suis
673 473 784 533 demum
800 475 893 533 oculis
910 474 1048 549 credidit,
1074 476 1154 552 quod

153 560 296 621 efficeret.
328 558 517 635 Praecipuum
532 573 604 616 vero
627 558 655 615 in
673 558 786 616 actione
804 559 877 616 sicut
898 558 927 616 in
943 574 1070 635 corpore
1084 562 1152 637 ipso

153 653 262 722 capnt
284 651 330 702 est
350 660 413 701 cum
431 640 467 700 ad
484 640 580 714 illurn,
605 639 641 699 de
660 658 716 718 quo
733 640 809 716 dixi,
831 642 969 701 decorem
991 650 1049 700 turn
1066 643 1153 703 etiam

109 726 145 783 69
153 727 188 787 ad
204 727 452 803 significationem.
484 723 610 783 Decoris
625 724 675 783 illa
690 734 770 799 sunt,
788 733 818 783 ut
833 725 869 783 sit
887 726 979 803 primo
994 733 1108 785 rectum
1125 735 1154 786 et

153 812 311 871 secundnm
332 817 471 869 naturam.
501 805 573 866 Nam
595 814 626 866 et
647 808 762 867 deiecto
777 807 920 867 humilitas
936 817 966 866 et
987 810 1090 887 supino
1108 828 1153 868 ar·

153 896 284 971 rogantia
300 895 373 953 etin
391 890 467 951 latus
482 889 619 950 inclinato
636 890 759 968 languor
773 901 803 951 et
818 892 961 969 praeduro
985 909 1020 951 ac
1035 893 1155 969 rigente

153 977 287 1038 barbaria
305 975 446 1054 quaedam
462 974 565 1034 mentis
581 973 749 1034 ostenditur.
786 974 856 1034 Tum
874 976 997 1053 accipiat
1012 984 1098 1053 aptos
1116 994 1156 1036 ex

154 1062 219 1139 ipso
238 1077 372 1120 sermone
389 1067 500 1133 motus,
522 1066 552 1116 ut
568 1067 732 1139 cumgestu
748 1059 909 1119 concordet
924 1067 953 1117 et
970 1058 1103 1118 manibus
1118 1078 1156 1119 ac

111 1147 146 1204 to
155 1145 295 1205 lateribus
310 1144 496 1220 obsequatur.
527 1140 675 1219 Aspectus
690 1143 764 1202 enim
781 1158 898 1220 semper
913 1141 1016 1201 eodem
1030 1142 1157 1203 vertitur

154 1245 211 1306 quo
231 1236 348 1305 gestus,
375 1226 509 1303 exceptis
530 1243 605 1303 quae
628 1235 676 1285 aut
692 1225 827 1285 damnare
845 1236 892 1286 aut
908 1242 965 1285 non
985 1226 1157 1285 concedere

154 1321 201 1372 aut
216 1330 232 1371 a
247 1311 332 1370 nohis
347 1326 500 1369 removere
517 1309 675 1386 oportebit,
692 1318 721 1370 ot
738 1310 813 1369 idem
827 1310 897 1370 illud
910 1308 989 1368 vultu
1003 1308 1158 1370 videamur

153 1396 300 1470 aversari,
316 1412 399 1454 manu
416 1392 581 1470 repellere:

280 1511 322 1523 -
335 1477 393 1539 Dii
405 1478 496 1538 talem
509 1477 640 1538 avernie
652 1483 776 1555 pestem.

279 1595 323 1605 —
336 1560 430 1623 Hand
444 1561 584 1640 equidem
598 1562 653 1621 toti
667 1579 715 1620 me
730 1561 840 1639 dignor
853 1560 974 1622 ltonorc.

113 1645 304 1724 'tlSignilicat
323 1662 395 1705 vero
417 1644 547 1723 plurimis
563 1643 665 1704 modis.
702 1643 774 1705 Nam
789 1654 908 1723 praeter
922 1644 1084 1719 annuendi,
1107 1663 1156 1706 re·

153 1730 258 1790 nuendi
279 1728 522 1806 confirmandique
544 1737 637 1788 motus
662 1736 725 1787 sunt
749 1738 779 1788 et
798 1728 992 1789 verecundiae
1017 1736 1047 1787 et
1070 1727 1156 1789 dubi·

153 1815 269 1874 tationis
297 1822 326 1872 et
350 1813 545 1872 admirationis
571 1821 601 1871 et
627 1813 829 1888 indignationis
850 1813 910 1871 noti
934 1820 964 1870 et
985 1828 1156 1872 communes

48 1898 50 1900 ’
117 1954 120 1958 ,
153 1897 295 1959 omnibus.
319 1896 391 1956 Solo
403 1906 499 1956 tamen
511 1912 547 1955 eo
560 1895 661 1955 iacere
672 1905 785 1973 gestum
797 1896 908 1956 scenici
921 1912 1037 1974 quoque
1050 1895 1155 1956 docto·

80 2041 85 2054 ,
153 2001 203 2046 res
214 1984 348 2041 vitiosum
361 1988 541 2059 putaverunt.
571 1978 666 2039 Etiam
678 1981 815 2058 frequens
831 1981 893 2039 eius
905 1989 988 2039 nutus
1000 1997 1058 2039 non
1072 1989 1157 2040 earet

129 2067 240 2140 ,uiti03
269 2066 342 2125 adeo
363 2067 473 2124 iactare
495 2062 523 2124 id
543 2072 573 2123 et
594 2081 692 2125 comas
713 2065 908 2124 excutientem
928 2073 1026 2124 rotare
1050 2063 1153 2124 lanati·

155 2158 289 2209 comest.

113 2238 147 2293 72
236 2231 404 2292 Dominatur
417 2240 510 2290 autem
526 2232 648 2291 maxime
661 2230 794 2290 vultus.
824 2229 888 2290 lloc
903 2229 1072 2309 supplices,
1096 2228 1155 2290 lucc

154 2316 296 2390 minaces,
322 2314 378 2374 hoc
395 2314 511 2390 blaudi,
531 2314 588 2374 hoc
602 2316 718 2390 tristes,
740 2315 797 2375 hoc
817 2314 943 2389 hilares,
965 2313 1023 2373 hoc
1045 2314 1155 2389 erecti,

154 2400 211 2460 hoc
226 2400 365 2458 summissi
383 2416 495 2465 sumus;
517 2397 574 2458 hoc
590 2398 718 2476 pendent
732 2397 880 2474 homines,
902 2397 979 2458 lrnnc
995 2397 1155 2470 intuentur,

155 2483 230 2543 hunc
246 2490 394 2560 spectant,
416 2483 500 2541 etiam
514 2491 667 2558 autequam
682 2482 816 2549 dicimus3
838 2481 895 2541 hoc
918 2480 1057 2560 quosdam
1076 2498 1155 2540 ama·

155 2583 234 2641 mus,
259 2565 315 2625 hoc
330 2565 458 2640 odimus,
486 2566 542 2625 hoc
560 2565 681 2643 plurima
704 2565 907 2642 intelligimus,
932 2564 979 2624 hic
998 2573 1044 2623 est
1059 2581 1156 2642 saepe
1205 2635 1206 2638 Ἴ

114 2650 208 2728 idpro
225 2649 354 2709 omnihus
370 2649 481 2708 verbis.
511 2647 611 2726 ltaque
627 2650 722 2724 iniis,
748 2667 821 2727 quae
838 2649 875 2708 ad
898 2665 1015 2708 scenam
1032 2664 1156 2726 compo·
1205 2691 1206 2708 r

154 2742 272 2809 nuntur,
293 2732 398 2793 iahulis
420 2732 546 2800 artifices
566 2733 766 2810 pronuntiandi
789 2733 956 2810 apersonis
971 2748 1089 2809 quoque
1112 2731 1155 2791 ai·
1205 2749 1206 2794 t

155 2817 249 2876 fectus
273 2825 446 2877 mutuantur:
471 2825 502 2876 ut
522 2816 559 2875 sit
573 2815 693 2895 Aerope
713 2817 742 2875 in
762 2815 914 2892 tragoedia
934 2815 1039 2890 tristis,
1068 2824 1156 2875 atrox
1205 2807 1206 2846 ³

112 2900 277 2976 talledea,
300 2901 436 2961 attonitus
450 2899 540 2975 Aiax,
564 2900 742 2960 truculentus
756 2898 909 2959 Hercules.
939 2897 972 2957 ln
988 2899 1156 2959 comoediis
1205 2969 1206 2976 ἵ

84 3052 88 3070 ⁸
155 3001 227 3044 vcro
245 2993 364 3063 praeter
377 2984 462 3044 aliam
476 2983 727 3058 observationem,
749 3000 803 3061 qua
821 2984 917 3058 servi,
939 2982 1079 3057 lenones,
1102 3000 1156 3060 pa·
1205 2987 1206 3026 l

155 3069 256 3142 rasiti,
272 3068 388 3143 rustici,
404 3068 525 3142 milites,
542 3068 761 3141 meretriculae,
783 3066 923 3141 ancillae,
940 3083 1027 3125 senes
1042 3067 1155 3125 austeri

156 3169 193 3210 ac
215 3153 315 3227 mites,
340 3151 461 3210 iuvenes
484 3152 578 3211 severi
600 3169 636 3212 ac
656 3150 813 3227 luxuriosi,
839 3158 1004 3224 matronae,
1033 3149 1156 3226 puellae

156 3236 286 3315 intense
307 3235 523 3310 discernuntur,
552 3243 636 3313 pater
657 3235 726 3310 ille,
752 3235 833 3294 ouius
855 3234 1032 3312 praecipuae
1052 3241 1156 3311 partes

156 3325 233 3391 sunt,
249 3318 315 3395 quia
332 3318 444 3378 interim
459 3319 631 3393 concitatus,
647 3319 758 3378 interim
774 3318 849 3377 lenis
865 3325 921 3393 est,
937 3317 1031 3377 altero
1049 3325 1154 3377 erecto

156 3400 249 3459 altero
268 3403 429 3477 composito
445 3411 490 3461 est
505 3401 679 3481 supercilio;
702 3410 789 3480 atque
810 3401 838 3461 id
854 3400 1010 3464 ostendere
1024 3401 1152 3459 maxime

156 3482 231 3544 latus
251 3483 397 3545 actoribus
416 3487 506 3546 moris
523 3495 584 3563 est,
608 3487 686 3564 quod
703 3504 765 3546 cum
782 3485 833 3562 iis,
855 3503 927 3566 quas
942 3493 1040 3562 agunt,
1060 3485 1149 3564 parti·
