2434 3925
169 205 228 268 102
479 215 840 278 munumentum

123 373 230 455 toNec
248 375 276 449 in
298 374 431 452 personis
451 381 558 433 tantum
580 371 634 432 sed
656 381 686 431 et
705 372 735 430 iu
753 369 842 430 rebus
857 379 989 430 versatur
1003 369 1079 430 haec
1096 389 1167 433 con·

165 460 252 518 traria
269 458 392 532 dicendi,
412 474 496 535 qnam
510 474 585 533 quae
600 455 723 531 intelligi
737 454 829 528 velis,
848 457 937 527 ratio,
955 463 986 514 ut
1003 463 1096 514 totum
1110 475 1165 535 pro

165 540 271 614 Quinto
294 540 409 618 Ligario
438 541 617 618 prooemium
638 549 668 600 et
694 538 762 599 illae
783 537 978 599 elevationes:
1004 536 1164 617 Videlicet,

167 625 254 687 Odii
269 626 357 687 honi!

423 707 548 768 Scilicet
560 708 590 767 ic
604 708 726 784 coperia
738 705 827 766 lahor
843 714 896 767 cst.

122 805 154 857 51
162 791 200 853 Et
214 792 263 852 ille
275 811 329 871 pro
341 791 435 871 Oppio
451 791 549 851 loeus:
568 788 741 852 Oaneorcm
751 792 879 851 nurum!
896 787 1163 855 Ohenioolcntiam

161 879 369 954 singularem!
402 876 467 935 Non
488 875 590 953 procul
609 874 712 933 absunt
732 871 767 932 ab
789 872 843 932 hac
858 875 1040 935 simulatione
1053 895 1106 935 res
1124 880 1160 937 in·

163 972 209 1019 ter
223 979 257 1020 se
273 961 393 1036 similes,
411 959 604 1018 confessio
621 958 689 1017 nihil
705 960 846 1032 nocitura,
868 959 961 1036 qualis
977 969 1037 1019 est:
1056 958 1161 1022 Habes

161 1046 265 1123 igitur,
281 1044 409 1120 Tubero,
425 1045 506 1121 quod
514 1051 559 1103 est
569 1043 746 1103 accusatori
758 1044 889 1102 manime
899 1044 1077 1121 optandum,
1090 1065 1160 1107 con·

161 1129 293 1207 fitcatcm
308 1147 414 1197 reum;
434 1136 463 1186 et
482 1127 705 1201 concessio,
729 1144 792 1185 cum
813 1125 920 1204 aliquid
936 1129 1021 1186 etiam
1035 1129 1160 1206 iniquum
1205 1146 1206 1209 ι

163 1213 293 1272 videmur
317 1230 423 1272 causae
444 1211 549 1271 fiducia
569 1211 644 1288 pati:
667 1208 780 1271 Metam
800 1211 959 1288 virgarum
979 1214 1161 1275 nauarchus
1205 1290 1206 1293 Ἴ

162 1298 370 1358 nobilissimae
384 1297 515 1356 civitatis
527 1297 627 1372 pretio
641 1296 785 1355 redemit:
803 1295 966 1356 humanam
981 1303 1045 1367 ect;
1061 1305 1093 1355 et
1108 1313 1158 1375 pro

164 1378 296 1440 Cluentio
317 1380 353 1439 de
366 1380 484 1438 invidia:
499 1378 717 1440 Domineturim
733 1380 930 1452 coutimtihaa,
952 1380 1053 1441 iaceat
1066 1382 1100 1441 in
1114 1383 1159 1442 iu-

163 1467 273 1533 diciis,·
287 1466 371 1524 tertia
388 1464 605 1538 consensio,
620 1471 651 1521 ut
668 1479 722 1540 pro
739 1464 1002 1538 eodem,'iudicium
1015 1482 1085 1523 esse
1098 1483 1158 1525 cor·

122 1557 284 1626 52ruptum.
314 1548 394 1606 Haec
409 1548 570 1607 evidentior
587 1547 680 1623 figura
698 1555 759 1624 est,
782 1565 846 1606 cum
867 1547 953 1606 alicui
974 1549 1017 1606 rei
1039 1551 1147 1609 essenti

163 1650 241 1706 mur,
268 1650 342 1710 quae
367 1641 412 1690 est
437 1632 531 1691 lutura
557 1648 611 1710 pro
635 1629 734 1699 nohis;
760 1648 860 1690 verum
884 1630 913 1690 id
938 1630 1073 1691 accidere
1100 1636 1158 1693 sine

163 1714 322 1776 adversarii
340 1718 409 1775 vitio
425 1732 482 1774 nou
497 1714 604 1794 'potest
643 1713 789 1788 Quaedam
809 1717 893 1774 etiarn
907 1715 987 1774 velut
1001 1714 1157 1792 laudamus,

163 1809 194 1859 ut
224 1799 329 1859 Cicero
356 1802 385 1859 in
412 1799 535 1859 Verrem
562 1802 639 1859 circa
666 1800 773 1857 crimen
791 1798 940 1876 Apollonii
955 1799 1156 1877 Drepanitani:

163 1884 288 1946 Gaudeo
303 1886 444 1960 etiamsi
458 1885 533 1963 quid
543 1884 582 1944 ah
593 1902 629 1945 ca
638 1883 798 1957 abstulisti,
812 1891 840 1942 et
854 1883 910 1943 ahs
920 1892 949 1944 te
959 1885 1036 1945 nihil
1045 1888 1158 1946 rectius

121 1970 279 2048 aefectum
294 1988 362 2030 ease
377 1971 456 2031 dico.
492 1967 607 2029 Interim
622 1985 759 2043 augemus
775 1969 906 2042 crimine,
930 1985 1004 2045 quae
1026 1988 1065 2029 ex
1083 1970 1157 2030 facili

164 2063 211 2112 aut
226 2053 337 2113 diluere
353 2055 496 2131 possimus
511 2062 560 2113 aut
574 2069 701 2128 negare,
716 2051 792 2128 quod
809 2061 853 2110 est
867 2052 1058 2129 frequentius,
1077 2072 1157 2131 quiam

163 2146 193 2195 ut
209 2137 371 2214 exemplum
388 2137 544 2197 desideret.
581 2136 698 2195 Interim
719 2134 776 2194 hoc
796 2136 861 2213 ipso
884 2135 968 2194 iidem
985 2135 1156 2197 detrahimus

162 2220 232 2295 illis,
246 2221 388 2298 quodsint
402 2230 458 2281 tam
472 2222 590 2297 gravia,
608 2229 639 2278 ut
656 2235 710 2298 pro
728 2218 836 2294 Roscio
851 2217 967 2294 Cicero,
985 2238 1049 2280 cum
1064 2222 1156 2280 imma·

163 2305 278 2363 nitatem
298 2305 444 2382 parricidii
467 2322 628 2383 quanquam
647 2320 701 2382 per
724 2321 757 2363 se
772 2303 951 2363 manifestam
966 2313 1060 2364 tamen
1075 2306 1157 2365 etiam

162 2389 190 2447 vi
205 2390 342 2447 orationis
359 2397 528 2465 exaggerat.

121 2482 156 2535 54
244 2461 465 2549 Ἀποσιώπησις,
475 2490 559 2550 quam
572 2471 648 2531 idem
661 2469 765 2531 Cicero
783 2472 1037 2549 reticentiam,
1054 2469 1156 2533 Celsus
1205 2537 1206 2540 Ἴ

162 2555 416 2632 obticentiam,
444 2555 571 2615 nonnulli
597 2557 911 2633 interruptionem
937 2556 1102 2636 appellant,
1128 2565 1156 2616 et

161 2642 224 2718 ipsa
240 2639 364 2699 ostendit
379 2639 485 2717 aliquid
501 2640 622 2699 allectus
638 2640 686 2699 vel
701 2641 778 2699 irae:
797 2649 828 2698 ut

226 2721 307 2797 Quos
322 2743 376 2803 eqo
394 2757 435 2767 —-
450 2726 508 2784 aed
520 2733 615 2785 motos
629 2731 769 2802 praestat
786 2742 964 2801 componere
977 2720 1112 2802 fluctuas

160 2808 209 2868 vel
217 2809 417 2868 sollicitudinis
429 2817 458 2867 et
469 2810 551 2886 quasi
564 2808 731 2884 religionis:
746 2803 796 2868 Am
806 2808 896 2868 huius
906 2810 958 2872 itte
968 2810 1054 2887 legis,
1067 2825 1154 2887 quam

162 2889 322 2954 Clodiuca
342 2911 376 2952 se
389 2894 542 2953 iuuentam
560 2894 728 2970 gloriatur,
749 2893 924 2955 mentionem
940 2892 1049 2970 facere
1063 2911 1155 2954 auem

160 2986 240 3038 esset
252 2979 320 3039 civo
334 2974 461 3053 Milone,
486 2995 547 3037 uon
569 2977 673 3037 dicam
694 2977 838 3038 consule?
861 2978 1057 3039 danastrum
1079 2979 1154 3038 emm

160 3061 290 3121 omnium
303 3095 345 3104 —
358 3080 417 3121 non
434 3062 534 3121 audeo
548 3068 640 3121 totum
662 3061 785 3129 dicaam·
810 3062 854 3119 cui
872 3061 965 3120 simile
987 3070 1032 3119 est
1047 3062 1075 3119 in
1090 3079 1153 3139 pro·

118 3145 256 3206 donemio
277 3160 331 3221 pro
352 3142 541 3221 Ctesiphonte
570 3143 785 3207 Demosthenis.
828 3143 884 3203 Vel
910 3144 966 3204 alio
992 3145 1154 3205 transeundi

160 3228 268 3304 gratia:
286 3225 439 3288 Cominius
453 3235 553 3288 autem
567 3261 611 3270 —
624 3230 744 3289 tametsi
762 3230 908 3306 ignoscite
922 3229 1010 3303 mihi,
1025 3230 1152 3289 iudices.

160 3310 192 3369 ln
208 3327 265 3388 quo
279 3319 323 3369 est
339 3319 368 3369 et
384 3311 432 3371 illa
449 3311 495 3389 (si
516 3320 610 3370 tamen
630 3312 705 3370 iuter
732 3312 879 3370 schemata
900 3313 1043 3371 numerari
1058 3311 1151 3387 debet,

161 3414 226 3454 cum
242 3395 305 3453 aliis
321 3396 404 3453 etiam
418 3413 486 3472 pars
503 3413 607 3454 causae
622 3395 769 3473 videatur)
787 3395 819 3455 di
825 3398 992 3472 gressi03
1009 3395 1067 3455 abit
1082 3399 1152 3455 enim

157 3497 248 3538 causa
265 3480 293 3538 iu
310 3477 411 3539 laudes
427 3475 479 3536 Cn.
499 3476 638 3556 Pompeii.
669 3478 759 3556 quue
775 3479 838 3539 fieri
854 3481 938 3540 etiam
953 3481 1014 3540 siue
1030 3469 1151 3542 duocen-
