<?xml version="1.0" encoding="UTF-8"?>
<!DOCTYPE html PUBLIC "-//W3C//DTD XHTML 1.0 Transitional//EN"
    "http://www.w3.org/TR/xhtml1/DTD/xhtml1-transitional.dtd">
<html xmlns="http://www.w3.org/1999/xhtml" xml:lang="en" lang="en">
 <head>
  <title>
</title>
<meta http-equiv="Content-Type" content="text/html;charset=utf-8" />
  <meta name='ocr-system' content='tesseract 3.04.00' />
  <meta name='ocr-capabilities' content='ocr_page ocr_carea ocr_par ocr_line ocrx_word'/>
</head>
<body>
  <div class='ocr_page' id='page_1' title='image "./mfabiiquintilia08bonngoog_0746.png"; bbox 0 0 2434 3925; ppageno 0'>
   <div class='ocr_carea' id='block_1_1' title="bbox 188 225 867 296">
    <p class='ocr_par' dir='ltr' id='par_1_1' title="bbox 188 225 867 296">
     <span class='ocr_line' id='line_1_1' title="bbox 188 225 867 296; baseline -0.01 -7"><span class='ocrx_word' id='word_1_1' title='bbox 188 225 249 290; x_wconf 84' lang='lat'>278</span> <span class='ocrx_word' id='word_1_2' title='bbox 498 237 535 284; x_wconf 85' lang='lat' dir='ltr'>m.</span> <span class='ocrx_word' id='word_1_3' title='bbox 553 234 867 296; x_wconf 77' lang='lat' dir='ltr'>sns.on1un1u1su1</span> 
     </span>
    </p>
   </div>
   <div class='ocr_carea' id='block_1_2' title="bbox 89 383 1181 3571">
    <p class='ocr_par' dir='ltr' id='par_1_2' title="bbox 89 383 1170 1475">
     <span class='ocr_line' id='line_1_2' title="bbox 186 383 1164 469; baseline -0.007 -15"><span class='ocrx_word' id='word_1_4' title='bbox 186 402 216 454; x_wconf 87' lang='lat' dir='ltr'>ut</span> <span class='ocrx_word' id='word_1_5' title='bbox 231 392 333 452; x_wconf 84' lang='lat' dir='ltr'>Eleum</span> <span class='ocrx_word' id='word_1_6' title='bbox 346 389 478 469; x_wconf 90' lang='lat' dir='ltr'>llippiam</span> <span class='ocrx_word' id='word_1_7' title='bbox 492 398 652 466; x_wconf 78' lang='lat' dir='ltr'><strong>transeam,</strong></span> <span class='ocrx_word' id='word_1_8' title='bbox 674 391 723 469; x_wconf 92' lang='lat' dir='ltr'>qui</span> <span class='ocrx_word' id='word_1_9' title='bbox 745 407 802 450; x_wconf 93' lang='lat' dir='ltr'>nou</span> <span class='ocrx_word' id='word_1_10' title='bbox 816 383 979 450; x_wconf 87' lang='lat' dir='ltr'>liberalium</span> <span class='ocrx_word' id='word_1_11' title='bbox 997 391 1093 451; x_wconf 89' lang='lat' dir='ltr'>modo</span> <span class='ocrx_word' id='word_1_12' title='bbox 1107 390 1164 450; x_wconf 83' lang='lat' dir='ltr'>disci</span> 
     </span>
     <span class='ocr_line' id='line_1_3' title="bbox 186 474 1165 556; baseline -0.006 -19"><span class='ocrx_word' id='word_1_13' title='bbox 186 478 326 556; x_wconf 91' lang='lat' dir='ltr'>plinarum</span> <span class='ocrx_word' id='word_1_14' title='bbox 340 493 411 554; x_wconf 91' lang='lat' dir='ltr'>prae</span> <span class='ocrx_word' id='word_1_15' title='bbox 427 493 460 534; x_wconf 88' lang='lat' dir='ltr'>se</span> <span class='ocrx_word' id='word_1_16' title='bbox 481 475 630 535; x_wconf 89' lang='lat' dir='ltr'>scientiam</span> <span class='ocrx_word' id='word_1_17' title='bbox 649 474 713 534; x_wconf 89' lang='lat' dir='ltr'>tulit</span> <span class='ocrx_word' id='word_1_18' title='bbox 735 474 787 534; x_wconf 87' lang='lat' dir='ltr'>sed</span> <span class='ocrx_word' id='word_1_19' title='bbox 807 483 920 534; x_wconf 86' lang='lat' dir='ltr'>vestem</span> <span class='ocrx_word' id='word_1_20' title='bbox 939 484 969 534; x_wconf 90' lang='lat' dir='ltr'>et</span> <span class='ocrx_word' id='word_1_21' title='bbox 990 477 1113 535; x_wconf 89' lang='lat' dir='ltr'>anulum</span> <span class='ocrx_word' id='word_1_22' title='bbox 1127 491 1165 532; x_wconf 84' lang='lat' dir='ltr'>cre</span> 
     </span>
     <span class='ocr_line' id='line_1_4' title="bbox 185 558 1166 640; baseline -0.008 -19"><span class='ocrx_word' id='word_1_23' title='bbox 185 560 336 640; x_wconf 90' lang='lat' dir='ltr'>pidasque,</span> <span class='ocrx_word' id='word_1_24' title='bbox 353 568 427 637; x_wconf 87' lang='lat' dir='ltr'>quae</span> <span class='ocrx_word' id='word_1_25' title='bbox 443 560 536 618; x_wconf 91' lang='lat' dir='ltr'>omnia</span> <span class='ocrx_word' id='word_1_26' title='bbox 551 576 633 618; x_wconf 88' lang='lat' dir='ltr'>mauu</span> <span class='ocrx_word' id='word_1_27' title='bbox 648 577 700 618; x_wconf 89' lang='lat' dir='ltr'>sua</span> <span class='ocrx_word' id='word_1_28' title='bbox 716 558 842 633; x_wconf 87' lang='lat' dir='ltr'>lecerat,</span> <span class='ocrx_word' id='word_1_29' title='bbox 858 559 888 617; x_wconf 91' lang='lat' dir='ltr'>iu</span> <span class='ocrx_word' id='word_1_30' title='bbox 903 577 957 617; x_wconf 91' lang='lat' dir='ltr'>usu</span> <span class='ocrx_word' id='word_1_31' title='bbox 972 559 1093 632; x_wconf 87' lang='lat' dir='ltr'>habuit,</span> <span class='ocrx_word' id='word_1_32' title='bbox 1109 566 1166 633; x_wconf 83' lang='lat' dir='ltr'>atquc</span> 
     </span>
     <span class='ocr_line' id='line_1_5' title="bbox 185 642 1166 722; baseline -0.009 -18"><span class='ocrx_word' id='word_1_33' title='bbox 185 646 223 704; x_wconf 89' lang='lat' dir='ltr'>ita</span> <span class='ocrx_word' id='word_1_34' title='bbox 241 662 274 703; x_wconf 88' lang='lat' dir='ltr'>se</span> <span class='ocrx_word' id='word_1_35' title='bbox 290 644 490 722; x_wconf 87' lang='lat' dir='ltr'>praeparavit,</span> <span class='ocrx_word' id='word_1_36' title='bbox 511 660 547 701; x_wconf 92' lang='lat' dir='ltr'>ue</span> <span class='ocrx_word' id='word_1_37' title='bbox 564 644 645 702; x_wconf 88' lang='lat' dir='ltr'>euius</span> <span class='ocrx_word' id='word_1_38' title='bbox 660 642 778 702; x_wconf 89' lang='lat' dir='ltr'>alterius</span> <span class='ocrx_word' id='word_1_39' title='bbox 795 658 887 721; x_wconf 88' lang='lat' dir='ltr'>opere</span> <span class='ocrx_word' id='word_1_40' title='bbox 904 652 1033 720; x_wconf 80' lang='lat' dir='ltr'>egeret:</span> <span class='ocrx_word' id='word_1_41' title='bbox 1065 643 1166 702; x_wconf 78' lang='lat' dir='ltr'>illusisse</span> 
     </span>
     <span class='ocr_line' id='line_1_6' title="bbox 185 725 1166 807; baseline -0.009 -19"><span class='ocrx_word' id='word_1_42' title='bbox 185 737 228 788; x_wconf 90' lang='lat' dir='ltr'>tot</span> <span class='ocrx_word' id='word_1_43' title='bbox 243 727 368 807; x_wconf 84' lang='lat' dir='ltr'>[malisl,</span> <span class='ocrx_word' id='word_1_44' title='bbox 392 735 461 803; x_wconf 89' lang='lat' dir='ltr'>quot</span> <span class='ocrx_word' id='word_1_45' title='bbox 475 744 582 786; x_wconf 93' lang='lat' dir='ltr'>summa</span> <span class='ocrx_word' id='word_1_46' title='bbox 597 733 733 785; x_wconf 88' lang='lat' dir='ltr'>senectus</span> <span class='ocrx_word' id='word_1_47' title='bbox 749 725 851 801; x_wconf 89' lang='lat' dir='ltr'>habet,</span> <span class='ocrx_word' id='word_1_48' title='bbox 868 726 1029 786; x_wconf 87' lang='lat' dir='ltr'>universae</span> <span class='ocrx_word' id='word_1_49' title='bbox 1049 725 1166 786; x_wconf 73' lang='lat' dir='ltr'>Graeciae</span> 
     </span>
     <span class='ocr_line' id='line_1_7' title="bbox 187 808 1166 889; baseline -0.006 -17"><span class='ocrx_word' id='word_1_50' title='bbox 187 812 345 884; x_wconf 89' lang='lat' dir='ltr'>credimus,</span> <span class='ocrx_word' id='word_1_51' title='bbox 366 808 507 886; x_wconf 83' lang='lat' dir='ltr'>Gorgian,</span> <span class='ocrx_word' id='word_1_52' title='bbox 524 811 572 888; x_wconf 90' lang='lat' dir='ltr'>qui</span> <span class='ocrx_word' id='word_1_53' title='bbox 590 827 732 888; x_wconf 83' lang='lat' dir='ltr'>quaerere</span> <span class='ocrx_word' id='word_1_54' title='bbox 748 810 912 884; x_wconf 82' lang='lat' dir='ltr'>auditores,</span> <span class='ocrx_word' id='word_1_55' title='bbox 930 810 967 870; x_wconf 90' lang='lat' dir='ltr'>de</span> <span class='ocrx_word' id='word_1_56' title='bbox 985 828 1053 889; x_wconf 90' lang='lat' dir='ltr'>quo</span> <span class='ocrx_word' id='word_1_57' title='bbox 1071 810 1166 888; x_wconf 83' lang='lat' dir='ltr'>quisqu</span> 
     </span>
     <span class='ocr_line' id='line_1_8' title="bbox 144 892 1168 970; baseline -0.014 -10"><span class='ocrx_word' id='word_1_58' title='bbox 144 895 291 970; x_wconf 70' lang='lat' dir='ltr'>ttvellet,</span> <span class='ocrx_word' id='word_1_59' title='bbox 316 893 442 952; x_wconf 89' lang='lat' dir='ltr'>iubebat.</span> <span class='ocrx_word' id='word_1_60' title='bbox 478 892 559 966; x_wconf 81' lang='lat' dir='ltr'>Quae</span> <span class='ocrx_word' id='word_1_61' title='bbox 579 894 693 953; x_wconf 89' lang='lat' dir='ltr'>taudem</span> <span class='ocrx_word' id='word_1_62' title='bbox 714 912 761 953; x_wconf 89' lang='lat' dir='ltr'>ars</span> <span class='ocrx_word' id='word_1_63' title='bbox 781 893 866 970; x_wconf 91' lang='lat' dir='ltr'>digua</span> <span class='ocrx_word' id='word_1_64' title='bbox 883 894 986 953; x_wconf 89' lang='lat' dir='ltr'>litteris</span> <span class='ocrx_word' id='word_1_65' title='bbox 1005 893 1126 953; x_wconf 90' lang='lat' dir='ltr'>Platoni</span> <span class='ocrx_word' id='word_1_66' title='bbox 1138 892 1168 949; x_wconf 85' lang='lat' dir='ltr'>de·</span> 
     </span>
     <span class='ocr_line' id='line_1_9' title="bbox 187 976 1169 1054; baseline -0.008 -16"><span class='ocrx_word' id='word_1_67' title='bbox 187 979 262 1038; x_wconf 75' lang='lat' dir='ltr'>fuit?</span> <span class='ocrx_word' id='word_1_68' title='bbox 297 976 374 1050; x_wconf 81' lang='lat' dir='ltr'>Quot</span> <span class='ocrx_word' id='word_1_69' title='bbox 390 976 517 1037; x_wconf 83' lang='lat' dir='ltr'>saeculis</span> <span class='ocrx_word' id='word_1_70' title='bbox 534 977 709 1037; x_wconf 81' lang='lat' dir='ltr'>Aristoteles</span> <span class='ocrx_word' id='word_1_71' title='bbox 727 976 840 1054; x_wconf 88' lang='lat' dir='ltr'>didicit,</span> <span class='ocrx_word' id='word_1_72' title='bbox 861 987 962 1037; x_wconf 91' lang='lat' dir='ltr'>utnon</span> <span class='ocrx_word' id='word_1_73' title='bbox 978 978 1101 1052; x_wconf 89' lang='lat' dir='ltr'>solum,</span> <span class='ocrx_word' id='word_1_74' title='bbox 1118 990 1169 1053; x_wconf 81' lang='lat' dir='ltr'>quae</span> 
     </span>
     <span class='ocr_line' id='line_1_10' title="bbox 188 1059 1169 1140; baseline -0.008 -18"><span class='ocrx_word' id='word_1_75' title='bbox 188 1064 223 1122; x_wconf 91' lang='lat' dir='ltr'>ad</span> <span class='ocrx_word' id='word_1_76' title='bbox 239 1059 430 1140; x_wconf 89' lang='lat' dir='ltr'>philosophos</span> <span class='ocrx_word' id='word_1_77' title='bbox 446 1070 533 1138; x_wconf 89' lang='lat' dir='ltr'>atque</span> <span class='ocrx_word' id='word_1_78' title='bbox 549 1069 680 1120; x_wconf 86' lang='lat' dir='ltr'>oratores</span> <span class='ocrx_word' id='word_1_79' title='bbox 696 1062 850 1139; x_wconf 81' lang='lat' dir='ltr'>pertinent,</span> <span class='ocrx_word' id='word_1_80' title='bbox 866 1062 986 1122; x_wconf 91' lang='lat' dir='ltr'>seientia</span> <span class='ocrx_word' id='word_1_81' title='bbox 1004 1060 1169 1139; x_wconf 89' lang='lat' dir='ltr'>complecte-</span> 
     </span>
     <span class='ocr_line' id='line_1_11' title="bbox 187 1138 1170 1223; baseline -0.008 -17"><span class='ocrx_word' id='word_1_82' title='bbox 187 1155 276 1221; x_wconf 86' lang='lat' dir='ltr'>retur,</span> <span class='ocrx_word' id='word_1_83' title='bbox 293 1146 345 1205; x_wconf 88' lang='lat' dir='ltr'>sed</span> <span class='ocrx_word' id='word_1_84' title='bbox 361 1145 521 1204; x_wconf 89' lang='lat' dir='ltr'>animalium</span> <span class='ocrx_word' id='word_1_85' title='bbox 535 1152 720 1222; x_wconf 90' lang='lat' dir='ltr'>satorumque</span> <span class='ocrx_word' id='word_1_86' title='bbox 735 1154 850 1206; x_wconf 90' lang='lat' dir='ltr'>naturas</span> <span class='ocrx_word' id='word_1_87' title='bbox 865 1162 965 1205; x_wconf 92' lang='lat' dir='ltr'>omues</span> <span class='ocrx_word' id='word_1_88' title='bbox 976 1138 1170 1223; x_wconf 69' lang='lat' dir='ltr'>perquireret?</span> 
     </span>
     <span class='ocr_line' id='line_1_12' title="bbox 146 1224 1169 1305; baseline -0.008 -15"><span class='ocrx_word' id='word_1_89' title='bbox 146 1300 153 1305; x_wconf 28' lang='lat'><strong>¹</strong></span> <span class='ocrx_word' id='word_1_90' title='bbox 187 1229 248 1290; x_wconf 91' lang='lat' dir='ltr'>lllis</span> <span class='ocrx_word' id='word_1_91' title='bbox 263 1229 337 1289; x_wconf 89' lang='lat' dir='ltr'>haec</span> <span class='ocrx_word' id='word_1_92' title='bbox 352 1229 522 1288; x_wconf 80' lang='lat' dir='ltr'>invenienda</span> <span class='ocrx_word' id='word_1_93' title='bbox 543 1228 674 1303; x_wconf 86' lang='lat' dir='ltr'>luerunt,</span> <span class='ocrx_word' id='word_1_94' title='bbox 693 1228 777 1287; x_wconf 86' lang='lat' dir='ltr'>nobis</span> <span class='ocrx_word' id='word_1_95' title='bbox 795 1230 1002 1305; x_wconf 85' lang='lat' dir='ltr'>cognoscenda</span> <span class='ocrx_word' id='word_1_96' title='bbox 1022 1236 1105 1288; x_wconf 88' lang='lat' dir='ltr'>sunt.</span> <span class='ocrx_word' id='word_1_97' title='bbox 1131 1224 1169 1284; x_wconf 87' lang='lat' dir='ltr'>lut</span> 
     </span>
     <span class='ocr_line' id='line_1_13' title="bbox 187 1312 1170 1392; baseline -0.004 -19"><span class='ocrx_word' id='word_1_98' title='bbox 187 1330 240 1373; x_wconf 93' lang='lat' dir='ltr'>nos</span> <span class='ocrx_word' id='word_1_99' title='bbox 267 1313 523 1391; x_wconf 78' lang='lat' dir='ltr'>praeceptoribus,</span> <span class='ocrx_word' id='word_1_100' title='bbox 555 1321 599 1371; x_wconf 91' lang='lat' dir='ltr'>tot</span> <span class='ocrx_word' id='word_1_101' title='bbox 624 1312 767 1391; x_wconf 87' lang='lat' dir='ltr'>exemplis</span> <span class='ocrx_word' id='word_1_102' title='bbox 791 1313 923 1371; x_wconf 85' lang='lat' dir='ltr'>instruxit</span> <span class='ocrx_word' id='word_1_103' title='bbox 953 1315 1131 1392; x_wconf 86' lang='lat' dir='ltr'>antiquitas,</span> <span class='ocrx_word' id='word_1_104' title='bbox 1151 1314 1170 1363; x_wconf 88' lang='lat' dir='ltr'>nt</span> 
     </span>
     <span class='ocr_line' id='line_1_14' title="bbox 89 1396 1167 1475; baseline -0.006 -19"><span class='ocrx_word' id='word_1_105' title='bbox 89 1428 91 1435; x_wconf 62' lang='lat'>&lt;</span> <span class='ocrx_word' id='word_1_106' title='bbox 186 1399 279 1475; x_wconf 91' lang='lat' dir='ltr'>possit</span> <span class='ocrx_word' id='word_1_107' title='bbox 294 1397 392 1455; x_wconf 87' lang='lat' dir='ltr'>videri.</span> <span class='ocrx_word' id='word_1_108' title='bbox 402 1396 479 1456; x_wconf 89' lang='lat' dir='ltr'>nulla</span> <span class='ocrx_word' id='word_1_109' title='bbox 497 1405 576 1455; x_wconf 88' lang='lat' dir='ltr'>sorte</span> <span class='ocrx_word' id='word_1_110' title='bbox 591 1396 729 1455; x_wconf 88' lang='lat' dir='ltr'>nascendi</span> <span class='ocrx_word' id='word_1_111' title='bbox 745 1406 825 1456; x_wconf 88' lang='lat' dir='ltr'>aetas</span> <span class='ocrx_word' id='word_1_112' title='bbox 840 1396 955 1457; x_wconf 82' lang='lat' dir='ltr'>felicior</span> <span class='ocrx_word' id='word_1_113' title='bbox 970 1415 1062 1474; x_wconf 90' lang='lat' dir='ltr'>quam</span> <span class='ocrx_word' id='word_1_114' title='bbox 1078 1402 1167 1455; x_wconf 81' lang='lat' dir='ltr'>nostra</span> 
     </span>
    </p>

    <p class='ocr_par' dir='ltr' id='par_1_3' title="bbox 93 1478 1181 1979">
     <span class='ocr_line' id='line_1_15' title="bbox 93 1478 1168 1558; baseline -0.009 -17"><span class='ocrx_word' id='word_1_115' title='bbox 93 1510 96 1522; x_wconf 86' lang='lat'><strong>·</strong></span> <span class='ocrx_word' id='word_1_116' title='bbox 143 1483 233 1550; x_wconf 67' lang='lat' dir='ltr'>occul</span> <span class='ocrx_word' id='word_1_117' title='bbox 250 1480 400 1540; x_wconf 80' lang='lat' dir='ltr'>docendae</span> <span class='ocrx_word' id='word_1_118' title='bbox 416 1482 530 1558; x_wconf 88' lang='lat' dir='ltr'>priores</span> <span class='ocrx_word' id='word_1_119' title='bbox 545 1479 739 1539; x_wconf 86' lang='lat' dir='ltr'>elaboramnt.</span> <span class='ocrx_word' id='word_1_120' title='bbox 769 1478 808 1539; x_wconf 87' lang='grc' dir='ltr'>Μ.</span> <span class='ocrx_word' id='word_1_121' title='bbox 825 1481 910 1558; x_wconf 88' lang='lat' dir='ltr'>igitur</span> <span class='ocrx_word' id='word_1_122' title='bbox 925 1478 997 1539; x_wconf 81' lang='lat' dir='ltr'>Cato</span> <span class='ocrx_word' id='word_1_123' title='bbox 1015 1482 1097 1540; x_wconf 89' lang='lat' dir='ltr'>idem</span> <span class='ocrx_word' id='word_1_124' title='bbox 1112 1492 1168 1535; x_wconf 92' lang='lat' dir='ltr'>sun·</span> 
     </span>
     <span class='ocr_line' id='line_1_16' title="bbox 185 1561 1165 1642; baseline -0.008 -18"><span class='ocrx_word' id='word_1_125' title='bbox 185 1582 247 1624; x_wconf 92' lang='lat' dir='ltr'>mus</span> <span class='ocrx_word' id='word_1_126' title='bbox 266 1565 437 1642; x_wconf 90' lang='lat' dir='ltr'>imperator,</span> <span class='ocrx_word' id='word_1_127' title='bbox 465 1563 541 1623; x_wconf 88' lang='lat' dir='ltr'>idem</span> <span class='ocrx_word' id='word_1_128' title='bbox 560 1565 695 1641; x_wconf 83' lang='lat' dir='ltr'>sapiens,</span> <span class='ocrx_word' id='word_1_129' title='bbox 717 1564 793 1624; x_wconf 87' lang='lat' dir='ltr'>idem</span> <span class='ocrx_word' id='word_1_130' title='bbox 814 1573 925 1638; x_wconf 85' lang='lat' dir='ltr'>orator,</span> <span class='ocrx_word' id='word_1_131' title='bbox 948 1564 1027 1623; x_wconf 93' lang='lat' dir='ltr'>idem</span> <span class='ocrx_word' id='word_1_132' title='bbox 1046 1561 1165 1623; x_wconf 83' lang='lat' dir='ltr'>historiae</span> 
     </span>
     <span class='ocr_line' id='line_1_17' title="bbox 187 1643 1165 1725; baseline -0.004 -17"><span class='ocrx_word' id='word_1_133' title='bbox 187 1648 329 1723; x_wconf 88' lang='lat' dir='ltr'>conditor,</span> <span class='ocrx_word' id='word_1_134' title='bbox 347 1648 423 1708; x_wconf 90' lang='lat' dir='ltr'>idem</span> <span class='ocrx_word' id='word_1_135' title='bbox 434 1649 513 1722; x_wconf 88' lang='lat' dir='ltr'>iuris,</span> <span class='ocrx_word' id='word_1_136' title='bbox 531 1648 607 1708; x_wconf 93' lang='lat' dir='ltr'>idem</span> <span class='ocrx_word' id='word_1_137' title='bbox 619 1665 714 1707; x_wconf 90' lang='lat' dir='ltr'>rerum</span> <span class='ocrx_word' id='word_1_138' title='bbox 724 1648 894 1707; x_wconf 89' lang='lat' dir='ltr'>rusticamm</span> <span class='ocrx_word' id='word_1_139' title='bbox 904 1649 1100 1725; x_wconf 90' lang='lat' dir='ltr'>peritissimus</span> <span class='ocrx_word' id='word_1_140' title='bbox 1115 1643 1165 1704; x_wconf 72' lang='lat' dir='ltr'>luitt</span> 
     </span>
     <span class='ocr_line' id='line_1_18' title="bbox 185 1730 1164 1810; baseline -0.009 -19"><span class='ocrx_word' id='word_1_141' title='bbox 185 1734 260 1792; x_wconf 90' lang='lat' dir='ltr'>inter</span> <span class='ocrx_word' id='word_1_142' title='bbox 274 1740 317 1791; x_wconf 91' lang='lat' dir='ltr'>tot</span> <span class='ocrx_word' id='word_1_143' title='bbox 334 1748 440 1810; x_wconf 90' lang='lat' dir='ltr'>operas</span> <span class='ocrx_word' id='word_1_144' title='bbox 455 1731 587 1805; x_wconf 91' lang='lat' dir='ltr'>militiae,</span> <span class='ocrx_word' id='word_1_145' title='bbox 604 1740 695 1791; x_wconf 89' lang='lat' dir='ltr'>tantas</span> <span class='ocrx_word' id='word_1_146' title='bbox 710 1730 785 1790; x_wconf 87' lang='lat' dir='ltr'>domi</span> <span class='ocrx_word' id='word_1_147' title='bbox 800 1732 1020 1807; x_wconf 80' lang='lat' dir='ltr'>contentiones,</span> <span class='ocrx_word' id='word_1_148' title='bbox 1039 1730 1106 1791; x_wconf 90' lang='lat' dir='ltr'>rudi</span> <span class='ocrx_word' id='word_1_149' title='bbox 1118 1741 1164 1785; x_wconf 85' lang='lat' dir='ltr'>sae</span> 
     </span>
     <span class='ocr_line' id='line_1_19' title="bbox 186 1814 1163 1891; baseline -0.01 -14"><span class='ocrx_word' id='word_1_150' title='bbox 186 1815 269 1891; x_wconf 92' lang='lat' dir='ltr'>culo,</span> <span class='ocrx_word' id='word_1_151' title='bbox 292 1815 404 1875; x_wconf 85' lang='lat' dir='ltr'>litteras</span> <span class='ocrx_word' id='word_1_152' title='bbox 425 1814 552 1875; x_wconf 83' lang='lat' dir='ltr'>Graecas</span> <span class='ocrx_word' id='word_1_153' title='bbox 573 1823 669 1874; x_wconf 90' lang='lat' dir='ltr'>aetate</span> <span class='ocrx_word' id='word_1_154' title='bbox 690 1816 745 1874; x_wconf 89' lang='lat' dir='ltr'>iam</span> <span class='ocrx_word' id='word_1_155' title='bbox 760 1815 903 1875; x_wconf 88' lang='lat' dir='ltr'>declinata</span> <span class='ocrx_word' id='word_1_156' title='bbox 917 1815 1033 1890; x_wconf 87' lang='lat' dir='ltr'>didicit,</span> <span class='ocrx_word' id='word_1_157' title='bbox 1059 1824 1090 1874; x_wconf 92' lang='lat' dir='ltr'>ut</span> <span class='ocrx_word' id='word_1_158' title='bbox 1105 1815 1163 1871; x_wconf 88' lang='lat' dir='ltr'>esset</span> 
     </span>
     <span class='ocr_line' id='line_1_20' title="bbox 186 1898 1181 1979; baseline -0.013 -19"><span class='ocrx_word' id='word_1_159' title='bbox 186 1898 346 1960; x_wconf 90' lang='lat' dir='ltr'>hominibus</span> <span class='ocrx_word' id='word_1_160' title='bbox 365 1899 547 1976; x_wconf 84' lang='lat' dir='ltr'>documento,</span> <span class='ocrx_word' id='word_1_161' title='bbox 563 1916 597 1958; x_wconf 89' lang='lat' dir='ltr'>ea</span> <span class='ocrx_word' id='word_1_162' title='bbox 616 1915 732 1978; x_wconf 90' lang='lat' dir='ltr'>quoque</span> <span class='ocrx_word' id='word_1_163' title='bbox 747 1900 861 1977; x_wconf 85' lang='lat' dir='ltr'>percipi</span> <span class='ocrx_word' id='word_1_164' title='bbox 875 1916 981 1979; x_wconf 84' lang='lat' dir='ltr'>posse,</span> <span class='ocrx_word' id='word_1_165' title='bbox 1000 1917 1082 1978; x_wconf 88' lang='lat' dir='ltr'>quae</span> <span class='ocrx_word' id='word_1_166' title='bbox 1097 1907 1163 1955; x_wconf 85' lang='lat' dir='ltr'>senes</span> <span class='ocrx_word' id='word_1_167' title='bbox 1180 1958 1181 1976; x_wconf 24' lang='lat'>3</span> 
     </span>
    </p>

    <p class='ocr_par' dir='ltr' id='par_1_4' title="bbox 143 1973 1181 2481">
     <span class='ocr_line' id='line_1_21' title="bbox 143 1973 1160 2062; baseline -0.01 -16"><span class='ocrx_word' id='word_1_168' title='bbox 143 1986 402 2062; x_wconf 74' lang='lat' dir='ltr'>asconcnpissent.</span> <span class='ocrx_word' id='word_1_169' title='bbox 440 1982 530 2057; x_wconf 84' lang='lat' dir='ltr'>Quam</span> <span class='ocrx_word' id='word_1_170' title='bbox 547 1983 651 2057; x_wconf 91' lang='lat' dir='ltr'>multa,</span> <span class='ocrx_word' id='word_1_171' title='bbox 674 2001 767 2061; x_wconf 89' lang='lat' dir='ltr'>paene</span> <span class='ocrx_word' id='word_1_172' title='bbox 795 1985 904 2059; x_wconf 90' lang='lat' dir='ltr'>omnia,</span> <span class='ocrx_word' id='word_1_173' title='bbox 933 1985 1053 2044; x_wconf 90' lang='lat' dir='ltr'>tradidit</span> <span class='ocrx_word' id='word_1_174' title='bbox 1073 1973 1160 2040; x_wconf 88' lang='lat' dir='ltr'>Varro!</span> 
     </span>
     <span class='ocr_line' id='line_1_22' title="bbox 187 2053 1181 2148; baseline -0.006 -21"><span class='ocrx_word' id='word_1_175' title='bbox 187 2068 272 2148; x_wconf 85' lang='lat' dir='ltr'>Quod</span> <span class='ocrx_word' id='word_1_176' title='bbox 295 2068 509 2127; x_wconf 89' lang='lat' dir='ltr'>instrumentum</span> <span class='ocrx_word' id='word_1_177' title='bbox 531 2065 645 2126; x_wconf 89' lang='lat' dir='ltr'>dicendi</span> <span class='ocrx_word' id='word_1_178' title='bbox 662 2066 700 2126; x_wconf 87' lang='lat' dir='ltr'>bl.</span> <span class='ocrx_word' id='word_1_179' title='bbox 717 2067 812 2126; x_wconf 82' lang='lat' dir='ltr'>Tullio</span> <span class='ocrx_word' id='word_1_180' title='bbox 830 2065 942 2128; x_wconf 73' lang='lat' dir='ltr'>deluit?</span> <span class='ocrx_word' id='word_1_181' title='bbox 979 2066 1058 2141; x_wconf 83' lang='lat' dir='ltr'>Quid</span> <span class='ocrx_word' id='word_1_182' title='bbox 1081 2053 1181 2143; x_wconf 51' lang='lat' dir='ltr'>plum?¹</span> 
     </span>
     <span class='ocr_line' id='line_1_23' title="bbox 187 2147 1158 2229; baseline -0.004 -18"><span class='ocrx_word' id='word_1_183' title='bbox 187 2170 250 2212; x_wconf 93' lang='lat' dir='ltr'>cum</span> <span class='ocrx_word' id='word_1_184' title='bbox 274 2152 359 2210; x_wconf 87' lang='lat' dir='ltr'>etiam</span> <span class='ocrx_word' id='word_1_185' title='bbox 375 2148 527 2210; x_wconf 83' lang='lat' dir='ltr'>Cornelius</span> <span class='ocrx_word' id='word_1_186' title='bbox 544 2147 666 2227; x_wconf 84' lang='lat' dir='ltr'>Celsus,</span> <span class='ocrx_word' id='word_1_187' title='bbox 689 2151 829 2210; x_wconf 89' lang='lat' dir='ltr'>mediocri</span> <span class='ocrx_word' id='word_1_188' title='bbox 849 2154 894 2211; x_wconf 83' lang='lat' dir='ltr'>vir</span> <span class='ocrx_word' id='word_1_189' title='bbox 907 2153 1037 2229; x_wconf 87' lang='lat' dir='ltr'>ingenio,</span> <span class='ocrx_word' id='word_1_190' title='bbox 1062 2158 1158 2209; x_wconf 70' lang='lat' dir='ltr'>noum</span> 
     </span>
     <span class='ocr_line' id='line_1_24' title="bbox 186 2225 1181 2314; baseline -0.008 -20"><span class='ocrx_word' id='word_1_191' title='bbox 186 2236 243 2294; x_wconf 93' lang='lat' dir='ltr'>lum</span> <span class='ocrx_word' id='word_1_192' title='bbox 259 2234 295 2295; x_wconf 91' lang='lat' dir='ltr'>de</span> <span class='ocrx_word' id='word_1_193' title='bbox 311 2235 355 2294; x_wconf 91' lang='lat' dir='ltr'>his</span> <span class='ocrx_word' id='word_1_194' title='bbox 373 2231 503 2294; x_wconf 87' lang='lat' dir='ltr'>omnihus</span> <span class='ocrx_word' id='word_1_195' title='bbox 519 2235 724 2313; x_wconf 87' lang='lat' dir='ltr'>conscripserit</span> <span class='ocrx_word' id='word_1_196' title='bbox 739 2234 847 2295; x_wconf 87' lang='lat' dir='ltr'>artibus</span> <span class='ocrx_word' id='word_1_197' title='bbox 862 2234 914 2295; x_wconf 90' lang='lat' dir='ltr'>sed</span> <span class='ocrx_word' id='word_1_198' title='bbox 934 2234 1060 2314; x_wconf 90' lang='lat' dir='ltr'>amplius</span> <span class='ocrx_word' id='word_1_199' title='bbox 1074 2232 1115 2293; x_wconf 89' lang='lat' dir='ltr'>rei</span> <span class='ocrx_word' id='word_1_200' title='bbox 1126 2225 1159 2286; x_wconf 84' lang='lat' dir='ltr'>ni·</span> <span class='ocrx_word' id='word_1_201' title='bbox 1180 2245 1181 2298; x_wconf 68' lang='lat' dir='ltr'>l</span> 
     </span>
     <span class='ocr_line' id='line_1_25' title="bbox 186 2317 1181 2398; baseline 0.001 -19"><span class='ocrx_word' id='word_1_202' title='bbox 186 2320 277 2379; x_wconf 88' lang='lat' dir='ltr'>litaris</span> <span class='ocrx_word' id='word_1_203' title='bbox 296 2327 325 2377; x_wconf 91' lang='lat' dir='ltr'>et</span> <span class='ocrx_word' id='word_1_204' title='bbox 340 2319 465 2380; x_wconf 87' lang='lat' dir='ltr'>rusticae</span> <span class='ocrx_word' id='word_1_205' title='bbox 481 2326 510 2377; x_wconf 91' lang='lat' dir='ltr'>et</span> <span class='ocrx_word' id='word_1_206' title='bbox 531 2317 690 2383; x_wconf 86' lang='lat' dir='ltr'>medicinae</span> <span class='ocrx_word' id='word_1_207' title='bbox 705 2327 864 2396; x_wconf 90' lang='lat' dir='ltr'>praecepta</span> <span class='ocrx_word' id='word_1_208' title='bbox 885 2319 1055 2398; x_wconf 89' lang='lat' dir='ltr'>reliquerit,</span> <span class='ocrx_word' id='word_1_209' title='bbox 1079 2317 1158 2391; x_wconf 68' lang='lat' dir='ltr'>dignit</span> <span class='ocrx_word' id='word_1_210' title='bbox 1180 2369 1181 2380; x_wconf 67' lang='grc'>,</span> 
     </span>
     <span class='ocr_line' id='line_1_26' title="bbox 187 2402 1089 2481; baseline -0.003 -18"><span class='ocrx_word' id='word_1_211' title='bbox 187 2404 236 2463; x_wconf 85' lang='lat' dir='ltr'>vel</span> <span class='ocrx_word' id='word_1_212' title='bbox 250 2405 315 2481; x_wconf 90' lang='lat' dir='ltr'>ipso</span> <span class='ocrx_word' id='word_1_213' title='bbox 330 2403 498 2480; x_wconf 90' lang='lat' dir='ltr'>proposito,</span> <span class='ocrx_word' id='word_1_214' title='bbox 515 2411 545 2460; x_wconf 89' lang='lat' dir='ltr'>ut</span> <span class='ocrx_word' id='word_1_215' title='bbox 563 2419 627 2461; x_wconf 89' lang='lat' dir='ltr'>eum</span> <span class='ocrx_word' id='word_1_216' title='bbox 642 2402 735 2461; x_wconf 90' lang='lat' dir='ltr'>scisse</span> <span class='ocrx_word' id='word_1_217' title='bbox 752 2404 844 2462; x_wconf 91' lang='lat' dir='ltr'>omnia</span> <span class='ocrx_word' id='word_1_218' title='bbox 861 2403 911 2465; x_wconf 84' lang='lat' dir='ltr'>illa</span> <span class='ocrx_word' id='word_1_219' title='bbox 926 2403 1089 2462; x_wconf 87' lang='lat' dir='ltr'>credamus.</span> 
     </span>
    </p>

    <p class='ocr_par' dir='ltr' id='par_1_5' title="bbox 145 2477 1157 2816">
     <span class='ocr_line' id='line_1_27' title="bbox 145 2477 1156 2566; baseline -0.007 -22"><span class='ocrx_word' id='word_1_220' title='bbox 145 2498 179 2552; x_wconf 77' lang='lat'>25</span> <span class='ocrx_word' id='word_1_221' title='bbox 270 2485 309 2544; x_wconf 85' lang='lat' dir='ltr'>At</span> <span class='ocrx_word' id='word_1_222' title='bbox 334 2485 477 2563; x_wconf 86' lang='lat' dir='ltr'>perlicere</span> <span class='ocrx_word' id='word_1_223' title='bbox 502 2494 607 2544; x_wconf 90' lang='lat' dir='ltr'>tautum</span> <span class='ocrx_word' id='word_1_224' title='bbox 629 2503 702 2564; x_wconf 88' lang='lat' dir='ltr'>opus</span> <span class='ocrx_word' id='word_1_225' title='bbox 724 2486 857 2561; x_wconf 92' lang='lat' dir='ltr'>arduum,</span> <span class='ocrx_word' id='word_1_226' title='bbox 885 2496 914 2546; x_wconf 90' lang='lat' dir='ltr'>et</span> <span class='ocrx_word' id='word_1_227' title='bbox 937 2503 1020 2546; x_wconf 90' lang='lat' dir='ltr'>nemo</span> <span class='ocrx_word' id='word_1_228' title='bbox 1046 2477 1156 2566; x_wconf 83' lang='lat' dir='ltr'>perfecit·</span> 
     </span>
     <span class='ocr_line' id='line_1_28' title="bbox 188 2556 1157 2649; baseline -0.008 -19"><span class='ocrx_word' id='word_1_229' title='bbox 188 2571 265 2630; x_wconf 86' lang='lat' dir='ltr'>Ante</span> <span class='ocrx_word' id='word_1_230' title='bbox 289 2569 381 2628; x_wconf 89' lang='lat' dir='ltr'>omnia</span> <span class='ocrx_word' id='word_1_231' title='bbox 404 2568 508 2628; x_wconf 84' lang='lat' dir='ltr'>sufficit</span> <span class='ocrx_word' id='word_1_232' title='bbox 526 2569 562 2628; x_wconf 89' lang='lat' dir='ltr'>ad</span> <span class='ocrx_word' id='word_1_233' title='bbox 585 2569 814 2628; x_wconf 86' lang='lat' dir='ltr'>exhortationem</span> <span class='ocrx_word' id='word_1_234' title='bbox 835 2571 1008 2646; x_wconf 86' lang='lat' dir='ltr'>studiorum,</span> <span class='ocrx_word' id='word_1_235' title='bbox 1029 2582 1130 2649; x_wconf 88' lang='lat' dir='ltr'>capere</span> <span class='ocrx_word' id='word_1_236' title='bbox 1140 2556 1157 2617; x_wconf 77' lang='lat' dir='ltr'>il</span> 
     </span>
     <span class='ocr_line' id='line_1_29' title="bbox 188 2643 1157 2731; baseline -0.006 -16"><span class='ocrx_word' id='word_1_237' title='bbox 188 2671 283 2715; x_wconf 89' lang='lat' dir='ltr'>rerum</span> <span class='ocrx_word' id='word_1_238' title='bbox 298 2662 439 2727; x_wconf 86' lang='lat' dir='ltr'>naturam,</span> <span class='ocrx_word' id='word_1_239' title='bbox 460 2669 533 2727; x_wconf 90' lang='lat' dir='ltr'>nec,</span> <span class='ocrx_word' id='word_1_240' title='bbox 556 2653 694 2731; x_wconf 89' lang='lat' dir='ltr'>quidquid</span> <span class='ocrx_word' id='word_1_241' title='bbox 711 2670 769 2713; x_wconf 90' lang='lat' dir='ltr'>nou</span> <span class='ocrx_word' id='word_1_242' title='bbox 784 2654 964 2730; x_wconf 83' lang='lat' dir='ltr'>estfactum,</span> <span class='ocrx_word' id='word_1_243' title='bbox 985 2672 1021 2713; x_wconf 90' lang='lat' dir='ltr'>ne</span> <span class='ocrx_word' id='word_1_244' title='bbox 1041 2651 1102 2714; x_wconf 87' lang='lat' dir='ltr'>lieri</span> <span class='ocrx_word' id='word_1_245' title='bbox 1116 2643 1157 2725; x_wconf 70' lang='lat' dir='ltr'>qui·</span> 
     </span>
     <span class='ocr_line' id='line_1_30' title="bbox 188 2730 1156 2816; baseline -0.003 -17"><span class='ocrx_word' id='word_1_246' title='bbox 188 2740 254 2799; x_wconf 89' lang='lat' dir='ltr'>dem</span> <span class='ocrx_word' id='word_1_247' title='bbox 269 2754 371 2816; x_wconf 90' lang='lat' dir='ltr'>posse;</span> <span class='ocrx_word' id='word_1_248' title='bbox 399 2745 457 2796; x_wconf 89' lang='lat' dir='ltr'>tum</span> <span class='ocrx_word' id='word_1_249' title='bbox 472 2737 581 2811; x_wconf 87' lang='lat' dir='ltr'>omnin,</span> <span class='ocrx_word' id='word_1_250' title='bbox 600 2754 675 2814; x_wconf 86' lang='lat' dir='ltr'>quae</span> <span class='ocrx_word' id='word_1_251' title='bbox 691 2755 794 2814; x_wconf 88' lang='lat' dir='ltr'>magua</span> <span class='ocrx_word' id='word_1_252' title='bbox 812 2747 875 2806; x_wconf 88' lang='lat' dir='ltr'>sunt</span> <span class='ocrx_word' id='word_1_253' title='bbox 890 2747 976 2816; x_wconf 90' lang='lat' dir='ltr'>atque</span> <span class='ocrx_word' id='word_1_254' title='bbox 991 2730 1156 2797; x_wconf 79' lang='lat' dir='ltr'>admirabilia</span> 
     </span>
    </p>

    <p class='ocr_par' dir='ltr' id='par_1_6' title="bbox 146 2816 1181 3334">
     <span class='ocr_line' id='line_1_31' title="bbox 146 2816 1158 2900; baseline -0.006 -18"><span class='ocrx_word' id='word_1_255' title='bbox 146 2834 301 2900; x_wconf 62' lang='lat' dir='ltr'>setempus</span> <span class='ocrx_word' id='word_1_256' title='bbox 324 2819 520 2900; x_wconf 87' lang='lat' dir='ltr'>aliquodque</span> <span class='ocrx_word' id='word_1_257' title='bbox 544 2821 664 2898; x_wconf 87' lang='lat' dir='ltr'>primum</span> <span class='ocrx_word' id='word_1_258' title='bbox 683 2821 869 2880; x_wconf 81' lang='lat' dir='ltr'>efficerentur</span> <span class='ocrx_word' id='word_1_259' title='bbox 889 2821 1034 2881; x_wconf 89' lang='lat' dir='ltr'>habuisse.</span> <span class='ocrx_word' id='word_1_260' title='bbox 1066 2816 1158 2880; x_wconf 74' lang='lat' dir='ltr'>Namtl</span> 
     </span>
     <span class='ocr_line' id='line_1_32' title="bbox 189 2899 1156 2987; baseline 0 -22"><span class='ocrx_word' id='word_1_261' title='bbox 189 2908 288 2987; x_wconf 89' lang='lat' dir='ltr'>poesis</span> <span class='ocrx_word' id='word_1_262' title='bbox 309 2905 345 2965; x_wconf 91' lang='lat' dir='ltr'>ab</span> <span class='ocrx_word' id='word_1_263' title='bbox 365 2904 491 2963; x_wconf 88' lang='lat' dir='ltr'>Homero</span> <span class='ocrx_word' id='word_1_264' title='bbox 519 2913 548 2964; x_wconf 91' lang='lat' dir='ltr'>et</span> <span class='ocrx_word' id='word_1_265' title='bbox 562 2903 693 2982; x_wconf 88' lang='lat' dir='ltr'>Vergilio</span> <span class='ocrx_word' id='word_1_266' title='bbox 715 2914 822 2964; x_wconf 90' lang='lat' dir='ltr'>tantum</span> <span class='ocrx_word' id='word_1_267' title='bbox 847 2906 990 2982; x_wconf 77' lang='lat' dir='ltr'>fastigium</span> <span class='ocrx_word' id='word_1_268' title='bbox 1013 2902 1122 2981; x_wconf 68' lang='lat' dir='ltr'>accepti</span> <span class='ocrx_word' id='word_1_269' title='bbox 1137 2899 1156 2951; x_wconf 67' lang='lat' dir='ltr'>ll</span> 
     </span>
     <span class='ocr_line' id='line_1_33' title="bbox 189 2974 1156 3068; baseline -0.005 -18"><span class='ocrx_word' id='word_1_270' title='bbox 189 2991 354 3068; x_wconf 88' lang='lat' dir='ltr'>eloquentia</span> <span class='ocrx_word' id='word_1_271' title='bbox 370 3006 386 3049; x_wconf 94' lang='lat' dir='ltr'>a</span> <span class='ocrx_word' id='word_1_272' title='bbox 402 2988 597 3047; x_wconf 87' lang='lat' dir='ltr'>Demosthene</span> <span class='ocrx_word' id='word_1_273' title='bbox 613 2997 699 3067; x_wconf 89' lang='lat' dir='ltr'>atque</span> <span class='ocrx_word' id='word_1_274' title='bbox 716 2986 869 3049; x_wconf 83' lang='lat' dir='ltr'>Cicerone.</span> <span class='ocrx_word' id='word_1_275' title='bbox 894 2988 1026 3067; x_wconf 88' lang='lat' dir='ltr'>Denique</span> <span class='ocrx_word' id='word_1_276' title='bbox 1043 2974 1156 3068; x_wconf 79' lang='lat' dir='ltr'>quiduil</span> 
     </span>
     <span class='ocr_line' id='line_1_34' title="bbox 191 3072 1181 3152; baseline -0.003 -20"><span class='ocrx_word' id='word_1_277' title='bbox 191 3082 235 3132; x_wconf 92' lang='lat' dir='ltr'>est</span> <span class='ocrx_word' id='word_1_278' title='bbox 256 3075 406 3152; x_wconf 89' lang='lat' dir='ltr'>optimum,</span> <span class='ocrx_word' id='word_1_279' title='bbox 429 3081 494 3131; x_wconf 89' lang='lat' dir='ltr'>aute</span> <span class='ocrx_word' id='word_1_280' title='bbox 517 3089 574 3130; x_wconf 91' lang='lat' dir='ltr'>uun</span> <span class='ocrx_word' id='word_1_281' title='bbox 595 3072 699 3132; x_wconf 84' lang='lat' dir='ltr'>lueret.</span> <span class='ocrx_word' id='word_1_282' title='bbox 728 3072 835 3132; x_wconf 88' lang='lat' dir='ltr'>Vemm</span> <span class='ocrx_word' id='word_1_283' title='bbox 856 3075 967 3133; x_wconf 89' lang='lat' dir='ltr'>etiamsi</span> <span class='ocrx_word' id='word_1_284' title='bbox 989 3073 1053 3151; x_wconf 90' lang='lat' dir='ltr'>quis</span> <span class='ocrx_word' id='word_1_285' title='bbox 1073 3077 1155 3131; x_wconf 65' lang='lat' dir='ltr'>suunt</span> <span class='ocrx_word' id='word_1_286' title='bbox 1180 3101 1181 3104; x_wconf 34' lang='lat'>¹</span> 
     </span>
     <span class='ocr_line' id='line_1_35' title="bbox 190 3152 1153 3235; baseline -0.005 -18"><span class='ocrx_word' id='word_1_287' title='bbox 190 3157 343 3234; x_wconf 90' lang='lat' dir='ltr'>desperet:</span> <span class='ocrx_word' id='word_1_288' title='bbox 363 3155 455 3235; x_wconf 92' lang='lat' dir='ltr'>(quod</span> <span class='ocrx_word' id='word_1_289' title='bbox 472 3172 523 3215; x_wconf 90' lang='lat' dir='ltr'>eur</span> <span class='ocrx_word' id='word_1_290' title='bbox 537 3156 634 3229; x_wconf 85' lang='lat' dir='ltr'>iaciat,</span> <span class='ocrx_word' id='word_1_291' title='bbox 652 3158 696 3215; x_wconf 91' lang='lat' dir='ltr'>cni</span> <span class='ocrx_word' id='word_1_292' title='bbox 712 3158 866 3234; x_wconf 82' lang='lat' dir='ltr'>ingenium,</span> <span class='ocrx_word' id='word_1_293' title='bbox 882 3157 1027 3232; x_wconf 85' lang='lat' dir='ltr'>valetudo,</span> <span class='ocrx_word' id='word_1_294' title='bbox 1044 3152 1153 3216; x_wconf 65' lang='lat' dir='ltr'>tacetur.</span> 
     </span>
     <span class='ocr_line' id='line_1_36' title="bbox 189 3227 1154 3334; baseline -0.001 -35"><span class='ocrx_word' id='word_1_295' title='bbox 189 3249 401 3319; x_wconf 88' lang='lat' dir='ltr'>praeceptores</span> <span class='ocrx_word' id='word_1_296' title='bbox 422 3257 478 3334; x_wconf 72' lang='lat' dir='ltr'>opu</span> <span class='ocrx_word' id='word_1_297' title='bbox 498 3236 656 3319; x_wconf 74' lang='lat' dir='ltr'>deeruutl)</span> <span class='ocrx_word' id='word_1_298' title='bbox 678 3249 771 3299; x_wconf 87' lang='lat' dir='ltr'>tamen</span> <span class='ocrx_word' id='word_1_299' title='bbox 789 3250 849 3317; x_wconf 92' lang='lat' dir='ltr'>est,</span> <span class='ocrx_word' id='word_1_300' title='bbox 871 3250 901 3300; x_wconf 92' lang='lat' dir='ltr'>ut</span> <span class='ocrx_word' id='word_1_301' title='bbox 920 3238 1023 3299; x_wconf 81' lang='lat' dir='ltr'>Cicero</span> <span class='ocrx_word' id='word_1_302' title='bbox 1038 3241 1091 3312; x_wconf 90' lang='lat' dir='ltr'>ait,</span> <span class='ocrx_word' id='word_1_303' title='bbox 1110 3227 1154 3321; x_wconf 70' lang='lat' dir='ltr'>pulj</span> 
     </span>
    </p>

    <p class='ocr_par' dir='ltr' id='par_1_7' title="bbox 147 3323 1152 3571">
     <span class='ocr_line' id='line_1_37' title="bbox 147 3323 1152 3403; baseline -0.007 -15"><span class='ocrx_word' id='word_1_304' title='bbox 147 3323 288 3388; x_wconf 69' lang='lat' dir='ltr'>ilchrnm</span> <span class='ocrx_word' id='word_1_305' title='bbox 308 3327 340 3385; x_wconf 82' lang='lat' dir='ltr'>in</span> <span class='ocrx_word' id='word_1_306' title='bbox 362 3325 507 3386; x_wconf 81' lang='lat' dir='ltr'>secundis</span> <span class='ocrx_word' id='word_1_307' title='bbox 529 3325 684 3400; x_wconf 81' lang='lat' dir='ltr'>tertiisque</span> <span class='ocrx_word' id='word_1_308' title='bbox 701 3325 875 3386; x_wconf 64' lang='lat' dir='ltr'>considere.</span> <span class='ocrx_word' id='word_1_309' title='bbox 912 3324 1014 3403; x_wconf 89' lang='lat' dir='ltr'>Neque</span> <span class='ocrx_word' id='word_1_310' title='bbox 1036 3325 1118 3393; x_wconf 89' lang='lat' dir='ltr'>euin,</span> <span class='ocrx_word' id='word_1_311' title='bbox 1137 3327 1152 3369; x_wconf 75' lang='lat'>⁸¹</span> 
     </span>
     <span class='ocr_line' id='line_1_38' title="bbox 191 3402 1152 3488; baseline -0.006 -22"><span class='ocrx_word' id='word_1_312' title='bbox 191 3408 253 3485; x_wconf 90' lang='lat' dir='ltr'>quis</span> <span class='ocrx_word' id='word_1_313' title='bbox 271 3406 394 3467; x_wconf 86' lang='lat' dir='ltr'>Achillis</span> <span class='ocrx_word' id='word_1_314' title='bbox 415 3407 536 3482; x_wconf 90' lang='lat' dir='ltr'>gloriam</span> <span class='ocrx_word' id='word_1_315' title='bbox 560 3409 588 3466; x_wconf 90' lang='lat' dir='ltr'>iu</span> <span class='ocrx_word' id='word_1_316' title='bbox 608 3406 694 3466; x_wconf 92' lang='lat' dir='ltr'>rebus</span> <span class='ocrx_word' id='word_1_317' title='bbox 711 3406 825 3468; x_wconf 89' lang='lat' dir='ltr'>bellicis</span> <span class='ocrx_word' id='word_1_318' title='bbox 842 3410 981 3486; x_wconf 89' lang='lat' dir='ltr'>consequi</span> <span class='ocrx_word' id='word_1_319' title='bbox 997 3424 1054 3467; x_wconf 94' lang='lat' dir='ltr'>nou</span> <span class='ocrx_word' id='word_1_320' title='bbox 1068 3402 1152 3488; x_wconf 58' lang='lat' dir='ltr'>potest</span> 
     </span>
     <span class='ocr_line' id='line_1_39' title="bbox 190 3489 1150 3571; baseline -0.002 -21"><span class='ocrx_word' id='word_1_321' title='bbox 190 3492 288 3552; x_wconf 79' lang='lat' dir='ltr'>Aiacis</span> <span class='ocrx_word' id='word_1_322' title='bbox 310 3499 358 3551; x_wconf 90' lang='lat' dir='ltr'>aut</span> <span class='ocrx_word' id='word_1_323' title='bbox 375 3489 522 3550; x_wconf 89' lang='lat' dir='ltr'>Diomedis</span> <span class='ocrx_word' id='word_1_324' title='bbox 547 3490 660 3561; x_wconf 86' lang='lat' dir='ltr'>laudem</span> <span class='ocrx_word' id='word_1_325' title='bbox 681 3491 896 3570; x_wconf 89' lang='lat' dir='ltr'>aspernabitur,</span> <span class='ocrx_word' id='word_1_326' title='bbox 920 3510 974 3552; x_wconf 90' lang='lat' dir='ltr'>nee</span> <span class='ocrx_word' id='word_1_327' title='bbox 995 3493 1042 3571; x_wconf 90' lang='lat' dir='ltr'>qui</span> <span class='ocrx_word' id='word_1_328' title='bbox 1061 3489 1150 3551; x_wconf 80' lang='lat' dir='ltr'>cheu</span> 
     </span>
    </p>
   </div>
   <div class='ocr_carea' id='block_1_3' title="bbox 0 0 1222 3925">
    <p class='ocr_par' dir='ltr' id='par_1_8' title="bbox 0 0 1222 3925">
     <span class='ocr_line' id='line_1_40' title="bbox 0 0 1222 3925; baseline 0 4"><span class='ocrx_word' id='word_1_329' title='bbox 0 0 1222 3925; x_wconf 95' lang='lat' dir='ltr'> </span> 
     </span>
    </p>
   </div>
  </div>
 </body>
</html>
