2434 3925
342 198 431 247 nucu.
449 198 598 249 canrosa.
617 199 686 245 nne.
704 199 746 264 11,
762 196 788 249 a.
1046 187 1084 247 61

79 354 152 416 Non
169 352 322 413 austeritas
338 353 400 411 cius
417 353 518 428 tristis,
535 369 592 413 non
609 352 749 413 dissoluta
765 353 802 412 sit
820 354 950 428 comitas,
968 372 1006 414 nc
1020 354 1088 415 inde

79 440 183 499 odium
198 436 263 497 hinc
281 445 462 514 contemptus
484 438 602 498 oriatur.
641 437 781 497 Plurimus
803 439 831 496 ei
853 439 889 497 dc
910 438 1034 500 honesto
1052 458 1087 499 ac

78 525 163 584 bono
179 539 276 581 sermo
295 522 347 588 sit;
370 539 434 581 uam
456 538 523 599 quo,
537 524 656 600 saepius
673 523 832 597 monuerit,
857 522 914 582 hoc
929 525 1022 582 rarius
1039 542 1086 584 ca·

78 606 213 684 stigabit.
250 604 367 667 Minime
382 605 552 680 iracundus,
575 624 630 665 uec
645 615 740 665 tamen
756 622 872 681 eorum,
899 624 974 685 quae
990 626 1086 667 emen·

78 690 177 764 danda
194 697 286 765 erunt,
303 690 511 757 dissimulatum
528 690 653 767 simplex
667 692 695 748 in
710 689 859 756 docendo;
876 693 988 767 patiens
1005 692 1085 751 labo·

77 778 139 843 ris;
157 773 288 834 assiduus
304 775 400 851 potius
417 791 500 851 quarn
518 774 697 834 immodicus.
728 774 977 849 Interrogantibus
995 775 1115 835 liban-6

76 869 129 920 ter
157 856 352 936 respondeat,
380 875 437 916 non
464 859 678 936 interrogantes
705 867 893 937 percontetur
918 860 1006 919 ultro.
1055 860 1086 919 In

79 941 236 1004 laudandis
253 940 461 1020 discipulorum
476 942 651 1003 dictionibus
666 960 722 1002 nec
739 943 881 1019 malignus
898 962 954 1003 neo
966 944 1085 1019 effusus,

79 1028 150 1107 quia
165 1043 214 1085 res
230 1025 322 1085 altera
338 1026 463 1086 taedium
479 1026 602 1101 laboris,
620 1026 712 1087 altera
730 1028 915 1087 securitatem
930 1029 1014 1107 parit.
1055 1028 1115 1088 lni

81 1109 274 1185 emendando,
294 1128 369 1187 quae
386 1112 559 1188 corrigenda
578 1121 677 1187 crunt,
701 1128 758 1171 non
774 1111 898 1172 acerbus
914 1113 1085 1191 minimeque

82 1193 328 1259 contumeliosus:
352 1212 415 1253 uam
436 1195 463 1253 id
488 1197 601 1273 quidem
624 1196 730 1255 multos
752 1198 938 1274 aproposito
954 1196 1086 1257 studendi

81 1280 175 1356 fugat,
191 1279 270 1356 quod
286 1277 398 1356 quidam
413 1280 456 1338 sio
471 1279 625 1357 obiurgant
641 1281 722 1358 quasi
738 1280 861 1340 oderint.
896 1280 963 1359 lpse
979 1281 1114 1359 aliquid&

84 1365 170 1423 immo
194 1362 283 1422 multa
307 1363 415 1422 cotidie
436 1361 530 1438 dicat,
556 1381 632 1442 quae
654 1382 753 1424 secum
776 1364 924 1425 auditores
946 1367 1083 1425 referant.
1113 1389 1115 1401 ·

83 1447 166 1507 Licet
181 1447 258 1508 enim
274 1447 345 1505 satis
361 1446 561 1525 exemplorum
579 1447 615 1507 ad
630 1448 794 1509 imitandum
816 1467 854 1507 ex
875 1450 1002 1510 lectione
1018 1468 1085 1528 sup·

83 1533 212 1611 peditet,
229 1539 324 1590 tamen
340 1532 411 1591 cicc
424 1532 490 1607 ilio,
506 1541 537 1591 ut
551 1533 669 1608 dicitur,
692 1550 755 1594 ooo
771 1533 821 1592 alit
836 1533 953 1611 plenius
972 1536 1084 1612 praeci-

82 1632 200 1695 pueque
224 1616 285 1673 eius
307 1618 525 1693 praeceptoris,
555 1634 640 1695 quem
670 1617 819 1694 discipuli,
847 1617 979 1677 simodo
1003 1628 1085 1677 recte

84 1708 151 1759 sunt
167 1700 303 1773 instituti,
325 1707 354 1757 ct
375 1707 469 1758 amant
490 1708 518 1759 et
533 1697 679 1759 verentur.
720 1700 778 1758 Vix
794 1710 888 1759 autern
903 1700 960 1760 dici
973 1711 1084 1779 potest,

83 1792 191 1864 quamo
207 1781 341 1842 libentius
358 1784 500 1842 imitemur
515 1800 586 1859 eos,
603 1782 707 1862 quibus
724 1784 864 1843 favemus.
1155 1838 1160 1849 ,

168 1866 282 1926 Minime
297 1884 369 1926 vcro
386 1869 576 1945 permittenda
592 1869 708 1945 pueris,
732 1877 763 1926 ut
778 1869 808 1926 srt
823 1868 898 1947 apud
914 1869 1113 1947 plerosque,9

82 1950 256 2028 assurgendi
272 1951 477 2030 exultandique
499 1952 527 2010 in
543 1952 685 2013 laudando
702 1951 833 2019 licentia:
857 1954 924 2031 quin
941 1954 1027 2013 etiarn
1043 1956 1084 2013 iu·

11 2076 15 2087 «
80 2055 188 2097 uenum
210 2036 351 2096 modicum
368 2054 450 2112 esse,
469 2054 532 2095 curn
548 2036 681 2111 audient,
698 2037 892 2096 testimonium
907 2037 1003 2097 debet.
1042 2037 1084 2098 lta

80 2123 153 2195 liet,
170 2129 200 2179 ut
215 2138 254 2180 ex
270 2119 376 2180 iudicio
394 2121 596 2198 praeceptoris
612 2121 772 2198 discipulus
790 2120 931 2200 pendeat,
953 2132 1040 2200 atque
1056 2123 1083 2181 id

79 2225 115 2267 se
132 2205 243 2265 dixisse
257 2213 356 2280 recte,
382 2203 459 2282 quod
474 2204 510 2264 ab
526 2222 563 2264 eo
579 2204 763 2282 probabitur,
791 2205 901 2265 credat.
939 2205 993 2266 llla
1012 2224 1085 2266 vcro
1094 2211 1127 2263 10

78 2289 286 2363 vitiosissima,
309 2305 383 2366 quae
404 2291 460 2349 iam
482 2290 658 2351 humanitas
677 2298 814 2365 vocatur,
837 2291 960 2349 invicem
977 2292 1084 2369 qualia·

81 2390 200 2450 cunque
221 2372 370 2448 laudandi,
395 2391 459 2433 cum
482 2381 528 2432 est
550 2370 688 2434 'mdccora
710 2383 740 2432 et
761 2374 910 2434 theatralis
932 2384 961 2434 et
979 2392 1084 2435 severe

81 2457 220 2518 institutis
234 2455 344 2515 scholis
360 2457 463 2532 aliena,
480 2466 539 2517 tum
554 2459 711 2518 studiorum
723 2459 968 2536 perniciosissima
981 2459 1082 2519 hostis.
1139 2460 1140 2463 ’

82 2544 273 2621 Supervacua
288 2542 362 2600 enlm
382 2542 514 2601 videntur
536 2560 605 2602 cura
628 2560 664 2601 ac
686 2542 784 2617 labor,
807 2553 925 2620 parata,
948 2544 1083 2622 quidquid

84 2624 257 2700 effuderint,
284 2625 379 2685 laude.
423 2624 539 2685 Vultum
562 2626 651 2703 igitur
670 2628 872 2705 praeceptoris
893 2628 997 2687 intueri
1017 2633 1125 2703 tam,tl

85 2711 133 2789 qui
151 2708 282 2784 audiunt,
300 2709 423 2786 dehent,
440 2728 524 2789 quam
540 2710 603 2788 ipse
622 2711 670 2789 qui
686 2710 768 2778 dioit;
789 2712 828 2770 ita
846 2712 921 2771 enim
936 2711 1083 2788 probanda

85 2804 173 2871 atque
195 2793 381 2871 improbanda
403 2794 582 2862 discernent;
611 2796 655 2853 sic
685 2795 753 2854 stilo
777 2794 902 2855 facultas
924 2797 1082 2873 continget,

84 2877 234 2938 auditione
248 2878 392 2938 ludiciurn.
425 2877 463 2937 At
480 2895 554 2937 nunc
570 2880 654 2957 proni
670 2887 756 2956 atque
767 2880 908 2938 succincti
924 2878 960 2938 ad
971 2883 1125 2939 omnemlt

84 2961 243 3021 clausulam
259 2978 315 3020 non
332 2971 474 3038 exurgunt
489 2963 573 3021 modo
591 2965 789 3022 verumetiam
801 2971 958 3022 excurrunt
975 2972 1084 3024 etcum

82 3045 223 3105 indecora
240 3046 417 3106 exultatione
436 3047 626 3107 conclamant.
665 3047 697 3107 ld
717 3056 842 3106 mutuum
863 3057 908 3106 est
929 3056 959 3107 et
979 3048 1018 3107 ihi
1034 3048 1085 3107 de·

84 3129 266 3190 clamatiouis
284 3130 408 3190 fortuna.
439 3128 511 3190 Hinc
526 3140 620 3191 tumor
632 3141 665 3191 ct
681 3148 755 3190 vana
770 3131 807 3190 de
824 3149 857 3189 se
872 3134 1024 3209 persuasio
1036 3151 1083 3191 us·

82 3232 143 3292 que
160 3213 250 3289 adeo,
273 3223 304 3273 ut
325 3214 377 3274 illo
394 3215 658 3294 condiscipulorum
678 3215 798 3275 tumultu
815 3215 920 3291 induti,
942 3218 967 3274 si
985 3235 1101 3295 parum⁴

82 3317 100 3358 a
117 3307 313 3377 praeceptore
329 3299 495 3374 laudentur,
519 3300 574 3378 ipsi
595 3301 632 3359 de
648 3300 700 3359 illo
715 3298 791 3359 male
808 3301 941 3360 sentiant.
976 3301 1035 3361 Sed
1051 3318 1084 3358 se
1095 3304 1126 3357 13

82 3397 203 3460 quoque
220 3393 431 3462 praeceptores
458 3384 566 3442 intente
587 3402 622 3443 ac
643 3384 775 3443 modeste
791 3383 881 3443 audiri
896 3384 1002 3452 velint:
1018 3398 1084 3463 non

83 3467 161 3526 enim
177 3467 282 3526 iudicio
304 3466 510 3545 discipulorum
533 3467 633 3527 dicere
655 3467 743 3527 debet
765 3470 905 3544 magister
923 3468 978 3528 scd
998 3467 1085 3528 disci·
