2434 3925
342 203 672 255 musmonsronuss.
686 167 807 273 u11‚10.
1023 197 1063 268 41

67 358 109 421 de
130 356 221 438 prima
246 359 414 435 quaestione
443 358 606 419 dicendum:
632 360 757 438 passim,
788 368 817 420 et
838 370 868 421 ut
890 362 1015 441 quidque
1036 365 1065 426 in

66 452 197 504 mentem
210 443 322 516 veniet,
338 443 499 516 miscuerit,
516 459 573 501 non
587 445 706 521 primunr
720 445 748 502 in
763 462 798 504 ea
812 445 911 504 scierit
925 464 992 506 esse
1007 457 1063 508 tra-

68 526 220 600 ctandum,
235 524 341 584 Verbis
354 524 449 602 legum
460 526 588 585 standum
601 529 637 585 sit
652 545 686 585 an
697 527 859 596 voluntate;
879 528 961 589 huius
974 532 1092 609 ipsius?

68 610 232 690 particulae
247 608 362 685 aliquod
376 607 483 667 initium
497 610 617 686 iecerit,
635 609 737 670 deinde
750 613 879 689 proxima
890 612 1064 674 subnectens

68 694 210 763 struxerit
227 694 401 766 orationem,
423 701 454 751 ut
470 711 537 771 pars
554 693 675 753 bominis
696 703 744 753 est
756 712 872 770 manus,
894 698 955 756 eius
971 697 1062 774 digiti,

68 777 187 837 illorum
216 793 331 854 quoque
357 775 478 835 articuli.
519 776 583 836 Hoc
607 786 668 852 est,
696 778 773 856 quod
799 780 924 857 scriptor
948 779 1064 839 demon·

68 869 165 921 strare
184 876 241 919 non
262 862 368 936 possit,
392 861 446 919 nisi
462 869 542 920 certa
563 861 735 940 definitaque
750 864 877 922 materia.
916 863 975 923 Sed
994 861 1092 941 quid8

68 963 129 1004 una
149 943 237 1004 laciet
258 952 306 1003 aut
326 943 434 1019 altera,
454 946 521 1021 quin
541 946 626 1004 immo
648 955 761 1005 centum
782 964 816 1006 ac
830 946 909 1006 mille
929 950 958 1006 in
973 965 1005 1005 re
1023 949 1063 1006 in·

69 1024 172 1087 finita?
213 1026 414 1104 Praeceptoris
436 1036 495 1103 est,
520 1029 548 1089 in
568 1028 626 1087 alio
649 1038 735 1107 atque
752 1030 809 1089 alio
827 1048 937 1107 genere
958 1030 1064 1090 cotidie

69 1109 244 1185 ostendere,
267 1112 330 1188 quis
346 1109 417 1169 ordo
433 1112 469 1170 sit
488 1130 584 1172 rerum
598 1121 628 1170 et
642 1130 715 1190 quae
731 1113 893 1190 copulatio,
916 1122 946 1173 ut
965 1113 1063 1192 paula·

3 1239 6 1242 -
69 1197 122 1255 tim
139 1193 187 1253 liat
204 1212 272 1252 usus
287 1203 316 1253 et
330 1194 365 1254 ad
380 1194 481 1254 similia
497 1198 641 1254 transitus.
676 1195 760 1258 Tradi
776 1198 849 1256 enim
865 1199 971 1272 omnia,
989 1214 1062 1274 quae

70 1297 121 1339 ars
143 1277 248 1348 elficit,
268 1296 326 1337 non
344 1286 474 1357 possunt.
522 1278 594 1339 Nam
614 1282 677 1356 quis
697 1281 792 1356 pictor
811 1283 920 1356 omnia,
943 1298 1016 1359 quae
1034 1281 1089 1341 in9

68 1380 168 1422 rerum
187 1370 287 1421 natura
306 1371 386 1438 sunt,
411 1361 578 1422 adumbrare
599 1359 717 1426 didicit?
743 1364 795 1423 sed
814 1374 954 1443 percepta
972 1364 1064 1429 semel

69 1445 196 1506 imitandi
212 1447 322 1505 ratione
344 1445 532 1521 assimulabit,
555 1447 691 1525 quidquid
709 1449 866 1525 acceperit.
916 1448 986 1521 Quis
1006 1464 1064 1507 non

69 1528 156 1592 faber
169 1528 317 1588 vasculum
333 1528 463 1606 aliquod,
481 1529 566 1607 quale
581 1548 721 1609 nunquam
735 1531 859 1606 viderat,
879 1528 969 1591 iecit?

157 1611 301 1685 Quaedam
312 1629 382 1671 vero
394 1629 451 1670 non
466 1613 628 1671 docentium
639 1622 703 1672 sunt
714 1613 767 1672 sed
779 1614 956 1676 discentium.
991 1613 1063 1674 Nam
1069 1624 1104 1676 10

70 1697 217 1770 medicus,
245 1695 311 1772 quid
331 1696 359 1754 in
379 1713 494 1774 quoque
514 1696 685 1759 valetudinis
705 1714 815 1773 genere
834 1697 995 1757 laciendum
1014 1699 1061 1771 sit,

74 1781 141 1860 quid
159 1778 318 1857 quibusque
340 1780 428 1855 signis
449 1779 672 1856 providendum,
697 1779 827 1847 docebit;
848 1782 904 1839 vim
923 1780 1063 1840 sentiendi

72 1864 173 1943 pulsus
196 1880 346 1937 venamm,
377 1861 484 1921 coloris
505 1864 624 1936 modos,
652 1864 767 1940 spiritus
791 1872 927 1937 meatum,
957 1863 1062 1922 caloris

71 1947 246 2022 distantiam,
263 1965 336 2024 quae
350 1964 401 2006 sua
414 1947 552 2024 cuiusque
564 1954 628 2006 sunt
643 1947 762 2022 ingenii,
780 1965 837 2006 non
848 1945 934 2007 dabit.
966 1946 1062 2020 Quare

72 2030 193 2110 plurima
213 2038 342 2108 petamus
364 2048 380 2089 a
396 2030 479 2088 nobis
498 2039 605 2090 etcum
627 2032 720 2090 causis
738 2030 929 2091 deliberemus
950 2033 1062 2108 cogite·

72 2132 209 2192 musque,
230 2112 358 2172 homines
379 2123 443 2173 ante
459 2115 603 2173 invenisse
620 2124 709 2174 artem
730 2132 812 2191 quam
830 2115 975 2174 docuisse.
1009 2113 1102 2174 Illall

73 2200 148 2257 enim
163 2198 361 2276 potentissima
377 2206 438 2273 est,
464 2216 596 2276 quaeque
611 2216 681 2257 vere
698 2198 800 2257 dicitur
816 2199 1004 2258 oeconomica
1019 2207 1062 2257 to·

72 2283 129 2342 tius
154 2298 258 2340 causae
279 2282 444 2358 dispositio,
463 2299 540 2359 quae
561 2281 741 2341 nullomodo
761 2283 895 2341 constitui
910 2283 963 2340 nisi
982 2282 1063 2341 velut

11 2424 19 2441 ,
62 2366 101 2429 in
123 2384 155 2423 re
183 2374 336 2441 praesente
363 2374 474 2442 potest:
500 2365 548 2425 ubi
569 2366 767 2426 assumendum
792 2367 983 2444 prooemium,
1014 2364 1062 2424 ubi

74 2448 271 2515 omittendum
296 2447 343 2507 ubi
359 2450 492 2508 utendum
508 2450 690 2527 expositione
705 2452 852 2524 continua,
875 2448 923 2508 ubi
938 2450 1060 2526 partita;

74 2531 121 2592 nbi
143 2531 178 2591 ab
197 2533 282 2590 initiis
304 2532 508 2609 incipiendum,
532 2532 580 2592 ubi
601 2549 681 2591 more
698 2533 851 2593 Homerico
867 2551 884 2591 e
899 2532 998 2591 mediis
1013 2531 1061 2590 vel

74 2616 194 2682 ultimis;
230 2614 278 2674 ubi
304 2617 415 2675 omnino
442 2633 498 2674 non
524 2617 736 2694 exponendum
769 2617 881 2695 quando
905 2634 921 2675 a
945 2615 1104 2690 austriali

75 2698 187 2778 quando
202 2698 237 2758 ab
254 2698 480 2759 adversariorum
491 2699 734 2779 propositionibus
749 2702 933 2778 incipiamus,
948 2699 1061 2775 quando

74 2801 91 2843 a
104 2783 269 2842 firmissimis
283 2782 516 2860 probationibus,
528 2783 640 2861 quando
652 2802 668 2842 a
680 2783 850 2850 levioribus;
868 2799 922 2859 qua
937 2781 964 2838 in
976 2797 1062 2839 causa

74 2867 295 2945 praeponendae
308 2865 461 2945 prooemiis
474 2870 668 2944 quaestiones,
683 2885 737 2944 qua
749 2866 967 2944 praeparatione
979 2881 1061 2941 prae·

73 2950 255 3017 muniendam
272 2950 338 3027 quid
350 2951 450 3010 iudicis
466 2952 572 3009 animus
587 2951 721 3028 accipere
733 2951 825 3027 possit
839 2948 930 3007 statim
946 2947 1060 3021 dictum,

76 3050 132 3111 quo
150 3032 284 3110 paulatim
304 3033 500 3097 deducendus:
527 3034 646 3110 singulis
669 3051 705 3093 an
724 3034 865 3092 universis
891 3030 1062 3107 opponenda

73 3116 221 3184 refutatio;
241 3118 414 3176 reservandi
428 3118 603 3194 perorationi
622 3135 657 3176 an
672 3134 726 3193 per
745 3125 833 3174 totam
851 3115 991 3173 actionem
1009 3112 1061 3172 dii·

73 3198 208 3260 fundendi
231 3200 367 3267 allectus;
394 3201 430 3259 de
452 3202 513 3259 iure
528 3203 605 3277 prius
626 3218 661 3259 an
682 3200 718 3258 de
739 3200 882 3276 aequitate
898 3197 1061 3263 dicendum

75 3291 205 3343 anteacta
226 3284 341 3343 erimina
363 3302 414 3359 an,
438 3285 473 3343 de
489 3283 590 3362 quibus
606 3282 737 3342 iudicium
753 3291 813 3358 est,
837 3284 914 3360 prius
935 3281 1061 3341 obiicere
1130 3348 1135 3352 ‚

73 3365 122 3425 vel
137 3366 247 3425 diluere
263 3369 428 3434 conveniat;
452 3368 476 3427 si
493 3366 666 3444 multiplices
683 3384 786 3425 causae
802 3375 900 3440 erunt,
916 3367 978 3442 quis
990 3363 1102 3424 ord013

75 3449 238 3527 faciendus,
268 3467 341 3529 quae
367 3451 527 3511 testimonia
547 3450 706 3513 ,tabulaeve
733 3450 870 3529 cuiusque
893 3449 1008 3527 generis
1032 3448 1061 3505 in
