2434 3925
157 190 216 254 118
473 203 833 265 ammomum

154 376 215 438 pao
233 360 376 435 coeptam
396 360 545 436 epredere
557 360 723 439 aliquando
739 377 780 420 ee
798 361 890 437 urbe,
910 370 1016 439 patent
1027 374 1159 444 portae,

111 443 360 521 toprofieiseere.
396 441 433 500 Et
448 444 475 502 in
487 443 608 502 eundern
619 443 676 502 alio
692 442 782 502 libro:
799 441 896 519 Attia,
912 450 1062 523 excessit,
1082 469 1157 510 era-

150 528 217 605 pit‚
234 528 338 586 evasa.
380 524 444 584 Hoc
459 523 587 586 Caecilio
601 518 781 603 πλεονασμὸς
792 527 923 601 videtur,
939 530 1044 605 idest,
1061 532 1155 592 abnn-

155 610 225 670 dans
243 627 331 688 super
348 610 552 669 nenessitatem
571 611 681 669 oratio:
706 612 780 669 siout
800 610 850 669 illa
868 609 939 671 Vidi
953 615 1059 675 oeulos
1081 625 1155 677 ante

153 696 324 772 ipsenwos.
365 692 399 753 In
419 692 471 751 illo
491 694 565 761 enim
578 694 644 753 eidi
662 695 736 752 inest
751 695 827 771 ipse.
867 694 1083 771 Verumid‚·nt
1097 700 1155 758 alio

154 793 270 856 quoque
292 776 360 836 loeo
382 776 458 850 dixi,
480 794 544 836 oum
564 794 744 855 supervacua
757 787 892 836 oneratur
909 779 1092 857 adiectione,
1114 785 1154 841 vi·
1201 848 1202 853 ἵ

153 863 222 920 tium
244 869 303 929 est;
337 877 400 919 eum
422 869 510 936 auget
534 868 582 919 aut
605 861 768 920 manifestat
793 863 962 920 sententiam
987 864 1064 923 siout
1096 865 1153 941 hio,
1201 856 1202 889 ²

152 946 253 1004 virtus.
300 941 389 1019 Vidi,
418 945 503 1021 ipse,
534 950 605 1004 ante
629 946 748 1021 omme,
779 944 898 1004 totidem
923 955 987 1004 sunt
1015 948 1153 1008 affectus.

110 1026 212 1088 alcun
237 1035 332 1086 tamen
357 1026 431 1086 haee
458 1028 576 1105 proprie
603 1028 717 1087 nomine
740 1026 791 1088 tali
819 1028 938 1104 notarit,
968 1047 1026 1088 non
1050 1032 1153 1091 video.

153 1109 226 1171 Nam
242 1119 272 1169 et
291 1111 445 1186 geminatio
461 1119 490 1169 et
505 1112 639 1188 repetitio
660 1120 689 1170 et
704 1110 911 1189 qualiscunque
926 1112 1050 1173 adiectio
1068 1120 1154 1174 πλεα

154 1186 265 1270 saepia
282 1194 374 1253 videri
391 1203 497 1272 potest.
541 1193 605 1254 Nee
625 1193 714 1254 verba
733 1194 819 1254 modo
840 1196 893 1255 sed
912 1213 1015 1255 sensus
1031 1215 1155 1278 quoqne
1201 1208 1202 1225 ¹

153 1277 228 1336 idem
256 1276 396 1336 facientes
423 1286 609 1338 acervantur:
652 1276 843 1341 Perturbatio
867 1281 958 1340 istam
980 1284 1100 1343 <mauis
1128 1291 1156 1344 et

153 1361 305 1441 quaedam
321 1363 471 1423 scelerum
487 1361 587 1445 offusa
601 1363 701 1442 ealipo
720 1369 748 1425 et
768 1365 915 1425 ardentes
927 1362 1086 1442 samaram
1102 1367 1154 1444 [a-

155 1462 208 1506 cea
226 1446 410 1506 excitarunt.

112 1531 148 1586 ta
239 1524 441 1605 Congerantur
455 1536 485 1588 et
501 1528 664 1588 diuersa:
685 1526 951 1610 liutmmyrennt
964 1549 1062 1592 meaa
1078 1552 1153 1594 eru·
1201 1544 1202 1563 ³

154 1612 282 1689 delitus,
294 1614 396 1689 patris
413 1630 515 1690 amor,
536 1614 587 1674 ira
604 1631 775 1694 praeceps,
794 1616 964 1690 teneritas,
986 1617 1153 1679 dementia.

153 1693 192 1754 Et
206 1695 281 1772 apud
297 1693 442 1755 Ovidium:

195 1776 261 1841 Sea
277 1798 374 1858 praee
391 1777 558 1841 Nereidum
570 1799 698 1857 namen,
718 1781 775 1842 aed
793 1782 933 1860 aeretiper
949 1778 1090 1859 Ammon,

195 1861 260 1924 Sea
275 1881 355 1942 quae
374 1865 543 1925 oiaamibus
561 1866 700 1926 veniebat
719 1865 819 1928 bellua
838 1866 933 1943 posu,

196 1943 418 2009 Emsataraeda
433 1949 509 2009 meis
521 1982 563 1994 -

112 2030 268 2106 49lnveni‚
294 2033 343 2109 qui
368 2040 397 2091 et
419 2030 476 2091 hoe
498 2025 613 2111 πλοκὴν
636 2041 772 2092 voearet:
803 2029 924 2104 Quaere
946 2034 985 2094 al>
1007 2034 1149 2110 inimicit,

153 2118 251 2177 motae
264 2115 341 2176 ltaee
353 2116 550 2194 concrepate,
566 2124 736 2193 comperta,
751 2116 926 2194 patefacte,
941 2117 1081 2194 metata,
1099 2119 1149 2178 de

154 2201 231 2275 leta,
254 2200 388 2260 erotema
405 2216 464 2277 per
480 2202 549 2261 me?
576 2201 622 2260 eui
646 2216 704 2260 non
722 2200 881 2276 assentior,
906 2218 969 2259 oum
989 2202 1046 2259 sint
1066 2202 1148 2259 unius

154 2282 265 2358 figurae
289 2291 318 2341 et
337 2285 444 2342 mixtae
460 2300 575 2361 quoque
591 2293 621 2343 et
641 2284 715 2344 idem
740 2292 769 2343 et
788 2282 933 2347 diversum
947 2284 1147 2359 significantia,

155 2364 231 2443 quod
251 2374 281 2424 et
301 2368 392 2443 ipsum
415 2358 577 2445 διαλλαγὴν
594 2376 711 2428 vocant.
754 2364 957 2445 tenemento,
981 2375 1146 2444 comperta,

152 2450 310 2527 patefacta
334 2449 410 2510 aliud
424 2452 601 2518 ostenduam
629 2451 765 2526 sublata,
788 2452 902 2526 deleta,
924 2452 1058 2511 extimata
1083 2457 1148 2509 sunt

113 2533 228 2592 50inter
240 2550 274 2591 se
288 2532 390 2592 similia
404 2533 457 2594 sed
471 2550 528 2593 non
540 2537 625 2594 etiam
639 2533 791 2613 prioribus.
820 2533 857 2593 Et
867 2534 925 2593 hoo
939 2543 1034 2595 autem
1049 2547 1146 2592 exem·
1201 2583 1202 2586 ,

154 2616 233 2695 plum
250 2625 280 2676 et
296 2617 429 2694 superius
448 2616 531 2677 aliam
546 2635 662 2695 quoque
677 2617 803 2676 eilloiunt
818 2618 955 2694 figuram,
972 2634 1062 2695 quae,
1082 2617 1148 2694 quia

155 2699 403 2760 coniurationibus
433 2701 771 2777 oaret‚,dissolntio
799 2710 936 2768 vocatum
972 2709 1056 2779 apta,
1084 2717 1147 2759 enm

155 2784 222 2863 quid
243 2785 389 2843 instantius
405 2783 537 2853 dirimam
560 2803 624 2844 nam
643 2793 673 2845 et
688 2784 799 2861 singula
816 2785 994 2844 inculcantur
1015 2793 1046 2842 et
1066 2783 1147 2862 quasi

154 2868 237 2946 plura
254 2869 331 2928 liunt.
375 2866 505 2946 Ideoque
520 2870 623 2929 utimur
638 2869 694 2928 hae
707 2868 799 2944 ligura
813 2884 871 2926 non
885 2870 912 2925 in
927 2866 1047 2943 singulis
1061 2865 1145 2925 modo

153 2950 250 3010 verbis
266 2953 318 3012 sed
333 2954 481 3012 sententiis
496 2954 597 3029 etiam,
619 2960 650 3011 ut
666 2950 769 3011 Cicero
785 2951 854 3011 dioit
870 2960 969 3010 eontra
984 2951 1146 3009 contionem

153 3032 279 3094 Metelli:
310 3033 370 3108 om
383 3037 617 3111 indicabantur,
638 3054 690 3098 eos
707 3037 829 3109 uocari,
853 3036 1013 3110 custodiri,
1034 3034 1079 3095 aa
1098 3053 1145 3095 ae·

153 3125 257 3178 natam
271 3121 387 3181 adduci
397 3122 491 3190 lusoir
503 3122 537 3181 im
547 3127 656 3181 senatu
669 3126 739 3180 sant
751 3121 858 3197 positi,
874 3128 903 3178 et
916 3128 993 3178 totus
1004 3118 1051 3176 hie
1063 3117 1146 3176 loeus

154 3200 219 3260 talis
240 3211 295 3261 est.
336 3202 399 3262 lloo
421 3221 512 3280 genus
527 3202 722 3283 βραχυλογίαν
736 3211 952 3280 vocant‚·quae
967 3210 1064 3280 potest
1079 3217 1145 3260 esse

155 3285 289 3364 copulata
311 3285 471 3349 dissolutio.
518 3286 698 3346 Contrarium
719 3286 748 3346 id
764 3295 809 3346 est
823 3286 955 3361 schema,
980 3283 1056 3362 quod
1076 3300 1143 3343 eon·

112 3367 344 3430 alienationibus
360 3368 491 3430 abundat.
529 3370 602 3430 lllud
617 3361 791 3447 ἀσύνδετον,
808 3370 864 3429 hoo
881 3366 1094 3431 παλασύνδετον
1104 3368 1143 3427 di·

156 3455 237 3514 eitur.
277 3451 341 3513 lloe
357 3461 403 3514 est
417 3454 467 3515 vel
482 3454 584 3515 iisdem
598 3456 714 3535 saepius
727 3455 875 3535 repetitis:
896 3462 928 3514 ut
