2434 3925
125 240 128 249 ι
151 190 218 275 1127
471 202 511 251 ιι.
523 201 602 250 usu.
615 200 836 263 eumumsm

121 359 225 435 otior,
243 357 384 419 assentio.
428 354 482 416 Est
501 355 593 434 figura
617 357 692 416 etin
709 373 845 417 numero:
866 356 916 417 vel
932 375 996 419 eum
1012 359 1169 437 singulari

148 441 269 521 pluralis
293 439 488 517 subiungitur,
515 442 628 501 Gladio
653 443 886 519 puyuueissima
905 461 982 520 ysne
1003 443 1168 513 Romami,-

147 544 225 606 9em
240 527 314 585 euim
329 541 367 583 ex
381 524 493 591 multis;
515 525 569 584 vei
580 543 619 583 ex
633 525 760 601 diverso,
839 544 842 553 ·

396 640 439 654 -
457 605 517 680 Qut
530 627 591 669 uun
606 611 705 670 sisere
720 611 858 689 parenti,

190 690 256 754 Nee
276 694 353 755 aem
374 691 454 753 tuna
468 710 573 754 mma
594 694 655 754 dea
669 713 727 754 aaa
744 693 872 772 diyuutu
888 695 980 755 cubui
994 703 1056 770 est;

119 775 194 840 9Ex
217 777 278 837 'illis
300 776 389 853 euim,
417 777 469 855 qui
483 795 545 838 uam
564 777 681 854 risere,
703 776 750 837 hie
771 794 856 854 quem
879 793 937 836 uon
960 778 1089 855 dignata.
1125 779 1161 842 Iu

148 862 266 921 Satura:
737 892 742 905 ι

273 979 315 991 ·-
336 940 377 1005 Et
390 952 526 1005 uostmm
541 944 625 1005 istud
638 945 742 1004 uiuere
759 945 845 1005 tm'ste
859 942 986 1024 Αιριωί,

147 1046 213 1089 eum
233 1029 342 1088 iutiuito
362 1028 453 1088 verbo
476 1029 513 1087 sit
531 1047 601 1086 usus
622 1044 675 1106 pro
693 1028 906 1106 appellatioue3
933 1039 1060 1090 nostram
1079 1034 1160 1093 enim

146 1112 233 1173 vitam
247 1113 308 1172 vult
323 1113 456 1189 intelligi.
495 1111 606 1171 Utimur
622 1120 651 1171 et
664 1111 755 1171 verbe
771 1128 825 1190 pro
841 1114 1008 1191 participio:

392 1191 540 1274 Maeuium
560 1197 617 1256 dat
634 1197 720 1275 ferre
739 1196 896 1271 talentum,

104 1282 140 1335 10
148 1286 282 1356 tanquam
291 1279 473 1357 fereadum·
483 1289 516 1338 et
525 1280 679 1358 participio
691 1297 745 1358 pro
757 1279 864 1340 verbo:
885 1278 956 1342 Volo
968 1282 1085 1343 datum.
1109 1282 1158 1343 [ιι-

147 1363 231 1422 terim
237 1362 451 1422 etiamdubitari
461 1372 568 1441 potest,
579 1365 626 1423 eui
635 1365 704 1423 vitio
718 1362 809 1423 simile
819 1364 856 1422 sit
864 1364 996 1427 schema:
1010 1374 1041 1424 ut
1052 1367 1084 1425 iu
1096 1365 1159 1429 hoe

395 1444 499 1509 Virtus
513 1456 558 1508 est
577 1449 683 1509 eitum
699 1449 827 1527 fayore:
847 1484 890 1497 -

146 1537 195 1592 aut
215 1529 289 1588 enim
304 1539 403 1608 partes
428 1531 566 1591 orationis
583 1541 673 1592 mutat
691 1550 728 1592 ex
748 1531 799 1591 illo
820 1528 924 1593 Virtus
944 1541 989 1594 ast
1006 1532 1086 1611 fuya
1105 1537 1157 1594 ai·

146 1618 274 1690 tiaram,
293 1623 342 1673 aut
357 1633 441 1674 casus
460 1634 498 1674 ex
513 1615 565 1674 illo
585 1614 711 1678 Virtutis
726 1623 772 1677 est
785 1616 889 1677 uitium
903 1617 1032 1695 fuyern
1059 1618 1155 1677 multo

80 1760 84 1773 ,
146 1707 242 1761 tamen
262 1698 320 1758 hoe
333 1707 458 1778 utroque
476 1700 640 1759 excitatius.
684 1699 841 1776 Iunguntur
857 1701 969 1759 iuterim
983 1699 1154 1762 schemata:

145 1782 307 1845 Sttemetus
326 1785 429 1844 aeteus
448 1802 595 1862 pequam,-
623 1793 669 1844 est
695 1786 769 1844 euim
790 1785 887 1845 saitae
910 1783 1074 1846 Sthenelus
1093 1803 1154 1862 pu·

103 1874 136 1929 11
143 1868 272 1947 quanda
306 1866 529 1928 Transieruntur
544 1876 574 1927 et
588 1877 736 1955 tempora:
756 1865 966 1929 Timatattues
976 1877 1069 1945 ueyat
1084 1889 1154 1931 esse

145 1973 173 2016 οι
168 1953 366 2031 perieulum
384 1953 539 2030 auocari,
559 1952 716 2031 (praeseus
732 1951 808 2014 snitu
825 1969 879 2030 pro
895 1953 1054 2031 praeterito
1071 1954 1152 2029 posi·

144 2045 203 2097 tum
219 2038 279 2116 est)
297 2045 327 2096 et
342 2046 449 2095 status:
589 2045 591 2050 ⁴

310 2118 376 2181 Hae
389 2118 518 2181 Ithacus
531 2121 622 2189 veut,-

146 2211 191 2278 et,
215 2221 252 2263 ue
272 2221 383 2279 morer,
408 2206 570 2282 peremnia
587 2221 713 2280 genera,
737 2221 791 2282 per
806 2221 881 2282 quae
898 2203 929 2263 iit
944 2204 1152 2265 soloecismus

103 2296 137 2349 12
147 2286 227 2347 Haec
231 2306 360 2386 queque
382 2297 443 2365 est,
465 2305 549 2365 quam
565 2285 701 2366 ἓιέρωσιν
718 2297 840 2364 vocant,
862 2289 908 2347 eui
927 2304 985 2347 neu
1002 2287 1153 2348 dissimilis

117 2356 287 2449 *ἐξαλλαγὴ
308 2372 427 2431 dicitur:
449 2380 480 2431 ut
499 2372 574 2451 apud
597 2372 763 2434 Sallustium
779 2370 886 2449 Neque
906 2390 944 2434 eu
965 2391 1017 2433 ras
1033 2372 1155 2450 falsum

144 2473 193 2515 me
204 2454 311 2516 tabuit
325 2464 354 2514 et
369 2453 454 2517 Duea'
462 2458 607 2554 prebere
645 2455 691 2515 Ex
707 2455 810 2535 quibus
825 2456 888 2516 fere
906 2465 1025 2535 praeter
1039 2458 1153 2516 novita-
1209 2517 1210 2540 ¹

145 2548 204 2599 tem
218 2537 345 2598 brevitas
362 2541 447 2598 etiam
462 2540 522 2617 peti
536 2540 624 2599 solet.
656 2538 739 2601 Unde
757 2557 888 2617 eousque
905 2556 1077 2638 proeessum
1095 2545 1210 2615 est,
1203 2595 1210 2626 Ι

144 2633 176 2683 ut
199 2642 259 2684 ιιοιι
281 2624 475 2703 poeniturum
498 2640 551 2702 pru
571 2641 629 2683 uon
643 2634 743 2683 acturo
759 2626 964 2703 poeniteutiam
984 2632 1014 2682 et
1027 2626 1156 2686 uisuros
1209 2649 1210 2696 ι

103 2708 180 2771 laad
196 2707 349 2767 videndum
369 2708 474 2766 misses
491 2708 566 2767 idem
587 2717 689 2768 auctor
706 2709 819 2768 dixerit.
861 2707 943 2782 Quae
961 2708 1012 2767 ille
1034 2708 1154 2807 quidem
1209 2727 1210 2768 ι

144 2792 250 2851 fecerit
265 2791 430 2865 schemata,
455 2809 491 2851 au
509 2792 584 2852 idem
605 2793 706 2852 uocaui
726 2794 856 2870 possint,
883 2792 1054 2866 uidendum,
1084 2794 1153 2870 quia
1209 2841 1210 2846 ,

144 2885 266 2954 recepta
288 2879 353 2935 siut.
403 2874 475 2935 Nam
499 2877 628 2954 receptis
657 2878 743 2936 etiam
767 2877 857 2955 vulgo
878 2885 998 2936 auctore
1020 2876 1153 2936 conteuti
1209 2927 1210 2938 ,

144 2977 257 3019 sumus:
285 2970 315 3020 ut
329 2978 404 3020 nuuc
420 2958 527 3020 evaluit
541 2961 634 3021 rebus
648 2962 825 3039 agentibus,
845 2960 923 3038 qued
938 2959 1032 3022 Pollio
1053 2958 1154 3020 iulia·

145 3042 232 3103 bieuo
255 3044 386 3119 damnat,
409 3053 440 3103 et
460 3046 670 3107 coutumeliam
689 3046 779 3124 feeit,
803 3044 882 3123 quud
904 3042 1084 3104 aGieeroue
1106 3061 1154 3103 re·

104 3127 284 3205 ltpreheudi
299 3137 397 3187 uotum
414 3137 474 3195 est;
496 3128 583 3206 afflet
599 3129 675 3187 euim
690 3130 874 3190 amttumetia
895 3127 1039 3199 dicebant.
1083 3127 1153 3189 Atia

146 3211 354 3271 commendatio
368 3214 537 3287 vetustatis,
557 3212 638 3271 euius
653 3222 763 3276 amator
777 3213 861 3274 unice
873 3211 1021 3288 Vergilius
1036 3211 1109 3273 iuit:

232 3293 287 3355 Vel
301 3313 369 3355 aum
383 3313 416 3356 sa
428 3298 575 3373 pavidum
590 3304 702 3356 eontra
713 3316 781 3359 mee
798 3298 903 3375 iurata
917 3297 1034 3366 iactatu

230 3377 409 3525 {ramam
423 3381 481 3441 sed
494 3381 579 3441 euim
587 3378 721 3444 Troiana
735 3400 757 3443 a
776 3381 927 3459 semaeias
945 3380 1020 3502 auci

259 3465 382 3528 adierat
