2434 3925
147 230 188 292 to
243 205 247 212 ’
453 241 491 290 rr.
506 239 586 288 ssu
603 235 821 299 oumrmrsru

147 396 239 470 derit,
262 395 290 455 in
303 395 361 456 hoc
375 413 441 455 eum
456 395 499 453 ire
514 390 678 473 patiemur?
704 393 812 453 aridum
828 401 915 472 atque
938 393 1062 453 ieiunum
1080 411 1139 454 non

146 482 255 543 alemus
271 490 301 540 et
318 488 398 540 certe
415 496 478 538 eum
494 478 576 557 quasi
590 474 770 537 vestiemus?
800 477 871 537 Nam
886 478 911 536 si
927 477 1069 556 quaedam
1087 479 1138 538 de·

146 565 263 624 trahere
283 564 479 623 necessarium
495 571 557 637 est,
583 579 634 626 cur
657 562 771 621 nonsit
793 562 921 621 adiicere
944 559 1138 621 concessum?

104 661 139 714 lo
147 647 250 728 Neque
271 664 328 724 ego
352 655 451 706 contra
473 655 600 704 naturam
622 663 729 723 pugno.
763 644 827 704 Non
849 646 922 704 enim
944 644 1139 705 deserendum

147 733 175 792 id
189 732 308 806 bonum,
331 731 356 789 si
377 730 454 808 quod
470 730 626 806 ingenitum
642 739 703 804 est,
726 730 876 803 existimo,
900 728 953 789 sed
975 729 1139 806 augendum
1211 745 1213 758 ’

105 829 136 880 ll
147 816 364 893 addendumque
389 814 467 892 quod
488 822 594 873 cessat.
629 813 674 872 An
695 831 767 873 vero
783 813 959 872 clarissimus
980 813 1031 873 ille
1052 832 1138 892 prae·

148 908 250 978 ceptor
269 898 433 972 Isocrates,
453 915 538 976 quens
559 913 616 955 non
637 899 727 975 magis
743 896 809 957 libri
830 896 1032 957 benedixisse
1053 915 1139 975 quam

147 984 280 1061 discipuli
303 983 380 1043 bene
406 982 541 1041 docuisse
567 990 724 1055 testantur,
752 999 815 1040 cum
841 981 876 1041 de
904 979 1023 1059 Ephoro
1050 990 1138 1060 atque

145 1066 335 1146 Theopompo
351 1066 394 1124 sic
410 1066 565 1139 indicaret,
590 1074 620 1123 ut
636 1067 726 1126 altera·
740 1066 838 1144 frenis
852 1066 945 1126 alteri
960 1067 1139 1126 calcaribus

145 1170 221 1230 opos
236 1171 302 1213 csse
315 1149 444 1225 diceret,
468 1158 516 1209 aut
536 1149 564 1207 iu
585 1149 637 1208 illo
654 1149 776 1208 lentiore
794 1148 958 1209 tarditatem
978 1157 1026 1208 aut
1042 1151 1071 1207 in
1083 1149 1137 1209 illo

145 1254 239 1313 paene
261 1234 412 1314 praecipiti
434 1233 654 1293 concitationem
675 1234 861 1294 adiuvandam
878 1231 1013 1292 docendo
1035 1234 1136 1293 existi-

146 1321 248 1394 mavit,
267 1336 330 1379 curn
346 1317 467 1376 alterum
481 1317 600 1377 alterius
620 1326 718 1377 natura
734 1317 909 1377 miscendum
927 1313 1137 1377 arbitraretur?

105 1405 138 1458 12
146 1402 302 1463 lmbecilhs
311 1411 412 1472 ⁸tanuen
434 1402 554 1477 ingeniis
575 1419 645 1460 sane
661 1402 703 1462 sic
719 1401 936 1480 obsequendum
954 1401 1008 1477 sit,
1030 1410 1060 1460 ut
1075 1410 1136 1460 tun·

146 1496 203 1545 tum
218 1487 246 1545 in
261 1487 306 1561 id,
330 1502 387 1564 quo
405 1492 492 1544 vocat
507 1494 623 1559 natura,
646 1485 793 1546 ducantur.
824 1485 865 1544 lta
882 1486 973 1558 enirn,
996 1486 1073 1563 qnod
1088 1502 1135 1543 so·
1213 1505 1214 1512 ¹

146 1569 203 1629 lurn
229 1579 366 1648 possunt,
393 1569 495 1628 melius
522 1569 659 1628 efficient.
696 1571 726 1631 Si
749 1586 820 1629 varo
846 1568 996 1629 liberalior
1016 1569 1137 1628 materia

120 1693 123 1696 ,
147 1655 301 1731 contigerit
316 1663 345 1712 et
361 1654 458 1732 inqua
475 1654 577 1713 merito
598 1654 634 1714 ad
649 1672 731 1732 spem
747 1655 870 1713 oratoris
886 1654 973 1713 simus
989 1654 1135 1729 aggressi,

104 1746 138 1800 13
146 1737 223 1798 nulla
240 1738 355 1799 dicendi
369 1740 459 1797 virtus
478 1738 633 1797 omittenda
652 1748 707 1798 est.
744 1737 815 1797 Nam
831 1738 901 1799 licet
917 1739 953 1797 sit
968 1737 1092 1816 aliquam
1109 1739 1137 1795 in

146 1831 257 1901 partem
271 1823 404 1901 pronior,
420 1831 450 1881 ut
466 1840 591 1882 necesse
606 1831 667 1895 est,
685 1823 792 1883 ceteris
808 1832 974 1883 tamennon
991 1838 1136 1898 repugna·

146 1907 203 1983 bit,
221 1915 306 1987 atque
324 1925 358 1968 ea
377 1924 444 1967 cura
458 1906 538 1986 paria
553 1906 642 1966 saciet
658 1906 708 1983 iis,
725 1907 869 1986 inquibus
886 1904 1043 1971 eminebat;
1061 1906 1137 1964 sicut

147 1993 197 2052 ille
218 1993 269 2071 (ne
294 1991 449 2052 abeodem
469 1991 605 2069 exemplo
626 1992 812 2070 recedamus)
835 1990 992 2051 exercendi
1010 2007 1136 2067 corpora

144 2078 271 2154 peritus,
287 2093 361 2151 nou,
384 2077 408 2134 si
424 2076 584 2137 docendum
601 2077 815 2153 pancratiasten
834 2075 1013 2163 susceperit,
1037 2091 1136 2151 pugno

145 2161 233 2220 ferire
250 2159 298 2220 vei
320 2161 403 2220 calce
420 2168 526 2220 tantum
542 2169 589 2219 aut
607 2178 699 2219 nexus
720 2162 806 2221 modo
823 2170 908 2239 atque
925 2160 952 2217 in
975 2158 1019 2217 his
1035 2166 1136 2217 certos

145 2243 257 2322 aliquos
274 2243 405 2318 donabit,
427 2244 480 2304 sed
497 2245 589 2303 omnia
605 2261 681 2323 quae
698 2253 763 2303 sunt
776 2246 843 2304 ‘eins
866 2243 1039 2303 certaminis.
1072 2241 1137 2302 Erit

145 2328 193 2405 qui
208 2345 245 2386 ex
260 2327 304 2386 his
319 2326 415 2406 aliqua
431 2345 488 2386 non
502 2329 609 2406 possit:
626 2328 654 2386 in
668 2327 695 2387 id
710 2329 833 2388 maxime
845 2328 922 2407 quod
937 2328 1044 2405 poterit
1057 2343 1135 2385 corn·

105 2420 243 2489 14pcnet.
274 2410 345 2469 Nam
361 2420 426 2469 sunt
448 2412 521 2472 haec
537 2412 592 2471 duo
613 2412 729 2472 vitanda
750 2430 886 2491 prorsus:
909 2429 1045 2470 unumne
1063 2418 1135 2469 tem·

145 2504 210 2573 ptes
233 2494 311 2573 quod
335 2495 412 2555 ellici
433 2513 489 2555 non
509 2498 619 2574 possit,
644 2496 765 2556 alterum
785 2515 822 2556 ne
838 2495 873 2555 ab
895 2511 949 2570 eo,
973 2493 1049 2574 quod
1070 2495 1134 2573 quis

145 2579 252 2657 optime
273 2578 359 2654 iacit,
382 2581 410 2637 in
429 2580 522 2654 aliud,
548 2580 583 2640 ad
605 2580 793 2659 quodminus
815 2590 860 2640 est
879 2579 1016 2653 idoneus,
1041 2587 1134 2637 mans·

143 2664 231 2722 ieras.
270 2662 309 2721 ht
330 2664 355 2722 si
376 2663 463 2723 fuerit
483 2665 532 2742 qui
552 2665 705 2725 docebitur
727 2665 794 2739 ille,
817 2682 903 2743 quem
927 2662 1134 2723 adolescentes

143 2765 243 2817 senem
262 2748 399 2825 uidimus,
428 2748 625 2808 Nicostratus:
655 2749 785 2808 omnibus
807 2750 835 2807 in
862 2766 898 2807 eo
921 2746 1045 2807 docendi
1067 2764 1133 2824 par·

59 2868 64 2877 ·
142 2831 216 2891 tibus
236 2831 496 2906 similiterntetur,
516 2833 684 2911 efficietque
704 2834 798 2909 illum,
820 2832 911 2911 qualis
934 2831 982 2890 hic
999 2831 1067 2905 luit,
1091 2830 1134 2890 lu·

143 2915 246 2975 ctando
264 2918 493 2994 pugnandoque,
512 2934 633 2994 qnorum
647 2927 770 2996 utroque
784 2918 941 2976 certamine
958 2914 1059 2974 iisdem
1071 2915 1133 2974 die·

100 2998 195 3069 15bus
218 3000 424 3076 coronabatur,
454 3001 598 3059 invictum.
637 3000 675 3060 Et
703 3011 809 3080 quanto
833 3002 862 3061 id
887 3001 979 3076 magis
1008 3000 1133 3058 oratoris

142 3082 228 3142 futuri
248 3086 384 3160 magistro
406 3084 614 3163 providendum
639 3082 714 3145 erit?
748 3085 813 3144 Non
832 3086 906 3145 enim
929 3083 999 3143 satis
1022 3092 1067 3142 est
1091 3083 1132 3142 di·

142 3183 211 3226 cere
240 3185 342 3245 presse
364 3177 546 3238 tantumaut
572 3169 715 3229 subtiliter
741 3179 789 3229 aut
812 3187 934 3247 aspere,
958 3185 1015 3226 non
1038 3168 1133 3243 magis

142 3266 226 3330 quarn
245 3251 392 3329 phonasco
411 3254 502 3313 acutis
520 3261 626 3313 tantum
648 3262 696 3312 aut
712 3255 813 3325 mediis
832 3263 880 3314 aut
897 3251 1033 3329 gravibus
1051 3252 1131 3309 sonis

141 3334 309 3394 authorum
336 3337 420 3396 etiarn
445 3338 594 3414 particulis
621 3337 781 3397 excellere.
824 3336 896 3397 Nam
923 3337 999 3395 sicut
1022 3335 1138 3395 cithara-

140 3420 180 3477 ita
198 3419 290 3479 oratio
311 3420 442 3499 perlecta
459 3437 517 3479 non
538 3429 599 3496 est,
622 3422 676 3480 uisi
695 3421 730 3482 ab
751 3424 806 3481 imo
829 3421 864 3482 ad
883 3437 1019 3482 summum
1040 3418 1130 3479 omni·

142 3501 195 3563 '¹¹¹⁸
213 3505 320 3566 intenta
339 3505 436 3564 neruis
458 3506 628 3566 consentiat.
