2434 3925
175 156 238 219 206
421 236 424 242 .
488 169 525 218 u.
543 168 622 217 aun.
639 144 860 244 pumannum

175 333 275 404 partes
295 340 353 382 non
374 323 430 382 siut
448 322 645 401 perexiguae,
669 322 778 402 alioqui
799 339 899 382 rursus
920 322 1035 383 multae
1061 331 1193 383 eruntei

176 426 240 468 eam
260 406 434 484 distinguent
455 415 541 483 atque
562 406 724 467 concident.
756 405 820 467 Nec
837 407 936 485 utiquo
958 416 1088 467 certum
1112 409 1191 486 impe

175 493 298 552 raverim
311 491 425 551 modurn
440 490 494 550 sed
508 492 631 550 maxime
646 499 677 550 ut
689 492 810 569 quisque
822 490 936 550 linietur
946 489 1052 568 locus,
1071 493 1111 550 ni
1128 493 1188 552 forte

134 586 232 640 uittam
253 592 439 649 numerosus,
461 583 492 633 ut
509 575 574 654 ipse
594 590 712 652 quoque
735 574 823 635 dividi
845 574 959 634 debeat.
998 573 1118 636 Dandi
1139 585 1195 639 sm¹

114 676 120 689 ‘
177 661 248 720 certi
263 659 377 736 quidam
392 659 513 733 termini,
532 666 562 718 ut
580 666 745 717 contextum
759 657 924 730 verborum,
940 659 988 736 qni
1003 668 1062 718 est
1079 659 1184 720 diiiicil

175 744 275 819 limus,
298 744 445 802 continuet
461 741 564 801 crebra
579 741 744 816 meditatio,
767 750 865 820 partes
880 742 1024 819 deinceps
1042 744 1142 822 ipsas
1155 761 1183 801 re·

176 828 282 906 petitus
300 826 372 886 ordo
387 826 551 903 coniungat.
585 823 651 884 Nou
666 835 712 886 est
725 826 841 901 inutile,
866 827 917 902 iis,
939 843 1016 903 quae
1036 827 1183 887 difficilius

157 945 161 957 ·
174 910 323 984 haereant,
340 910 449 988 aliquas
465 927 615 988 apponere
629 918 724 984 notas,
738 927 856 988 quarum
870 909 1041 969 recordatio
1062 914 1195 1005 comnop

133 1004 244 1061 aoueat
259 1003 288 1054 et
299 996 382 1071 qnasi
392 995 500 1053 excitet
511 993 687 1069 memoriam,
704 993 804 1071 (nemo
824 995 909 1053 etium
919 995 983 1053 iere
997 1001 1065 1054 tam
1077 996 1182 1065 infelia

177 1089 223 1154 ut,
249 1078 326 1157 quod
350 1073 454 1154 cuique
477 1077 544 1137 loco
564 1078 677 1154 signnm
698 1078 901 1153 destinaverit,
922 1079 1059 1153 nesciat,
1088 1080 1182 1156 ut‚si

177 1162 345 1222 excitandus
361 1160 396 1221 ad
411 1161 483 1235 hoc,
507 1178 564 1239 quo
581 1161 618 1223 ad
635 1161 791 1221 remedium
813 1164 917 1240 utitur)
933 1171 963 1220 ut
982 1163 1078 1240 ipsae
1106 1172 1181 1224 notae

177 1246 249 1324 (lucc
265 1247 340 1305 enim
357 1254 402 1305 est
424 1264 463 1304 ex
475 1245 525 1305 illa
543 1254 605 1306 aute
622 1262 679 1305 nou
700 1244 815 1324 inutile)
837 1254 962 1306 attentos
981 1245 1018 1305 ad
1045 1264 1129 1324 eos,
1151 1248 1182 1325 qu'

176 1330 327 1404 excidunt,
343 1346 462 1388 sensus:
485 1346 620 1389 ancoram
634 1337 665 1388 ut
680 1348 767 1408 supra
783 1331 883 1408 posui,
899 1330 923 1388 si
939 1329 976 1389 de
991 1348 1074 1390 nave
1091 1331 1181 1391 diceu-

134 1415 241 1481 30dum
262 1422 355 1480 esset;
380 1412 538 1491 spiculum,
561 1414 586 1472 si
602 1413 639 1473 de
661 1414 785 1491 proelio.
816 1412 935 1473 llultum
950 1415 1025 1472 euim
1043 1415 1180 1492 sigusia·

177 1500 263 1570 ciunt,
280 1505 310 1556 et
326 1514 364 1555 ex
378 1496 434 1557 alia
448 1498 585 1557 memoria
599 1500 678 1557 venit
695 1498 765 1557 aliu:
781 1506 811 1557 ut
827 1516 890 1557 cam
905 1497 1068 1557 translatus
1086 1499 1181 1559 anulus

175 1581 225 1640 vel
240 1580 373 1657 alligatus
389 1590 568 1640 commoneat
588 1597 658 1656 nes,
682 1599 734 1641 cur
751 1582 780 1642 id
794 1581 960 1641 iecerimus.
991 1579 1081 1642 llaec
1096 1585 1195 1659 magis,

176 1664 269 1725 adhuc
283 1666 453 1741 astringunt,
474 1667 521 1742 qui
542 1667 707 1725 memoriam
726 1664 762 1724 ab
783 1665 881 1743 aliquo
906 1664 989 1724 simili
1005 1662 1195 1749 nausfernnt]

176 1750 211 1808 ad
227 1748 267 1823 id,
282 1749 358 1825 quod
374 1749 575 1809 continendum
590 1758 651 1809 est:
663 1760 697 1809 ut
710 1750 739 1808 iu
753 1748 924 1825 nominibus,
939 1750 964 1807 si
979 1747 1094 1808 Fabius
1111 1752 1179 1810 forte

177 1833 213 1891 sit
230 1833 385 1907 tenendus,
406 1832 566 1892 referamus
581 1833 618 1892 ad
639 1833 718 1892 illum
734 1830 953 1908 Cunctatorem,
976 1834 1026 1910 qui
1044 1835 1177 1894 excidere

135 1929 167 1984 31
178 1934 235 1977 uon
249 1926 357 1995 potest,
375 1925 422 1977 aut
436 1917 471 1976 ud
487 1917 613 1994 aliquem
630 1918 760 1994 amioum,
777 1919 824 1997 qui
839 1918 913 1977 idem
930 1925 1067 1977 uocetur.
1101 1916 1175 1992 Quoi

178 2011 223 2063 est
239 2001 351 2062 lucilius
367 2003 395 2060 in
409 2000 497 2079 Apris
513 2010 541 2060 ct
563 2003 592 2060 in
608 2001 691 2061 Ursis
712 2012 742 2061 et
758 2001 875 2062 Nasone
897 2011 944 2062 aut
962 1998 1089 2079 Crispo,
1112 2000 1172 2061 ulii

176 2087 331 2146 memoriae
356 2085 506 2161 alligatur,
529 2084 604 2144 unde
626 2094 691 2145 sunt
712 2087 835 2146 nomina.
872 2084 963 2162 Origo
990 2102 1113 2164 quoquo
1132 2085 1170 2145 ai·

178 2170 290 2248 quaudo
307 2169 513 2229 declinatorum
527 2170 644 2230 tenendi
658 2171 749 2247 magis
765 2187 852 2230 causa
867 2179 921 2246 est,
936 2178 968 2228 ut
980 2169 1009 2227 in
1022 2165 1169 2240 Cicerone,

114 2299 117 2312 ,
176 2254 297 2326 Verrio,
314 2252 443 2311 Aurelio.
476 2253 534 2314 Sed
552 2252 625 2312 heco
640 2255 746 2313 miseri.

136 2350 170 2402 32
246 2335 332 2396 ,lituu
347 2338 490 2396 neminem
501 2354 558 2396 non
572 2337 691 2413 iuvabit,
707 2337 810 2397 iisdem
822 2336 924 2414 quibus
938 2337 1091 2414 scripserit
1104 2335 1171 2396 oens

178 2420 321 2480 ediscere.
354 2422 490 2497 Sequitur
512 2423 587 2480 enim
606 2422 738 2497 vestigiis
759 2421 926 2499 quibusdam
945 2421 1129 2494 memoriam,
1145 2426 1169 2477 et

177 2504 257 2563 velut
283 2502 374 2562 oculis
400 2506 523 2563 intuetur
544 2522 602 2564 nou
628 2507 748 2582 paginas
775 2506 861 2565 modo
884 2504 937 2563 sed
957 2522 1062 2563 uersus
1086 2519 1168 2582 prope

177 2590 273 2665 ipsos:
296 2604 370 2668 quae
391 2597 449 2647 tum
470 2588 539 2648 dicit
558 2589 659 2648 similis
677 2589 796 2665 legenti.
828 2588 886 2648 lam
902 2589 1014 2647 verosi
1030 2587 1114 2647 litura
1129 2593 1168 2646 aut

177 2672 302 2732 adiectis
318 2670 414 2748 aliqua
428 2680 514 2750 atque
529 2674 647 2732 mutatio
659 2673 839 2749 interveniat,
856 2673 937 2749 signe
949 2680 1014 2731 suut
1025 2671 1167 2749 quaedum,

136 2769 252 2834 33quae
272 2756 413 2814 intuentes
434 2756 571 2817 deerrare
594 2772 652 2816 non
675 2774 838 2843 possumus.
871 2755 951 2815 llaec
975 2757 1064 2829 ratio,
1085 2764 1116 2814 ut
1131 2760 1167 2813 est

177 2840 235 2913 illi,
258 2839 295 2899 de
311 2857 366 2917 qua
382 2840 501 2917 primum
516 2840 629 2900 locutus
645 2858 722 2916 sum,
746 2843 800 2900 arti
817 2858 873 2900 nou
891 2839 1051 2912 dissimilis,
1075 2840 1130 2913 ita,
1147 2836 1165 2894 si

177 2923 245 3000 quid
260 2941 305 2982 me
324 2925 523 3001 experimenta
538 2923 714 2998 docueruut,
736 2934 766 2984 et
786 2924 951 3003 expeditior
969 2932 1000 2983 et
1020 2924 1164 3002 potentior.

177 3005 318 3067 Edisoore
333 3009 420 3067 tacite
435 3007 514 3084 (uam
528 3008 556 3068 id
571 3026 689 3086 qnoque
703 3018 749 3068 est
764 3009 937 3086 quaesitum)
954 3016 1016 3067 crat
1030 3007 1163 3084 optimum,

178 3089 202 3147 si
218 3106 275 3154 uon
295 3088 423 3150 subirent
442 3091 525 3154 uolut
546 3092 669 3151 otiosum
683 3093 804 3152 animum
821 3092 990 3169 plerumque
1006 3091 1077 3150 aliae
1096 3089 1164 3165 cogi

178 3172 315 3241 tationes3
339 3183 461 3251 propter
478 3192 549 3252 quas
564 3175 735 3235 excitandus
751 3184 797 3235 est
813 3193 904 3249 voce,
927 3184 958 3233 ut
978 3174 1082 3252 duplici
1096 3182 1162 3234 motu

178 3255 292 3318 iuvetur
305 3259 442 3318 memoria
457 3258 571 3318 dicendi
588 3267 618 3319 et
637 3259 782 3329 audiendi.
815 3259 873 3340 Sed
896 3258 970 3317 haec
989 3274 1047 3318 vox
1065 3258 1162 3317 sitne

135 3340 244 3402 iiidice
266 3347 296 3399 et
315 3342 405 3415 magis
427 3359 559 3401 murmur.
598 3341 653 3414 Qui
673 3351 768 3402 autem
791 3343 910 3419 legente
932 3342 989 3401 alio
1011 3338 1121 3416 ediscit,
1141 3341 1161 3396 iu

180 3431 263 3503 purte
276 3423 419 3502 tardatur,
442 3425 519 3503 quod
538 3427 635 3486 aerior
656 3435 702 3487 est
722 3427 872 3487 oculorum
892 3442 976 3505 mana
993 3425 1093 3485 aurium
1106 3442 1160 3483 sen
