2434 3925
180 244 243 310 220
348 286 351 290 ι
410 286 417 311 ,
494 256 622 305 ΗΑΒ.
635 254 856 317 ounmmmur

125 425 238 482 lltnon
256 429 324 472 essa
344 410 480 478 indicem:
505 410 554 471 ubi
573 409 661 471 iudex
675 412 728 487 sit,
750 410 799 471 illa
814 411 883 472 nibil
897 409 1009 472 valere.
1052 407 1119 470 lloc
1132 411 1178 470 ie·

181 495 351 557 veniendum
372 504 433 570 est,
456 503 488 555 ut
507 494 636 557 adhiberi
650 496 743 573 possit
758 505 968 572 argumentum:
995 495 1066 555 ldeo
1083 496 1178 572 capti·

181 594 252 656 vos,
279 580 304 639 si
324 579 353 639 in
371 580 492 656 patriam
510 596 590 638 suam
605 579 759 654 redierint,
782 578 892 639 liberos
907 597 991 655 esse,
1011 580 1078 658 qnia
1094 578 1177 638 bello

182 672 264 744 parta
283 663 394 723 nonnisi
414 662 515 722 eadem
531 664 560 722 vi
579 662 790 741 possideantur.
833 663 982 741 Proprium
999 671 1045 722 est
1059 670 1091 721 et
1105 662 1178 722 illud

184 764 306 822 causae,
334 745 412 824 qaod
432 744 650 824 Amphictiones
671 746 796 805 indicant
816 746 862 823 (ut
879 748 935 807 alia
957 747 1032 824 apud
1048 755 1176 805 centurn

182 832 261 891 viros
281 830 338 892 alia
357 829 432 908 apud
447 832 587 907 privatum
603 829 726 889 indicem
740 831 768 888 in
783 829 884 889 iisdem
899 830 1117 908 quaestionibus
1131 846 1176 888 ra·

124 916 259 995 116tio);
290 923 350 974 tum
376 914 504 973 secundo
530 912 640 990 gradu,
668 929 726 973 non
752 914 883 990 potuisse
903 914 1002 973 donari
1025 931 1041 972 a
1061 915 1176 972 victore

181 1001 242 1076 ius,
264 999 330 1077 quia
345 997 373 1059 id
389 997 500 1067 demum
519 1000 556 1058 sit
571 996 649 1072 eius,
672 996 749 1075 quod
764 1005 875 1065 teneat;
889 999 956 1072 ius,
983 996 1061 1076 quod
1078 998 1117 1056 sit
1135 998 1175 1055 in·

182 1081 354 1160 corporale,
381 1080 558 1159 apprehendi
578 1098 662 1140 manu
683 1097 740 1140 non
760 1097 860 1159 posse.
903 1079 967 1140 lloc
981 1082 1116 1158 reperire
1131 1088 1176 1139 est

182 1164 328 1226 difficilius
358 1181 457 1242 quam,
488 1182 551 1224 cum
576 1164 739 1238 inveneris,
769 1163 943 1240 argumentis
964 1165 1121 1239 adiuvare,
1147 1171 1177 1222 at

183 1249 241 1310 alia
258 1249 296 1308 eit
316 1248 448 1308 condicio
464 1248 581 1309 heredis
600 1247 657 1307 alia
675 1249 812 1322 victoris,
839 1249 906 1325 quia
925 1247 961 1307 ad
982 1247 1061 1307 illam
1078 1249 1125 1306 ius
1141 1246 1177 1306 ad

126 1333 259 1396 llihuno
279 1349 327 1391 res
347 1340 484 1391 transeat.
533 1330 683 1409 Proprium
702 1330 806 1391 deiude
826 1334 977 1407 materiae,
999 1333 1044 1390 ius
1065 1330 1178 1409 publici

185 1415 285 1476 crediti
299 1416 421 1473 transire
437 1414 473 1474 ad
487 1417 629 1485 victorem
643 1431 700 1474 non
714 1416 861 1493 potuisse,
885 1417 967 1494 qnia,
991 1414 1067 1493 quod
1082 1431 1178 1494 popu-

183 1499 228 1559 lus
245 1498 414 1573 crediderit,
434 1498 561 1557 omnibus
576 1497 731 1572 debeatur,
756 1507 802 1575 et,
823 1500 953 1577 quamdin
969 1497 1090 1576 quilibet
1104 1516 1178 1557 uuus

185 1581 463 1659 superseminasse
483 1601 548 1641 eum
562 1585 650 1642 totius
667 1599 792 1641 summae
810 1582 996 1657 creditorem,
1021 1580 1177 1641 Thebanos

126 1674 177 1730 118
184 1675 278 1725 autem
292 1683 350 1724 non
365 1682 465 1725 omnes
479 1668 507 1725 iu
523 1665 680 1726 Alexandri
694 1684 776 1726 manu
789 1666 889 1726 inisse.
919 1665 982 1725 lloc
997 1682 1053 1725 non
1069 1667 1177 1725 extrin-

184 1767 271 1809 secus
291 1749 445 1827 probatur,
460 1767 547 1828 ⁸quae
569 1753 613 1809 vis
636 1759 681 1809 est
701 1752 875 1826 argumenti,
898 1749 1058 1826 sedipsum
1072 1766 1129 1827 per
1145 1766 1177 1808 se

183 1834 271 1893 valet.
315 1833 404 1893 Tertii
425 1833 483 1893 loci
505 1851 571 1912 pars
590 1835 671 1912 prior
685 1834 775 1910 magis
789 1833 933 1910 vulgaris,
956 1850 1013 1892 non
1028 1834 1056 1892 in
1070 1832 1178 1893 tabulis

185 1935 252 1979 esse
272 1918 331 1987 ius:
365 1920 462 1997 itaque
481 1917 576 1978 multis
602 1919 775 1995 argumentis
798 1917 915 1978 defendi
937 1925 1045 1996 potest.
1093 1915 1177 1977 Mens

184 2020 300 2086 quoqpe
318 2003 476 2063 Alexandri
496 2003 561 2062 doci
582 2002 671 2062 debet
691 2002 720 2061 in
740 2001 869 2077 dubium,
895 2002 1043 2062 honorarit
1066 2017 1121 2060 eos
1141 2018 1178 2059 an

184 2086 344 2165 deceperit.
393 2086 467 2146 Illud
493 2088 548 2145 iam
574 2103 674 2145 rursus
701 2088 848 2164 proprium
875 2087 1014 2145 materiae
1041 2093 1071 2146 et
1095 2083 1178 2143 velot

182 2188 276 2230 novae
290 2171 525 2244 controversiae,
544 2171 610 2247 quia
626 2170 805 2229 restitutione
820 2171 972 2248 recepisse
987 2171 1048 2243 ius,
1065 2168 1178 2227 etiamsi

183 2253 262 2332 qaod
282 2255 444 2329 amiserint,
466 2252 593 2312 Thebani
608 2253 749 2313 videntur.
793 2252 846 2313 llic
864 2262 907 2329 et,
929 2253 997 2332 quid
1014 2250 1179 2311 Cassander

182 2337 270 2411 velit,
297 2338 456 2415 quaeritur:
484 2336 537 2396 sed
562 2335 611 2397 vel
637 2338 834 2416 potentissima
859 2337 935 2416 apud
958 2335 1180 2415 Amphictionas

184 2421 269 2498 aequi
285 2423 417 2479 tractatio
433 2429 488 2479 est.

126 2507 178 2563 119
265 2502 346 2563 llaec
366 2521 423 2563 uon
441 2503 550 2563 ideireo
572 2503 655 2578 dico,
676 2502 753 2582 quod
774 2503 902 2563 inutilem
919 2503 1020 2564 horum
1033 2502 1179 2576 locorum,

184 2587 341 2667 exquibus
363 2597 528 2665 argumenta
548 2587 702 2663 ducuntur,
725 2589 918 2664 cognitionem
933 2597 1047 2667 putem,
1069 2586 1180 2664 alioqui

182 2690 238 2731 nec
253 2670 451 2739 tradidissem
473 2671 526 2731 sed
544 2689 646 2748 nese,
669 2672 717 2749 qui
733 2674 923 2748 cognoverint
939 2674 1010 2747 ista,
1033 2670 1058 2729 si
1077 2678 1180 2729 cetera

183 2756 348 2833 negligant,
370 2755 519 2834 periectos
535 2756 665 2834 protinus
679 2764 765 2833 atque
780 2765 991 2816 consummatos
1004 2761 1120 2833 putent,
1136 2761 1178 2827 et,

182 2841 238 2900 nisi
258 2841 288 2899 iu
309 2841 430 2914 ceteris,
450 2856 524 2916 quae
545 2855 613 2897 mox
631 2840 835 2918 praecipienda
850 2849 930 2916 sunt,
953 2837 1177 2911 elaboraverint,

125 2933 287 2988 liomutam
308 2923 447 3002 quandam
476 2923 625 2982 scientiam
651 2931 825 2982 consecutos
853 2924 1024 3000 intelligant.
1072 2920 1178 2998 Neque

184 3008 258 3068 enim
278 3006 396 3067 Artibus
418 3006 501 3067 editis
521 3006 627 3066 iactum
647 3016 708 3082 est,
738 3016 770 3066 ot
791 3016 957 3083 argumenta
974 3006 1178 3078 inveniremus,

183 3091 236 3150 sed
263 3091 339 3151 dicta
363 3101 429 3152 sunt
453 3091 563 3164 omnia,
591 3099 743 3168 antequam
767 3093 1022 3168 praeciperentur,
1051 3105 1120 3147 mox
1140 3104 1178 3147 ea

183 3175 341 3252 scriptores
365 3175 518 3234 observata
542 3183 571 3233 et
596 3174 722 3234 collecta
738 3174 898 3234 ediderunt.
944 3171 1031 3233 Cuius
1051 3173 1094 3231 rei
1109 3186 1177 3249 pro·

183 3257 261 3318 batio
277 3267 339 3331 est,
362 3259 439 3336 quod
454 3258 595 3336 exemplis
611 3274 711 3317 eorum
725 3257 872 3317 veteribus
886 3265 1002 3317 utuntur
1017 3264 1045 3316 et
1060 3255 1095 3315 ab
1112 3270 1177 3313 ora-

183 3340 294 3401 toribus
317 3341 366 3401 illa
386 3350 535 3420 repetunt,
564 3342 619 3419 ipsi
642 3340 749 3400 nullum
770 3358 875 3401 novum
896 3350 942 3417 et,
967 3340 1044 3418 quod
1064 3339 1179 3412 nonsit

125 3426 302 3499 raldictum,
329 3425 483 3484 inveniunt.
527 3423 673 3492 Artili'ces*
688 3441 760 3500 ergo
786 3424 845 3500 illi,
875 3426 924 3502 qui
949 3425 1094 3489 dixerunt;
1124 3421 1181 3481 sed

182 3508 314 3572 habenda
328 3506 372 3570 bis
389 3524 504 3587 quoque
519 3509 613 3584 gratia
629 3515 689 3584 est,
711 3524 765 3586 per
782 3525 855 3587 quos
872 3508 956 3569 labor
969 3507 1053 3568 nobis
1069 3512 1114 3565 est
1127 3504 1180 3565 de·
