2434 3925
183 211 224 273 34
497 227 533 273 u.
545 225 624 273 sss.
641 225 860 304 oamrmram

183 390 212 441 et
231 388 322 460 pater
341 381 441 460 patris
461 380 563 455 iaciat
591 380 661 441 illud
683 398 788 442 nomen
814 383 955 461 positum,
982 381 1040 443 boo
1060 383 1099 445 ad
1133 384 1194 446 ali·

184 466 250 544 quid
265 483 331 524 esse
347 465 529 525 contendunt.
531 464 709 563 „Praeterea
724 468 857 544 quoniam
870 473 1023 566 utrumque
1032 486 1048 527 a
1060 467 1190 530 Graeco

183 551 297 609 ductum
319 551 370 623 sit,
392 548 428 608 ad
450 565 513 608 eam
533 551 673 609 rationem
693 557 860 625 recurrunt,
882 558 914 608 ut
936 542 1044 629 πατρὸς
1059 556 1190 629 patria,

141 626 298 712 studeam
311 636 383 730 apri
404 632 499 692 iaciat.
530 631 584 692 llla
603 637 698 693 tamen
718 634 861 711 quomodo
879 634 1033 711 effugient
1055 644 1104 711 ut
1130 654 1189 696 no·

181 720 254 776 mina
270 719 396 793 quamvis
416 716 548 776 feminina
563 719 702 817 singulari
719 719 892 777 nominativo
909 737 959 779 aa
975 718 1079 777 litteris
1094 680 1188 780 bnita

182 817 322 879 nunquam
340 802 467 876 genitivo
484 819 553 860 casu
568 803 614 862 rio
628 801 740 878 syllaba
757 804 956 877 terminentur,
975 801 1062 862 iaciat
1080 811 1188 864 tamen

186 883 286 945 Venas
303 882 448 945 Veneris?
463 887 530 944 item
547 903 611 944 eum
622 906 639 946 e
650 904 667 945 a
678 885 781 945 litteris
796 886 873 945 linita
889 903 943 963 per
956 888 1053 945 var'ios
1069 898 1189 949 exeant

182 971 336 1046 genitivos,
348 987 488 1064 nunquam
498 978 592 1027 tamen
603 969 757 1030 eademra'e
767 969 879 1045 syllaba
890 972 1067 1044 terminatos,
1082 968 1188 1034 Ceres

141 1064 174 1116 15
184 1061 270 1129 cogat
285 1053 340 1112 diei
355 1045 500 1114 Cereris?
517 1051 590 1125 Quid
605 1050 699 1113 vero?
717 1071 791 1132 quae
806 1062 865 1113 tota
880 1055 1031 1131 positionis
1045 1056 1186 1117 eiusdem

182 1139 209 1196 in
220 1137 351 1196 diversos
365 1136 457 1195 lienus
470 1132 555 1196 eunt?
573 1155 636 1196 oum
643 1134 723 1198 Alba
735 1138 821 1197 iaciat
832 1134 965 1198 Albanos
976 1145 1005 1196 et
1016 1134 1184 1215 Albenses,

181 1221 247 1282 nolo
261 1220 341 1281 oolai
354 1230 383 1278 et
396 1221 505 1282 solani.
538 1218 608 1279 Nam
627 1223 783 1298 praeterito
806 1221 920 1298 quidem
942 1230 1073 1298 tempore
1095 1225 1183 1282 varie

184 1304 300 1363 formari
311 1303 400 1363 verba
413 1306 501 1382 prima
517 1320 642 1382 persona
653 1324 670 1366 o
683 1305 778 1364 littera
793 1306 951 1380 terminata,
967 1307 1029 1383 ipsa
1041 1306 1183 1383 analogia

182 1387 366 1454 confiteatur;
386 1388 526 1466 siquidem
540 1388 609 1466 iacit
629 1390 709 1449 cado
724 1390 841 1465 cecidi,
863 1391 999 1466 spondeo
1013 1392 1181 1468 apopoadi,

178 1475 273 1550 pineo
284 1473 383 1549 piam,
398 1473 464 1551 layo
479 1474 548 1551 leel,
561 1490 642 1550 pona
651 1475 754 1551 posui,
767 1474 879 1551 franqo
890 1473 982 1552 fraqi,
997 1473 1092 1534 mado
1105 1475 1181 1535 laa-

141 1556 264 1626 16daoa‘·
286 1554 351 1614 Nou
368 1557 457 1631 enim,
475 1558 672 1634 cumprimum
687 1555 1019 1633 tingerenturbomines,
1039 1557 1179 1634 analogia

182 1640 305 1699 demissa
320 1640 405 1699 coelo
421 1639 539 1699 formam
555 1640 691 1718 loquendi
707 1640 800 1716 dedit,
816 1640 869 1700 sed
885 1642 998 1700 inventa
1015 1650 1075 1716 est,
1093 1650 1179 1719 post-

183 1741 266 1801 quam
288 1723 496 1801 loquebantur,
516 1732 546 1783 et
566 1733 693 1783 notatum
715 1726 744 1782 in
764 1741 915 1799 sermone,
938 1724 1005 1802 quid
1028 1724 1178 1802 quomodo

183 1808 309 1868 caderet.
350 1807 450 1886 ltaque
471 1826 528 1867 uon
547 1810 660 1869 ratione
679 1810 777 1868 nititur
797 1808 849 1867 sed
873 1808 1024 1885 exemplo,
1046 1826 1103 1867 nec
1127 1809 1178 1868 lex

182 1901 227 1951 est
249 1892 384 1971 loquendi
405 1892 457 1951 sed
480 1891 663 1969 observatio,
684 1901 715 1951 ut
736 1894 827 1970 ipsam
847 1892 1006 1969 analogiam
1028 1891 1106 1952 nulla
1126 1910 1177 1951 res

140 1977 237 2042 ltalia
256 1977 361 2037 lecerit
376 1996 459 2056 quarn
475 1978 664 2038 consuetudo.
700 1975 854 2036 Inhaerent
873 1986 966 2036 tamen
984 1977 1097 2057 quidam
1114 1994 1175 2037 mo·

181 2062 335 2122 lestissima
358 2061 525 2138 diligentiae
546 2063 755 2140 perversitate,
778 2070 809 2121 ut
829 2062 994 2123 audaciter
1014 2062 1111 2138 potius
1135 2060 1174 2121 di·

181 2154 245 2205 cant
264 2162 347 2222 quam
363 2150 531 2220 audacter,
553 2146 623 2205 licet
638 2163 737 2204 omnes
759 2154 891 2204 oratores
907 2144 983 2206 aliud
1005 2153 1173 2222 sequantur,

181 2238 210 2287 et
231 2230 371 2291 amicavit
392 2245 448 2287 non
468 2230 589 2290 emicuit
608 2238 638 2288 et
659 2231 762 2290 conire
784 2245 841 2288 non
862 2230 954 2292 coire.
986 2227 1036 2287 llis
1058 2230 1174 2305 permit·

180 2321 271 2371 tamus
292 2319 322 2370 et
343 2313 500 2374 audiuisse
521 2321 550 2372 et
567 2314 695 2374 saloissa
717 2322 746 2372 et
766 2314 918 2374 tenuante
937 2320 966 2372 et
979 2313 1117 2390 faciliter
1134 2313 1173 2372 uli·

182 2412 267 2471 cere,
287 2395 422 2474 sraqolt'a
443 2414 558 2474 quoque
580 2398 619 2456 sit
641 2397 717 2474 apud
738 2396 805 2456 illos
827 2397 1003 2475 montreal,
1026 2414 1090 2455 narn
1115 2412 1172 2474 quo

140 2492 174 2546 18
181 2479 237 2539 alio
258 2479 344 2538 modo
363 2477 412 2539 iiet
425 2481 616 2559 fraqalitas?
638 2479 726 2541 Iidem
741 2490 860 2542 centana
879 2482 964 2542 mitia
976 2489 1173 2541 summumst

179 2563 271 2641 fidem
289 2561 388 2625 Deam
409 2566 560 2625 ostendant
582 2565 716 2642 duplices
738 2582 855 2642 quoque
877 2564 1071 2625 soloecismos
1093 2581 1171 2637 esse,

181 2647 294 2725 quando
323 2656 353 2706 et
378 2666 475 2708 oasum
500 2658 607 2709 mutant
634 2658 663 2711 et
689 2667 850 2716 numerurm
874 2647 1073 2708 nesciebamus
1100 2649 1175 2707 enim

181 2748 215 2790 ao
237 2748 294 2791 nou
315 2732 513 2792 consuetudini
533 2742 562 2792 et
583 2733 683 2793 decori
700 2732 919 2807 serviebamus,
942 2734 1016 2791 siout
1036 2733 1064 2790 in
1084 2731 1173 2810 pluri·

180 2816 250 2889 mis,
273 2833 347 2894 quae
364 2815 401 2875 bl.
422 2815 532 2875 Tullius
546 2819 574 2876 in
590 2815 714 2877 Oratore
736 2817 831 2876 divine
848 2826 879 2876 ut
896 2817 989 2876 omnia
1010 2816 1171 2894 exequitur.

95 2910 98 2916 “
139 2904 173 2960 19
182 2897 241 2958 Sed
261 2899 409 2976 Augustus
431 2918 547 2980 quoque
569 2903 597 2960 in
617 2901 750 2979 epistolis
772 2900 808 2960 ad
831 2898 863 2959 G.
881 2899 1037 2960 Caesarem
1057 2900 1172 2976 scriptis

181 2984 328 3059 emendat,
351 2984 427 3061 quod
447 2986 472 3043 is
489 2987 624 3046 calidam
641 2985 740 3045 dicere
760 3002 843 3062 quarn
859 2985 983 3045 caldam
998 2983 1094 3058 malit,
1115 2999 1172 3042 non

182 3068 248 3143 qula
272 3067 301 3127 id
324 3084 381 3126 nou
402 3069 440 3127 sit
460 3067 587 3129 Latinum
608 3070 660 3129 sed
683 3071 747 3147 quia
771 3071 809 3128 sit
830 3068 961 3128 odiosum
983 3076 1028 3143 et,
1055 3075 1086 3126 ut
1107 3069 1171 3145 ipse

138 3149 294 3212 toGraeoo
317 3151 408 3211 verbo
437 3153 624 3229 significavit,
652 3153 812 3234 περίεργον.
855 3151 942 3230 Atqui
964 3151 1038 3211 banc
1060 3150 1169 3228 quidam

181 3224 357 3314 ὀρθοέπειαν
371 3235 596 3315 submontani,
618 3255 702 3315 quarn
725 3254 780 3314 ego
798 3238 910 3296 minime
932 3235 1067 3295 excludo.
1097 3233 1169 3307 Quid

181 3319 256 3378 enirn
276 3328 333 3379 tarn
359 3322 556 3380 necessarium
584 3339 668 3399 quam
689 3330 770 3381 recta
796 3316 926 3379 locutio?
965 3318 1052 3378 Immo
1074 3318 1168 3378 inbae-

179 3403 298 3463 rendum
320 3405 347 3462 ei
369 3404 479 3477 iudico,
503 3405 597 3482 quoad
619 3405 704 3480 licet,
727 3405 773 3464 diu
793 3405 877 3463 etiam
898 3402 1080 3464 mutantibus
1085 3420 1168 3481 repu-

179 3487 335 3565 gnandum
363 3487 416 3548 sed
442 3487 548 3549 abolita
569 3497 656 3568 atque
684 3488 823 3564 abrogata
852 3488 979 3547 retinere
1001 3486 1169 3546 insolentiae
