2434 3925
165 212 227 277 lito
475 228 834 290 arnnanmnrmrnr

162 402 224 445 rum
235 383 291 446 diei
303 382 427 443 celerius
441 389 550 461 potest,
566 383 618 443 sed
633 382 739 442 suidcrt
753 379 851 445 dicere
865 388 985 461 eportet
994 384 1148 463 namquo&

162 467 201 528 Et
223 468 354 545 quotiens
375 468 468 526 exitus
491 468 534 525 rei
555 467 625 526 satis
648 466 773 526 ostendit
794 468 905 545 priora,
933 465 1070 526 debemus
1092 467 1151 528 boo

121 553 231 612 abesse
246 552 389 625 contenti,
405 566 463 628 quo
477 549 588 627 reliqua
603 549 810 627 intelliguntur.
841 549 955 625 Quare,
972 568 1035 610 cum
1050 550 1149 611 dicere

147 637 264 709 liceat,
284 631 341 695 Est
353 635 424 694 mitt
437 632 520 711 [ilias
533 636 668 711 leaenis,
693 634 785 693 omnia
805 633 855 693 illa
872 651 1066 711 supervacua:
1087 632 1150 695 Ga·

100 765 101 769 ,
161 721 254 799 pillos
275 737 329 796 epo
349 719 512 780 liberorum
531 735 657 778 warena
677 718 770 792 daei,
790 725 896 778 nalum
915 717 1011 795 filiam
1029 719 1148 796 mutuli,

162 802 309 874 educavi,
337 803 370 862 in
387 802 624 862 adolescentiam
642 802 785 878 perduci.
824 800 954 878 Ideoque
975 799 1149 861 Graecorum

162 886 249 963 aliqui
264 885 339 946 alind
352 885 547 945 circumcisam
563 885 773 963 expositionem
787 885 814 944 id
831 893 876 943 est
890 878 1049 960 σύντομον,
1071 884 1149 944 aliud

161 969 279 1028 brevem
305 976 489 1046 putaverunt:
520 969 596 1045 quod
621 967 672 1027 illa
698 969 885 1045 supervacuis
912 977 1044 1041 careret,
1074 967 1149 1028 base

120 1055 264 1131 adposset
278 1052 384 1129 aliquid
406 1069 443 1109 ex
458 1052 632 1111 necessariis
648 1051 826 1111 desiderare.
858 1049 920 1109 Nos
940 1061 1034 1110 autem
1052 1050 1149 1110 brevi·

161 1145 250 1197 tatem
268 1137 296 1193 in
316 1136 374 1194 boc
395 1136 541 1213 ponimus,
568 1152 625 1194 non
650 1142 680 1193 ut
701 1136 793 1193 minus
813 1134 866 1194 sed
892 1152 929 1193 ne
951 1134 1016 1212 plus
1038 1135 1150 1194 dicatur

162 1237 246 1298 mam
267 1227 410 1296 oporteat.
447 1217 519 1278 Nam
537 1220 708 1278 iterationes
730 1219 844 1296 quidem
865 1225 894 1276 et
912 1217 1098 1296 ταυτολογίας
1120 1227 1150 1277 et

160 1301 392 1381 περιισολογίας,
414 1319 486 1379 quas
500 1303 529 1360 in
542 1302 705 1361 narratione
718 1302 854 1360 vitandas·
863 1301 976 1378 quidam
988 1304 1149 1378 scriptores

162 1386 272 1445 Artium
286 1385 472 1460 tradiderunt,
489 1394 621 1454 transeo;
636 1394 702 1444 sunt
717 1385 790 1444 enim
804 1385 878 1444 lraec
888 1387 956 1445 vitia
970 1400 1027 1444 non
1039 1394 1149 1444 tantum

120 1468 309 1532 libravitatis
325 1470 417 1544 gratia
433 1469 613 1544 refugienda.
647 1467 712 1527 Non
726 1470 816 1528 minus
832 1476 926 1527 autem
940 1468 1067 1529 cavenda
1082 1470 1149 1544 erit,

161 1569 236 1631 quae
249 1552 361 1610 nimium
379 1552 568 1629 corripientes
583 1552 676 1611 omnia
692 1554 831 1629 sequitur,
850 1551 1026 1625 obscuritas,
1043 1553 1149 1610 satias-

162 1654 218 1714 que
238 1644 283 1694 est
301 1635 406 1712 aliquid
421 1636 574 1695 narrationi
595 1653 752 1715 superesse
770 1652 853 1712 mam
867 1635 981 1695 deesse.
1011 1634 1084 1694 Nam
1100 1654 1149 1694 su·

160 1718 305 1797 pervacua
321 1737 383 1777 cum
397 1719 493 1779 taedio
511 1719 658 1794 dicuntur,
675 1720 840 1778 necessaria
855 1737 919 1777 cum
934 1717 1065 1796 periculo
1080 1718 1148 1778 sub-

120 1802 317 1868 attrahuntur.
354 1800 451 1875 Quare
470 1803 584 1862 vitanda
605 1812 651 1861 est
669 1804 754 1862 etiam
777 1801 826 1861 illa
849 1802 1039 1876 Sallustiana,
1059 1820 1148 1880 quan-

161 1905 245 1966 quam
265 1887 293 1945 in
314 1888 378 1965 ipso
402 1887 514 1946 virtutis
535 1887 630 1946 locum
649 1886 774 1961 obtinet,
798 1884 926 1945 brevitas
947 1895 978 1945 et
998 1884 1148 1965 abruptum

160 1972 300 2030 sermonis
311 1989 413 2047 genus,
428 1970 504 2048 quod
514 1965 640 2030 'otiosum
654 1970 779 2030 fortasse
794 1969 934 2030 lectoren
949 1970 1039 2029 minus
1054 1969 1147 2046 fallat,

161 2055 321 2115 audientem
335 2054 503 2134 transvolat,
517 2072 573 2113 nec
585 2054 650 2114 dum
660 2062 809 2131 repetatur
819 2062 969 2132 expectat:
986 2070 1152 2130 crrrnprae-¹

161 2139 258 2198 sertim
278 2139 372 2198 lector
392 2154 449 2197 non
469 2138 589 2197 iere-sit
610 2137 664 2196 nisi
687 2138 832 2212 eruditus,
852 2138 974 2196 iudicem
996 2154 1062 2195 rura
1084 2136 1147 2215 ple·

160 2237 278 2298 rumque
299 2220 474 2280 indecorius
494 2222 603 2280 mittant
618 2220 655 2281 de
671 2238 707 2280 eo
728 2221 989 2299 pronuntiaturum,
1014 2220 1092 2297 quod
1104 2221 1147 2279 in·

161 2304 322 2368 tellexerit:
342 2313 372 2362 ut
387 2304 511 2362 fortasse
531 2302 715 2382 ubicunque,
735 2306 763 2362 iu
777 2305 940 2363 narratione
955 2312 1049 2364 tamen
1062 2321 1148 2382 prae·

162 2389 262 2465 cipue,
277 2387 370 2446 media
385 2386 458 2446 haec
473 2386 594 2447 tenenda
609 2389 647 2446 sit
660 2389 707 2447 via
722 2387 850 2462 dicendi,
867 2395 1038 2464 quantum
1057 2404 1148 2464 opus

120 2474 233 2545 adest,
255 2480 425 2548 quantum
442 2479 497 2530 sat
517 2479 583 2529 est.
615 2470 756 2543 Quantum
772 2488 845 2548 opus
866 2479 1020 2531 estautem
1035 2472 1148 2530 nonita

162 2555 255 2632 accipi
275 2553 366 2612 solum
381 2554 466 2629 volo,
486 2563 619 2632 quantum
639 2553 869 2614 adiudicandum
889 2555 1009 2628 suflicit,
1029 2555 1095 2632 quia
1118 2563 1149 2613 et

160 2655 218 2698 non
238 2639 366 2697 inornata
387 2636 473 2698 debet
494 2656 560 2697 esse
580 2637 724 2713 brevitas,
746 2637 853 2714 alioqui
873 2638 911 2697 sit
930 2637 1059 2705 indocta;
1083 2654 1149 2696 nam

162 2730 192 2781 et
207 2721 281 2780 lallit
296 2721 430 2800 voluptas
445 2731 476 2780 et
491 2723 582 2781 minus
597 2721 684 2796 longa
701 2739 774 2799 quae
792 2720 937 2781 delectant
952 2721 1099 2795 videntur,
1117 2728 1148 2779 ut

162 2822 311 2865 amoenum
325 2822 360 2864 ac
376 2804 465 2864 molle
481 2807 552 2880 iter,
573 2806 683 2865 etiamsi
704 2813 750 2864 est
766 2806 850 2881 spatii
871 2804 1036 2881 amplioris,
1055 2805 1148 2863 minus

120 2889 261 2965 lliatigat
276 2906 359 2966 quam
374 2888 472 2948 durum
486 2889 652 2966 aridumque
667 2888 874 2965 compendium.
900 2887 1002 2966 Neque
1016 2886 1082 2947 milri
1098 2905 1148 2946 uu-

163 2987 246 3049 quam
262 2980 339 3032 tanta
354 2972 440 3031 luerit
455 2990 522 3032 cura
537 2972 696 3046 brevitatis,
712 2980 815 3031 utnon
830 2988 875 3044 ea,
891 2990 965 3049 quae
980 2970 1149 3031 credibilem

162 3056 268 3115 iaciunt
283 3057 503 3132 expositionem,
521 3057 608 3114 inseri
622 3056 719 3115 velim.
747 3055 876 3132 Sitnplex
891 3057 964 3114 enim
980 3063 1008 3113 et
1021 3055 1148 3131 undique

162 3140 294 3217 praecisa
320 3155 377 3197 non
404 3148 460 3198 tam
480 3140 605 3197 narratio
633 3139 732 3197 vocari
755 3135 854 3215 potest
882 3156 964 3215 mam
988 3138 1146 3197 confessio.

162 3222 233 3281 Sunt
255 3238 343 3299 porro
366 3219 661 3283 multaeaondicione
681 3223 747 3299 ipsa
765 3224 809 3280 rei
831 3222 937 3298 longae
956 3222 1146 3295 narrationes,

163 3304 264 3383 quibus
281 3313 408 3365 extrema
425 3304 471 3382 (ut
485 3306 639 3383 praecepi)
658 3306 798 3383 prooemii
810 3314 895 3383 parte
913 3305 948 3365 ad
961 3306 1148 3364 intentionem

161 3384 375 3468 praeparandus
390 3396 435 3447 est
450 3388 549 3454 iudex:
572 3388 675 3448 deinde
692 3387 861 3463 curandum,
880 3396 911 3446 ut
925 3390 1002 3448 omni
1019 3397 1081 3448 arte
1097 3385 1147 3445 rel

119 3481 198 3537 laen
218 3474 311 3553 spatio
333 3473 394 3533 eius
414 3470 593 3533 detrahamus
614 3471 720 3550 aliquid
734 3471 783 3531 vel
804 3488 841 3532 ex
856 3472 962 3534 taedio.
1000 3470 1038 3532 Ut
1054 3472 1146 3532 mnus
