2434 3925
142 142 202 204 130
451 155 488 201 u.
501 152 579 200 nnn
594 152 813 212 somniorum

135 308 260 383 Cicero,
292 307 352 384 Tu,
376 309 485 386 inquit,
515 309 583 369 istic
605 308 765 388 fordhur,
791 308 859 368 irtio
883 307 1047 386 lateribus,
1074 312 1140 372 ieta

132 394 321 473 placitatoria
345 394 436 453 totiens
466 394 618 472 corporis,
630 393 781 470 firmitate.
830 389 917 450 Aliud
943 394 1018 452 enim
1044 397 1138 454 maios
1199 412 1200 427 ι

135 477 192 537 alio
214 478 390 556 supervenit.
434 475 473 535 At
494 478 519 535 si
541 479 691 554 coepisset
710 484 803 535 atoto
819 492 962 555 corpore,
980 494 1038 536 non
1058 477 1139 538 bene

134 563 170 621 ad
184 561 276 620 latera
290 561 448 637 faucesque
464 561 668 621 descenderet.
696 559 750 619 Est
765 569 794 619 ct
809 559 882 619 alius
898 561 1034 637 naturalis
1049 562 1139 638 ordo,

134 654 165 703 nt
183 647 267 706 viros
286 645 486 723 cosentinus,
510 647 591 706 diem
616 664 656 706 oc
670 652 803 719 noctem,
827 651 926 704 ortem
946 653 975 706 ct
990 663 1140 706 occasum

91 728 213 795 addicas
236 731 332 814 potios
354 745 438 806 quam
459 737 628 787 retrorsum.
685 727 831 801 Quaedam
851 728 954 788 ordine
971 739 1139 806 permutato

133 813 203 872 fiunt
222 820 420 892 supervacua,
448 821 478 871 ιιι
497 813 615 891 fratres
631 813 761 891 peruium
794 813 897 871 namsi
916 817 1140 891 praecesserint
1199 880 1200 887 .

131 899 260 976 perursit
274 898 391 976 fratrer
407 896 514 956 addere
532 913 589 955 non
606 906 652 955 est
667 913 802 955 necesse.
835 894 888 957 Illa
905 897 989 956 nimia
1008 914 1139 974 quorun-

132 981 197 1041 dum
219 981 272 1041 tuit
294 980 477 1056 observatio,
503 990 533 1040 ut
554 979 698 1040 vocabula
716 979 831 1055 verbis,
853 978 943 1039 verba
963 998 1063 1039 rursus
1087 983 1139 1042 ad·
1199 998 1200 1053 ξ

133 1064 256 1141 verhiis,
286 1066 399 1124 nomina
430 1066 571 1143 appositis
597 1073 627 1124 et
653 1062 868 1142 pronominibus
898 1073 997 1124 essent
1023 1066 1138 1142 priora.
1199 1060 1200 1095 '

90 1148 202 1211 ‘ttNam
223 1149 254 1208 fit
272 1158 372 1209 contra
393 1165 510 1228 quoque
530 1147 699 1226 frequenter
720 1165 778 1207 non
799 1147 948 1207 indecore.
991 1147 1139 1208 Necnon
1199 1174 1200 1177 ¹

133 1242 162 1293 et
177 1232 247 1293 illud
269 1234 371 1292 nimiae
387 1234 617 1310 superstitionis,
639 1234 681 1292 uti
699 1240 833 1310 quaeque
848 1233 905 1291 sint
923 1242 1075 1309 ternpore,
1101 1252 1139 1293 ea

132 1318 232 1377 facere
251 1318 336 1376 etiam
351 1316 452 1376 ordine
467 1318 580 1395 priora;
607 1333 665 1375 non
681 1316 932 1394 quinirequenter
947 1318 984 1374 sit
1000 1314 1058 1375 hoc
1074 1336 1138 1376 me-

133 1401 204 1477 lius,
220 1400 273 1460 sed
288 1401 354 1478 quia
369 1402 481 1459 interim
495 1401 561 1478 pius
572 1401 671 1461 valent
682 1409 862 1477 antegesta,
879 1401 1005 1478 ideoque
1015 1400 1139 1461 leviori-

91 1485 186 1566 2pbus
206 1485 429 1563 superponenda
449 1492 524 1543 sunt.
565 1484 665 1544 Verbo
688 1502 804 1544 sensum
825 1485 960 1558 cludere,
984 1485 1092 1561 multo,
1111 1489 1139 1544 si
1199 1550 1200 1553 Ἴ

134 1570 306 1646 compositio
326 1571 465 1647 patiatur,
488 1567 624 1646 optimum
639 1579 692 1628 est.
737 1567 769 1627 ln
783 1567 881 1628 verbis
897 1570 971 1627 enim
991 1572 1138 1628 sermonis

132 1656 177 1713 vis
199 1661 252 1712 est.
297 1655 328 1713 Si
350 1653 379 1713 id
395 1671 529 1732 asperum
545 1655 615 1728 erit,
638 1652 724 1713 cedet
742 1653 815 1712 haec
837 1655 910 1711 ratio
933 1654 1076 1727 numeris,
1106 1663 1139 1712 ut

133 1738 164 1796 dt
179 1737 254 1816 apud
271 1755 395 1797 summos
408 1737 536 1798 Graecos
551 1737 725 1816 Latinosque
741 1745 873 1796 oratores
888 1737 1137 1814 frequentissime.

133 1823 201 1881 Sine
215 1820 300 1882 dubio
312 1824 367 1881 erit
378 1839 478 1896 omne,
491 1821 568 1899 quod
583 1839 641 1881 non
656 1822 769 1896 cludet,
785 1820 982 1899 hyperbaton,
997 1829 1026 1881 et
1040 1822 1138 1900 ipsum

122 1905 190 1967 dioc
211 1907 286 1966 inter
309 1916 410 1986 tropos
431 1905 480 1968 vel
501 1898 629 1983 figurasi
645 1924 720 1987 quae
742 1913 806 1965 sunt
826 1906 955 1982 virtutis,
981 1915 1137 1984 receptum

90 1996 186 2052 diest.
230 1991 295 2050 Non
313 1994 386 2052 enim
406 1991 441 2051 ad
462 1992 554 2069 pedes
573 1990 663 2050 verba
687 1990 814 2050 dimensa
836 1999 917 2066 sunt,
945 1989 1073 2069 ideoque
1098 2009 1137 2050 ex

110 2071 201 2135 ¹loco
220 2076 430 2136 transferuntur
452 2076 481 2134 in
503 2075 618 2151 locum,
645 2084 676 2149 ut
702 2076 868 2151 iungantur,
893 2091 950 2152 quo
971 2084 1137 2151 congruunt

132 2160 264 2220 maxime.
319 2162 400 2222 Sicut
427 2161 456 2219 in
481 2168 625 2219 structura
649 2175 784 2218 saxorum
814 2158 925 2220 rudium
952 2160 1038 2218 etiam
1070 2160 1136 2237 ipsa

134 2246 288 2303 enormitas
315 2245 439 2320 invenit,
467 2244 513 2303 cui
536 2243 676 2321 applicari
700 2252 729 2303 et
749 2244 851 2321 inquo
873 2243 966 2322 possit
985 2244 1135 2303 insistere.

132 2325 329 2387 Felicissimus
346 2336 440 2387 tamen
460 2344 556 2390 sermo
579 2336 643 2403 est,
671 2329 716 2387 oui
742 2335 771 2386 et
797 2336 895 2387 rectus
922 2326 994 2386 ordo
1015 2335 1045 2386 et
1066 2337 1136 2405 apta

133 2412 262 2470 iunctura
290 2420 319 2471 et
346 2430 409 2471 cum
442 2411 487 2471 his
512 2429 647 2478 numerus
674 2419 837 2490 opportune
864 2410 971 2470 cadens
1000 2413 1135 2488 contigit.

90 2492 280 2567 tthaedam
294 2512 366 2554 vero
386 2496 634 2571 transgressiones
652 2503 682 2555 et
705 2495 812 2572 longae
831 2503 897 2554 sunt
911 2496 1008 2570 nimis,
1033 2503 1064 2554 ut
1087 2514 1135 2553 su·

66 2595 69 2600 ·
133 2578 297 2655 perioribus
318 2579 439 2638 diximus
455 2578 551 2655 libris,
577 2589 607 2639 et
627 2580 738 2638 interim
760 2580 844 2638 etiam
864 2580 1076 2658 compositione
1092 2582 1134 2638 vi·

132 2664 242 2741 tiosae,
266 2680 340 2740 quae
356 2664 383 2723 in
401 2662 458 2722 hoc
473 2665 565 2740 ipsum
580 2671 729 2742 petuntur,
753 2671 784 2722 ut
800 2663 930 2723 exultent
945 2672 1031 2742 atque
1046 2663 1135 2722 lasci·

118 2749 224 2807 uiant:
251 2747 352 2827 quales
372 2746 440 2807 illae
461 2744 654 2824 Maecenatis,
673 2746 743 2809 Sole
760 2756 793 2810 ,ct
811 2766 929 2810 aurora
942 2750 1051 2809 rubent
1061 2748 1135 2825 plu-

131 2833 221 2893 rimu.
265 2830 472 2894 Intermere
494 2835 584 2893 morit
609 2849 692 2911 eque
713 2832 865 2911 freneticos.
915 2829 962 2892 Ne
987 2833 1137 2910 eumeces

133 2918 254 2992 quidem
271 2936 350 2979 ursus
368 2917 448 2978 iuter
461 2917 646 2977 miserrimos
660 2916 796 2978 uiderem
816 2935 911 2977 meas.
955 2914 1040 2989 Quod
1058 2917 1136 2975 inter

89 2998 205 3060 achaeo
222 3000 377 3078 pessimum
393 3009 454 3077 est,
469 3001 534 3078 quia
550 3001 579 3059 in
593 3019 626 3059 rc
642 3000 715 3059 tristi
733 2999 804 3059 ludit
819 3000 1002 3079 compositio.
1035 2999 1135 3077 Saepe

134 3090 228 3141 tumen
244 3091 289 3143 est
302 3084 460 3143 vehemens
478 3084 582 3162 aliquis
597 3102 700 3142 sensns
718 3085 746 3143 in
760 3083 870 3159 verbo,
889 3083 1006 3163 quodsi
1027 3083 1056 3141 in
1072 3085 1133 3142 ine·

133 3165 179 3224 dia
200 3176 283 3243 purte
299 3170 460 3228 sententiae
480 3167 567 3243 latet,
591 3168 713 3227 transire
728 3169 915 3227 intentionem
936 3175 965 3226 et
982 3166 1134 3226 obscurari

134 3250 403 3310 circumiacentibus
423 3251 514 3318 solet;
550 3253 579 3310 in
604 3251 733 3311 clausula
754 3252 879 3329 positum
901 3252 1065 3327 assignatur
1084 3268 1132 3310 au·

134 3332 218 3392 ditori
235 3342 264 3392 et
281 3333 420 3410 infigitur:
443 3334 528 3413 quale
544 3334 616 3394 illud
631 3343 676 3394 est
692 3332 860 3410 Ciceronis,
889 3333 926 3395 Ut
940 3336 994 3395 tibi
1007 3329 1135 3395 necesse

91 3424 212 3479 toesset
225 3419 257 3479 io
271 3426 435 3496 conspectu
447 3419 552 3498 popuii
566 3416 696 3481 Rmuonr'
705 3437 825 3492 comere
837 3419 996 3498 postridie.
1026 3417 1133 3478 Trans·
