2434 3925
367 188 804 259 msu.oauuoa.n1e.1xv‚t.
1016 177 1075 241 127

71 349 211 410 iudicium
235 365 329 409 meum
359 345 533 423 ostendero:
567 366 648 408 suum
674 356 770 408 tamen
795 346 959 425 legentibus
987 346 1074 408 relin-

95 451 170 493 uam.

72 453 93 514 q
158 515 263 596 Neque
284 518 387 593 ignoro
412 515 550 594 quosdam
572 533 657 591 esse,
678 515 726 595 qui
750 532 846 575 curam
866 531 979 575 omnem
998 532 1104 585 com-3

72 602 227 680 positionis
250 600 420 675 excludant,
448 608 534 677 atque
560 599 642 659 illum
664 599 809 660 borridum
838 616 1017 676 sermonem,
1045 609 1076 661 ut

72 686 151 745 forte
164 683 296 759 tinxerit,
312 684 398 743 modo
414 685 505 759 magis
522 684 681 744 naturalem
697 682 783 741 modo
802 684 886 741 etiam
901 685 992 759 magis
1007 685 1075 743 viri·

72 769 133 829 lem
148 785 216 827 esse
233 767 415 827 contendant.
445 767 500 840 Qui
519 768 544 826 si
559 767 588 826 id
605 767 717 826 demum
733 767 863 827 naturale
881 784 949 826 esse
968 767 1075 844 dicunt,

74 851 153 930 quod
175 869 191 911 a
209 861 309 911 natura
331 852 451 930 primum
473 859 565 910 ortum
583 859 675 911 estet
696 849 781 928 quale
798 859 864 910 aute
881 850 988 911 cultum
1007 851 1074 911 fuit:

73 943 137 995 tota
157 934 232 995 baec
253 953 299 995 ars
323 936 421 994 orandi
442 934 625 994 subvertitur.
670 932 773 1012 Neque
796 936 870 993 euim
897 933 987 997 locuti
1011 943 1104 1004 sunta

73 1018 111 1079 ad
135 1018 209 1079 banc
229 1018 360 1096 regulam
380 1026 410 1078 et
430 1017 606 1094 diligentiam
622 1018 706 1096 primi
726 1018 874 1093 homiues,
893 1037 950 1078 uec
967 1035 1074 1097 prooe-

72 1103 138 1162 miis
161 1119 355 1182 praeparare,
377 1105 485 1164 docere
509 1104 710 1179 expositione,
741 1105 916 1178 argumentis
936 1103 1074 1182 probare,

75 1185 228 1247 allectibus
245 1202 429 1246 commovere
444 1187 581 1246 scierunt.
613 1184 693 1263 Ergo
710 1185 755 1246 bis
771 1187 919 1262 omuibus,
936 1204 993 1245 uon
1011 1187 1075 1246 sola

74 1272 287 1350 compositione
304 1278 473 1337 caruerunt;
497 1287 618 1350 quorum
633 1272 657 1329 si
672 1270 735 1329 lieri
755 1271 825 1329 nibil
839 1271 942 1330 melius
958 1271 1074 1346 licebat,

73 1372 111 1414 ne
132 1353 262 1414 domibus
286 1355 400 1434 quidem
424 1366 506 1414 casas
530 1363 578 1414 aut
593 1355 724 1413 vestibus
743 1354 860 1433 pellium
882 1356 1006 1431 tegmina
1028 1362 1076 1414 aut
1122 1422 1125 1431 Χ

73 1438 193 1497 urbibus
213 1447 325 1497 montes
347 1456 382 1498 ac
402 1438 490 1497 silvas
512 1440 613 1497 mutari
637 1440 773 1518 oportuit.
819 1439 900 1512 Quae
917 1455 1004 1518 porro
1026 1449 1101 1501 arsi>

75 1525 171 1582 statim
193 1519 267 1581 luit?
293 1522 361 1601 quid
380 1539 436 1581 uon
459 1522 537 1582 cultu
559 1519 704 1582 mitescit?
733 1540 784 1582 cur
800 1524 875 1582 vites
904 1540 1074 1583 coercemus

74 1602 179 1665 mauu?
195 1624 246 1665 cur
262 1625 312 1667 eas
327 1603 470 1665 fodimus?
485 1605 574 1665 rnbos
589 1608 665 1665 arvis
684 1604 862 1666 excidimus?
880 1615 957 1666 terra
975 1616 1004 1667 et
1021 1607 1075 1665 bos

74 1698 212 1767 generem
236 1690 474 1750 mansuefacimus
491 1686 642 1749 animalia?
665 1691 800 1750 indomita
816 1701 979 1749 nascuntur.
1016 1690 1074 1749 Ve-

75 1792 137 1833 rum
157 1773 186 1833 id
213 1785 257 1833 est
281 1775 402 1833 maxime
426 1772 572 1848 naturale,
595 1774 673 1850 quod
694 1774 756 1832 lieri
778 1783 877 1833 natura
900 1775 1007 1852 optime
1024 1790 1076 1851 pa·

74 1861 152 1917 titur.
185 1855 299 1917 Fortius
311 1874 382 1916 vero
402 1856 468 1934 quid
484 1858 704 1934 incompositum
719 1866 815 1936 potest
831 1872 898 1916 esse
916 1876 1000 1936 quam
1013 1859 1102 1924 viu-6

76 1951 154 2003 ctum
170 1950 201 2002 et
223 1941 299 2002 bene
321 1938 516 2003 collocatum?
556 1941 671 2020 Neque,
695 1943 719 2000 si
744 1942 824 2020 parvi
846 1942 938 2020 pedes
953 1944 1009 2001 vim
1024 1940 1073 2001 de·

72 2025 189 2086 trabunt
203 2027 307 2104 rebus,
326 2036 356 2086 ut
368 2027 559 2086 Sotadeorum
575 2034 604 2085 et
618 2024 839 2086 Galliamborum
855 2034 885 2085 et
898 2026 1075 2105 quorundam

73 2116 105 2173 in
120 2111 250 2170 oratioue
267 2111 350 2170 simili
369 2128 461 2188 paene
477 2110 592 2171 licentia
611 2109 837 2185 lascivientium,
856 2111 1073 2187 compositionis

75 2203 123 2254 est
137 2193 325 2255 iudicandum.
366 2192 502 2254 Ceterum
518 2203 624 2272 quanto
639 2193 838 2254 vehementior
852 2192 995 2253 llumiuum
1011 2204 1101 2259 cur-7

74 2295 126 2337 sus
148 2287 193 2337 est
214 2296 306 2358 prono
329 2278 414 2339 alveo
436 2296 471 2338 ac
488 2277 582 2338 nullas
603 2294 698 2337 moras
719 2276 874 2338 obiiciente
896 2296 979 2357 quam
1000 2279 1075 2337 inter

74 2360 219 2422 obstantia
240 2379 311 2422 saxa
336 2363 436 2423 fractis
460 2363 542 2440 aquis
563 2379 598 2421 ac
618 2360 841 2422 reluctantibus:
873 2371 970 2437 tanto,
1000 2380 1074 2439 quae

74 2462 207 2506 connexa
228 2455 273 2505 est
293 2455 322 2505 et
342 2449 410 2505 totis
430 2445 539 2506 uiribus
564 2445 641 2522 lluit,
666 2445 785 2523 fragosa
805 2454 892 2524 atque
916 2447 1074 2523 interrupta

72 2530 178 2589 melior
206 2532 308 2590 oratio.
344 2528 511 2607 'Gurergo
533 2531 612 2589 vires
635 2531 713 2608 ipsas
739 2531 840 2609 specie
866 2531 941 2589 solvi
963 2538 1073 2608 putent,

73 2614 189 2695 quando
203 2631 252 2674 res
267 2632 323 2673 nec
336 2614 394 2674 ulla
409 2615 471 2674 sine
486 2622 549 2673 arte
564 2616 634 2674 satis
648 2614 763 2691 valeat,
786 2623 815 2674 et
834 2616 986 2674 comitetur
1000 2631 1074 2672 sem-

72 2714 130 2775 per
151 2706 242 2757 artem
266 2695 377 2757 decor?
418 2698 463 2757 An
486 2714 544 2757 non
566 2716 648 2773 eam,
676 2716 750 2777 quae
766 2699 869 2758 emissa
890 2699 996 2776 optimc
1019 2703 1103 2770 est,8

72 2780 185 2840 bastam
205 2783 421 2860 speciosissime
442 2790 600 2842 contortam
621 2783 691 2842 ferri
712 2782 855 2848 videmus;
879 2790 908 2840 et
923 2798 991 2840 arcu
1007 2779 1073 2838 diri·

72 2865 202 2941 gentium
223 2865 300 2941 tela,
322 2882 379 2944 quo
398 2868 506 2924 certior
526 2884 642 2941 manus,
662 2865 719 2925 boc
739 2874 784 2925 est
798 2863 911 2924 babitus
933 2865 996 2941 ipse
1014 2864 1073 2923 ior-

72 2946 205 3008 mosiori
250 2948 308 3009 lam
329 2950 484 3009 certamine
510 2966 651 3010 armomm
675 2958 760 3027 atque
782 2950 810 3006 in
831 2948 905 3006 omui
926 2947 1073 3027 palaestra

73 3032 142 3110 quid
160 3033 229 3092 satis
246 3042 327 3093 recte
346 3041 465 3093 cavetur
479 3050 514 3093 ac
529 3035 652 3112 petitur,
677 3035 723 3092 cui
738 3048 795 3091 non
810 3031 915 3090 artilex
935 3040 1028 3090 motus
1043 3039 1074 3090 et

74 3111 147 3178 certi
163 3117 276 3194 quidam
296 3117 388 3195 pedes
411 3112 522 3176 assint?
561 3117 658 3190 Quare
678 3116 744 3175 mibi
766 3115 977 3192 compositione
994 3115 1102 3175 veluti>

73 3187 194 3259 amentis
219 3199 386 3279 quibusdam
411 3203 547 3260 nervisve
572 3200 679 3260 intendi
702 3208 731 3258 et
751 3198 890 3259 concitari
912 3201 1073 3259 sententiae

72 3282 215 3342 videntur.
252 3282 380 3362 ideoque
393 3284 584 3344 eruditissimo
600 3286 704 3360 cuique
716 3300 885 3362 persuasum
897 3291 956 3359 est,
972 3283 1073 3343 valere

73 3383 137 3426 eam
161 3367 312 3446 plurimum
339 3384 395 3426 non
419 3369 455 3427 ad
481 3367 701 3428 delectationem
723 3367 808 3426 modo
833 3367 886 3427 sed
912 3367 1074 3426 admotum
1162 3359 1168 3375 '

73 3466 191 3529 quoque
208 3452 372 3512 animorum.
415 3450 537 3512 Primum
555 3452 621 3529 quia
641 3449 709 3511 nibil
729 3452 836 3511 intrare
851 3459 950 3530 potest
964 3452 992 3509 iu
1007 3449 1117 3511 alie-10
