2434 3925
372 219 791 286 ruso.ouuroa.n1s.1r‚5
1021 208 1078 272 rut

93 374 228 434 excidere
243 372 373 452 soleant,
394 391 467 451 quae
484 375 683 451 promisimus,
706 383 752 450 et,
774 377 868 453 siqua
886 377 914 434 in
929 376 1078 454 partiendo

92 460 295 536 praeterimus,
325 475 495 524 occurrere:
518 458 595 535 qnod
617 459 732 536 quidem
752 460 854 517 nemini
874 461 1002 533 accidet,
1024 463 1089 521 nisi

92 543 139 620 qui
159 541 244 619 plane
259 541 306 600 vel
321 540 401 600 nullo
417 541 503 600 inerit
524 542 640 618 ingenio
661 541 709 601 vel
729 542 764 601 ad
786 542 925 618 agendum
942 543 1011 603 nihil
1028 562 1076 604 co·

91 626 171 702 gitati
185 625 441 703 praemeditatique
457 625 600 684 detulerit.
633 625 750 703 Alioqui
768 643 842 703 quae
858 636 914 686 tam
927 628 1106 694 manifesta3

92 718 121 768 et
140 709 234 768 lucida
254 717 298 768 cst
318 709 391 768 ratio
414 726 497 786 quam
518 717 617 768 rectae
638 706 819 786 partitionis?
854 710 989 788 Sequitur
1004 714 1076 771 enim

8 864 9 867 Ἴ
91 802 217 851 naturam
231 793 349 864 ducem,
373 792 446 852 adeo
467 802 597 870 quoque,¹
618 801 649 851 nt
663 795 816 853 memoriae
835 793 863 853 id
878 797 1026 857 maximnm
1040 798 1078 856 sit

91 877 224 936 auxilium
239 879 284 935 via
298 876 410 936 dicendi
425 893 482 934 non
498 877 652 936 decedere.
684 875 867 955 Quapropter
879 896 915 936 ne
931 878 998 938 illos
1016 882 1076 956 qui·

93 961 156 1020 dem
176 959 374 1039 probaverim,
398 961 446 1038 qui
465 961 646 1037 partitionem
664 969 760 1019 vetant
779 961 853 1020 ultra
869 970 928 1020 tres
944 965 1075 1040 proposi·

92 1045 184 1103 tiones
202 1044 368 1103 extendere.
399 1042 480 1116 Quae
498 1045 559 1102 sine
573 1043 678 1119 dubio,
697 1045 722 1102 si
736 1046 847 1103 nimium
863 1047 899 1103 sit
916 1045 1076 1123 multiplex,

93 1127 182 1204 lugiet
199 1129 363 1186 memoriam
383 1128 484 1187 iudicis
502 1135 530 1187 et
548 1126 672 1186 turbabit
685 1129 883 1195 intentionem
905 1129 962 1187 boc
983 1138 1076 1188 tamen

92 1228 207 1270 numero
222 1210 302 1270 velut
313 1210 380 1287 lege
395 1226 452 1269 non
466 1219 511 1269 cst
525 1210 677 1287 alliganda,
694 1229 756 1271 cum
772 1214 864 1289 possit
881 1229 966 1271 causa
979 1213 1076 1290 plures

93 1294 266 1355 desiderare.
302 1294 367 1354 Alia
388 1304 452 1353 sunt
472 1295 579 1371 magis,
607 1304 728 1373 propter
753 1313 827 1372 quae
848 1297 1000 1374 partitione
1020 1303 1106 1356 nond

93 1396 206 1457 semper
220 1379 256 1438 sit
270 1377 416 1438 utendum:
436 1379 564 1455 primum,
584 1380 650 1455 qnia
665 1379 806 1456 pleraque
820 1380 947 1456 gratiora
961 1389 1036 1455 sunt,
1052 1382 1077 1440 si

92 1464 204 1522 inventu
231 1461 325 1521 subito
350 1480 405 1521 nec
426 1461 510 1521 domo
531 1460 617 1522 allata
637 1462 692 1521 sed
709 1465 783 1522 inter
808 1463 958 1525 dicendum
982 1482 1020 1523 ex
1044 1483 1077 1523 rc

92 1548 154 1625 ipsa
171 1554 235 1621 nata
249 1547 407 1620 videantur,
423 1546 497 1604 unde
512 1545 562 1605 illa
576 1562 633 1604 non
645 1546 793 1607 iniucunda
806 1547 961 1623 schemata,
976 1546 1078 1608 Poene

92 1631 204 1691 eccidit
224 1630 308 1704 mibi,
331 1638 360 1688 et
381 1626 514 1704 nuperae
532 1648 595 1705 me,
622 1638 652 1688 et
672 1628 765 1692 Recte
785 1632 938 1691 admoneo.
968 1631 1076 1709 Propo·
1121 1640 1123 1644 “

93 1715 153 1772 ritis
176 1715 249 1773 enim
271 1712 486 1792 probationibus
507 1714 596 1771 omnis
617 1715 646 1772 in
667 1712 808 1790 reliquum
827 1715 919 1790 gratia
941 1717 1076 1774 novitatis

92 1799 298 1876 praecerpitur.
325 1795 439 1856 Interim
452 1813 524 1855 vero
541 1798 625 1856 etiam
637 1796 778 1856 iullendus
791 1807 835 1856 est
849 1797 935 1856 iudex
951 1806 979 1856 et
989 1801 1104 1860 variis5

92 1881 199 1940 artibus
220 1880 399 1955 subeundus,
420 1889 450 1938 ut
472 1880 547 1939 aliud
569 1881 616 1956 agi
637 1898 720 1958 quam
741 1881 817 1958 quod
837 1882 958 1958 petimus
984 1890 1074 1958 putet.

91 1965 162 2026 Nam
174 1975 219 2026 est
233 1983 430 2043 nonnunquam
441 1964 510 2024 dura
525 1967 696 2042 propositio,
709 1965 785 2043 quod
799 1966 887 2024 iudex
901 1967 926 2023 si
940 1967 1075 2042 providit,

91 2067 148 2108 non
164 2050 247 2109 aliter
262 2050 476 2128 praeformidat,
492 2065 575 2127 mam
590 2050 639 2126 qui
653 2047 759 2107 ierrum
771 2048 873 2108 medici
888 2050 976 2126 prius,
993 2067 1077 2126 quam

93 2137 223 2209 curetur,
245 2135 372 2211 aspexit:
397 2141 425 2191 at
441 2134 482 2208 si,
497 2150 530 2191 re
546 2148 602 2191 non
616 2142 681 2191 ante
698 2134 862 2210 proposita,
886 2150 1018 2191 securum
1041 2150 1077 2191 ac

91 2217 168 2276 nulla
184 2217 393 2276 denuntiatione
414 2218 491 2276 inse
511 2233 681 2276 conversum
700 2218 809 2275 intrarit
827 2217 935 2275 or‘utio:
957 2215 1075 2290 eiiciet,

91 2300 169 2379 quod
196 2300 369 2379 promittenti
396 2317 453 2359 non
474 2300 649 2360 crederetur.
696 2298 811 2359 interim
831 2300 998 2376 refugienda
1018 2311 1103 2364 nond

91 2384 178 2443 modo
198 2384 341 2443 distinctio
366 2386 562 2462 quaestionum
584 2393 630 2443 est
651 2385 703 2444 sed
724 2386 836 2443 omnino
861 2386 1007 2452 tractatio;
1034 2384 1074 2443 ai·

92 2466 216 2527 lectibus
232 2466 384 2528 turbandus
400 2478 429 2527 et
443 2468 478 2533 ab
495 2469 651 2528 intentione
672 2467 843 2527 auferendus
862 2468 982 2527 auditor.
1010 2466 1076 2527 Non

93 2552 167 2610 enim
188 2550 280 2610 solum
302 2553 423 2611 oratoris
444 2560 489 2610 est
509 2551 631 2626 docere,
654 2551 706 2611 sed
728 2551 792 2629 plus
814 2551 977 2629 eloquentia
999 2553 1075 2610 circa

92 2634 262 2694 movendum
275 2635 362 2694 valet.
398 2633 449 2694 Cui
464 2636 507 2693 rei
522 2638 664 2695 contraria
679 2645 724 2695 est
738 2637 858 2695 maxime
873 2638 966 2695 tenuis
980 2635 1030 2695 illa
1046 2644 1076 2693 et

92 2718 265 2796 scrupulose
286 2719 314 2777 in
334 2727 431 2796 partes
451 2727 531 2778 secta
552 2717 698 2777 divisionis
714 2719 860 2795 diligentia
882 2737 918 2777 eo
933 2728 1074 2796 tempore,

4 2807 5 2838 i
93 2819 150 2880 quo
168 2805 355 2878 cognoscenti
370 2802 503 2861 iudicium
518 2818 652 2872 conamur
666 2802 790 2862 auferre.
827 2799 922 2875 Quid?
944 2802 1020 2879 quod
1035 2803 1103 2864 imi

4 2911 5 2914 ¹
92 2888 187 2961 terim,
204 2903 276 2963 quae
292 2904 346 2963 per
359 2904 392 2945 se
410 2885 484 2944 levia
499 2893 563 2944 sunt
577 2894 605 2945 et
617 2885 735 2960 infirma,
753 2884 834 2945 turba
849 2883 964 2944 valent?
992 2884 1075 2945 Ideo·

93 2987 150 3048 que
173 2970 355 3046 congerenda
377 2978 441 3027 sunt
459 2970 554 3046 potius
574 2978 605 3028 et
622 2970 701 3029 velut
718 2970 867 3047 eruptione
882 2968 1075 3046 pugnandum

93 3053 171 3131 quod
186 3062 279 3112 tamen
291 3071 386 3113 rarum
400 3071 467 3112 esse
482 3051 568 3113 debet
587 3061 667 3113 etex
681 3055 853 3113 necessitate
869 3053 994 3128 demum,
1013 3070 1076 3111 cum

92 3135 150 3197 boc
165 3138 273 3214 ipsum,
291 3137 367 3215 quod
382 3136 518 3197 dissimile
538 3138 640 3197 rationi
655 3144 714 3212 est,
731 3138 861 3211 coegerit
875 3137 957 3195 ratio.
989 3136 1103 3196 Prae-8

93 3229 139 3280 ter
154 3220 228 3281 baec
248 3223 276 3279 in
292 3222 367 3280 omni
382 3222 532 3300 partitione
548 3230 593 3279 est
606 3222 704 3298 utique
719 3220 823 3297 aliquid
839 3221 1074 3297 potentissimum,

94 3304 173 3382 quod
189 3304 370 3364 eumaudivit
385 3305 484 3378 iudex,
506 3314 602 3363 cetera
622 3313 753 3380 tanquam
770 3321 948 3380 supervacua
962 3304 1075 3380 gravari

93 3387 181 3447 solet.
197 3387 296 3467 ltaque
308 3390 332 3448 si
344 3389 426 3466 plura
437 3387 485 3447 vel
498 3388 657 3447 obiicienda
669 3385 790 3445 suntrcl
801 3386 948 3446 diluenda:
959 3396 988 3446 et
999 3386 1076 3445 utilis

94 3478 128 3531 et
138 3472 259 3533 iucunda
274 3473 388 3551 partitio
403 3480 459 3549 est,
474 3480 521 3548 ut,
537 3471 615 3550 quod
630 3487 743 3549 quaque
758 3470 794 3531 de
808 3489 842 3531 re
856 3471 957 3533 dicturi
970 3485 1075 3547 sumus,
