2434 3925
336 215 425 263 rusa.
440 210 747 275 obtrectamus.
999 199 1040 261 29

41 375 165 454 patrium
181 387 234 449 pro
251 371 421 448 possessivo
438 370 540 430 dicitur
554 369 603 428 vel
622 377 731 428 contra.
753 367 824 428 Nam
838 368 947 442 vitium,
964 369 1082 445 quados>

40 460 73 519 lit
91 476 146 537 per
161 456 347 534 quantitatem
362 462 392 512 ut
405 473 547 532 mappam
559 455 757 531 peculiolum,
778 462 860 512 erunt
877 454 925 531 qui
943 452 1039 512 soloc-

40 545 163 602 cismum
184 548 301 617 putent,
322 539 387 616 quia
408 539 595 615 pronomine
618 538 731 612 integro
753 539 877 615 positum
897 539 933 596 sit
951 536 1039 596 demi·
1103 583 1108 597 .

8 637 10 678 t
38 636 148 685 nutum.
171 623 237 700 Ego
252 622 361 697 dubito,
375 639 410 680 an
423 622 450 681 id
461 622 662 699 improprium
672 623 767 698 potius
783 620 938 698 appellem,
952 623 1038 698 signi·

39 711 178 770 ficatione
200 708 274 766 enim
295 707 425 773 deerrat;
451 706 618 766 soloecismi
641 721 729 782 porro
749 706 848 764 vitium
868 722 925 764 non
948 708 1040 765 estin

39 812 131 853 sensu
148 792 201 851 sed
222 794 250 850 in
269 790 433 868 complexu.
469 789 501 849 ln
519 790 672 868 participio
695 806 749 866 per
768 807 861 865 genus
884 798 912 848 et
931 797 1082 864 casumt'l

39 887 71 938 ut
91 880 122 937 in
141 875 304 951 vocabulo,
328 892 381 952 per
403 883 551 952 tempora,
574 883 604 933 ut
625 875 654 932 in
674 871 784 949 verbo,
807 890 861 951 per
881 891 1038 946 numerum,

39 972 71 1021 ut
93 964 282 1036 inutraque,
305 967 452 1036 peccatur.
490 958 652 1019 Pronomen
673 974 789 1035 quoque
811 974 920 1033 genus,
943 975 1040 1015 nume·

40 1065 120 1121 rum,
142 1062 227 1104 casus
243 1042 344 1117 babet,
365 1060 441 1120 quae
457 1044 549 1102 omnia
564 1043 708 1120 recipiunt
721 1039 882 1100 huiusmodi
901 1058 1039 1100 errorem.

40 1129 129 1189 Fiunt
147 1128 314 1187 soloecismi
328 1135 358 1185 et
373 1127 487 1204 quidem
504 1126 617 1205 plurimi
633 1144 686 1204 per
700 1134 798 1203 partes
817 1126 969 1193 orationis;
988 1123 1084 1185 sed48

41 1214 70 1273 id
92 1213 211 1273 tradere
233 1213 303 1270 satis
322 1227 379 1269 nou
400 1220 462 1286 est,
482 1229 518 1269 ne
540 1212 578 1269 ita
601 1209 714 1269 demum
733 1210 831 1269 vitium
852 1226 920 1268 esse
942 1208 1041 1268 credat
1073 1261 1075 1266 ,

41 1315 128 1386 piper,
152 1298 178 1356 si
199 1312 252 1374 pro
274 1294 338 1369 alia,
359 1303 481 1372 ponatur
501 1294 569 1369 alia,
589 1303 621 1353 ut
635 1293 765 1369 verbum,
784 1292 832 1361 ubi
851 1310 955 1353 nomeu
975 1311 1042 1352 esse

43 1381 196 1456 debuerit,
219 1379 267 1439 vel
289 1377 470 1454 adverbium,
496 1378 545 1438 ubi
570 1393 744 1456 pronomen,
767 1386 796 1436 et
820 1377 932 1439 similia.
971 1376 1085 1437 Nam49

43 1475 110 1526 sunt
131 1464 271 1544 quaedam
294 1472 436 1539 cognata,
460 1472 491 1521 ut
513 1463 625 1538 dicunt,
645 1461 674 1522 id
694 1471 739 1521 est
758 1462 886 1521 eiusdem
910 1464 1040 1539 generis,

43 1552 72 1609 iu
93 1548 213 1627 quibus,
240 1549 287 1625 qui
304 1547 360 1606 alia
379 1548 479 1625 specie
502 1565 585 1625 quam
603 1555 721 1625 oportet
739 1555 850 1622 utetur,
875 1563 932 1605 nou
951 1548 1042 1606 minus

45 1651 130 1711 quam
148 1635 213 1710 ipso
233 1649 343 1709 genere
365 1640 533 1709 permutato
545 1631 708 1708 deliquerit.
742 1630 814 1690 Nam
835 1639 864 1689 et
884 1649 926 1691 cn
946 1640 974 1689 et
990 1637 1085 1690 cot50

44 1719 263 1776 coniunctiones
282 1723 361 1789 sunt,
381 1715 457 1774 male
472 1725 566 1775 tamen
584 1717 775 1791 interroges‚'
786 1716 836 1775 bic
851 1723 905 1775 cat
919 1715 970 1775 ille
984 1716 1043 1781 sit,-

45 1810 74 1861 et
95 1820 136 1863 nc
157 1819 191 1859 ac
209 1798 435 1866 oon'adverbia3
458 1801 505 1876 qui
522 1808 617 1858 tamen
638 1798 714 1858 dicat
730 1815 784 1875 pro
803 1797 854 1857 illo
877 1818 918 1859 ne
930 1799 1045 1876 feccrie

43 1904 105 1947 non
125 1885 254 1964 fecerim
282 1884 310 1942 in
329 1883 403 1942 idem
424 1884 530 1943 incidat
550 1885 665 1957 vitium,
691 1884 757 1959 quia
779 1882 900 1941 alterum
918 1881 1044 1958 negandi

46 1979 92 2030 est
114 1970 236 2028 alterum
260 1968 384 2027 vetandi.
425 1966 489 2028 lloc
516 1967 637 2045 amplius
657 1968 737 2028 intro
758 1975 788 2025 et
808 1968 891 2027 ictus
911 1966 970 2027 loci
993 1966 1041 2025 ad·
1086 2028 1088 2037 ¹

44 2053 161 2129 verbla,
177 2071 212 2114 co
224 2060 318 2112 tamen
331 2053 418 2112 iotam·
428 2060 458 2111 et
471 2054 553 2112 intro
568 2070 635 2112 scm
649 2050 816 2110 soloecismi
833 2058 906 2108 sunt.
935 2049 1042 2108 lladem
1052 2056 1085 2108 51

45 2141 73 2198 in
95 2138 264 2197 diversitate
288 2138 502 2215 pronominum,
524 2137 771 2210 interiectionum‚
795 2135 1042 2213 praepositionum

45 2222 191 2282 accidunt.
228 2220 281 2280 Est
300 2223 385 2280 etiam
402 2221 594 2280 soloecismus
609 2222 638 2280 in
653 2221 784 2279 oratione
807 2219 1041 2297 comprehensio·

45 2308 89 2365 nis
109 2308 194 2364 unius
217 2306 397 2382 sequentium
417 2323 451 2365 ac
470 2306 597 2382 priorum
618 2306 694 2364 inter
714 2322 747 2362 se
765 2305 971 2364 inconveniens
990 2320 1042 2381 po-

47 2391 125 2450 sitio.
167 2387 315 2462 Quaedam
334 2397 427 2448 tamen
449 2398 478 2448 et
496 2388 599 2448 faciem
619 2388 786 2447 soloecismi
807 2387 914 2447 babent
935 2397 964 2446 et
986 2387 1043 2446 dici
1053 2393 1086 2444 52

46 2476 152 2533 vitiosa
168 2490 226 2532 non
239 2482 377 2552 possunt,
400 2481 430 2532 ut
445 2474 606 2552 tropoedc'c
624 2471 765 2551 preetcc
783 2479 811 2531 et
826 2474 893 2533 lodi
906 2471 1045 2533 Floralia

49 2576 81 2617 ac
99 2555 290 2636 Mepalcec‘c,
313 2575 473 2635 quanquam
492 2556 565 2616 haec
587 2558 720 2636 sequenti
740 2563 872 2634 tempore
891 2555 1043 2615 intercide-

48 2652 111 2702 runt
133 2659 275 2720 nunquam
294 2641 378 2700 aliter
393 2659 409 2699 a
426 2640 574 2700 veteribus
595 2641 680 2700 dicta.
713 2639 879 2701 Scbemcta
893 2640 980 2717 igitur
993 2656 1044 2696 uo·

49 2726 241 2800 minabuntur,
257 2725 454 2804 frequentiora
471 2725 585 2803 quidem
601 2725 676 2802 apud
692 2731 795 2803 poetas
814 2724 867 2783 sed
882 2722 1044 2784 oratoribus

51 2828 166 2890 quoque
182 2811 332 2888 permissa.
358 2809 465 2868 Verum
480 2809 595 2869 schema
610 2809 673 2868 lere
690 2807 807 2867 habebit
821 2807 944 2885 aliquam
959 2809 1087 2868 ratio-53

49 2912 129 2970 nem,
147 2903 181 2954 ut
198 2893 364 2954 docebimus
381 2911 434 2968 eo,
456 2911 540 2971 quem
556 2893 643 2971 paulo
660 2902 725 2952 ante
746 2893 946 2970 promisimus,
965 2891 1043 2950 loco.

48 2980 106 3040 Sed
128 2978 186 3039 hoc
207 2996 339 3058 quoque‚
369 2978 446 3056 quod
465 2979 589 3038 seluemo
607 2987 744 3050 vocatur,
771 2977 797 3034 si
820 2975 856 3034 ab
876 2976 973 3053 aliquo
992 2993 1046 3053 per

46 3063 266 3141 imprudentiam
285 3064 390 3123 lactum
410 3065 479 3136 erit,
503 3061 670 3121 soloecismi
692 3062 761 3119 vitio
783 3077 840 3118 non
859 3061 978 3120 carebit.
1013 3057 1088 3118 luet

47 3146 150 3206 eadem
171 3150 271 3225 specie
290 3147 424 3207 suntsed
443 3145 590 3204 schemate
609 3154 723 3219 carent,
743 3153 773 3201 ut
793 3161 880 3221 supra
900 3145 973 3219 dixi,
994 3160 1044 3202 no·

46 3234 123 3290 mina
142 3230 290 3306 feminina,
313 3230 419 3309 quibus
436 3247 530 3288 mares
552 3239 685 3301 utuntur,
709 3235 738 3286 et
759 3228 914 3299 neutralia,
941 3227 1044 3307 quibus

46 3313 182 3375 feminae.
211 3314 356 3375 Hactenus
372 3315 408 3373 de
423 3314 608 3373 soloecismo.
640 3311 742 3389 Neque
758 3314 832 3370 enim
848 3322 937 3372 artem
952 3329 1044 3388 gram·

47 3400 180 3457 maticam
196 3416 370 3477 componere
387 3399 647 3475 aggressionum,
668 3397 719 3456 sed
736 3414 800 3459 oum
819 3398 846 3455 in
861 3397 989 3456 ordinem
1003 3396 1043 3452 in·

49 3491 197 3558 curreret,
219 3482 416 3542 inhonoratam
435 3483 558 3541 transire
577 3481 729 3541 noluimus.
