2434 3925
280 242 370 292 unsa.
386 242 535 293 onunoa.
551 243 621 291 nm.
635 240 697 309 x11,
714 241 741 293 1.
756 240 782 293 a.
969 228 1030 290 245

21 403 110 464 tione
129 398 260 460 diffieilia
281 407 454 474 tractentur,
475 399 672 459 necessarium
687 407 742 458 est.
773 396 846 457 Nam
860 397 1032 476 frequenter

21 487 119 546 etiam
141 485 268 563 optimae
291 501 397 544 causae
417 483 527 543 similes
549 490 614 541 sunt
632 482 731 558 malis,
757 490 787 541 et
807 482 945 541 innoeens
964 498 1032 540 reus

21 569 130 629 multis
146 566 350 626 verisimilibus
366 568 519 644 premitur;
543 581 600 644 quo
615 565 662 640 lit,
685 574 716 625 ut
733 565 835 626 eadem
851 566 971 625 notionis
985 582 1031 624 ra·

21 656 111 714 tione
128 650 329 712 defendendus
344 652 399 727 sit,
415 669 488 729 qua,
509 650 534 709 si
551 666 661 709 nocens
676 658 765 710 esset.
795 648 855 709 lam
872 651 1031 709 innumera·

21 737 100 797 bilia
117 743 184 794 sunt
200 733 284 794 bonis
302 734 396 794 nausis
411 733 554 813 malisque
573 734 753 811 eommunia,
770 741 880 808 testes,
905 732 1030 808 litterae,

20 819 238 898 suspiciones,
261 820 423 898 opiniones.
452 816 518 878 Non
540 816 626 877 aliter
646 826 740 877 autem
759 817 927 878 verisimilia
947 834 1031 895 quam
1097 830 1101 837 ’

20 921 102 964 vera
125 912 157 962 et
171 902 374 963 confirmantur
394 910 424 961 et
438 902 618 963 refelluntur.
653 901 857 980 Quapropter,
880 909 972 961 utres
987 901 1031 960 ie·

19 997 93 1064 ret,
110 986 246 1047 flectetur
261 988 360 1051 oratio
369 995 503 1046 manente
517 984 640 1045 honesta
653 986 813 1046 voluntate.

87 1139 325 1193 GOGNOSGENDA
343 1138 486 1191 ORATOR-1
503 1136 619 1198 QUIBUS
635 1136 744 1189 MORES
763 1136 974 1189 nonnullius.

115 1239 154 1301 11.
185 1241 307 1317 Quando
329 1241 416 1318 igitur
431 1248 530 1301 orator
545 1249 590 1301 est
604 1242 649 1301 vir
663 1239 775 1316 bonus,
802 1241 826 1300 is
847 1248 942 1301 autem
959 1240 1031 1298 eitra

21 1328 167 1387 virtutem
182 1325 305 1402 intelligi
322 1342 380 1385 non
395 1334 507 1402 potest:
528 1325 638 1400 virtus,
655 1325 766 1385 etiamsi
782 1324 923 1404 quosdam
940 1324 1029 1402 impe·

23 1421 79 1472 tus
96 1428 135 1469 ex
149 1419 248 1470 natura
263 1410 362 1484 sumit,
386 1417 482 1469 tamen
496 1409 673 1487 perficienda
694 1408 865 1469 doctrina
885 1416 947 1468 est:
969 1423 1028 1466 mo·

23 1511 82 1556 res
97 1502 165 1553 ante
181 1494 274 1553 omnia
293 1494 402 1553 oratori
423 1494 525 1554 studiis
541 1501 624 1552 erunt
640 1492 814 1567 excolendi,
835 1500 922 1570 atque
939 1493 1029 1551 omnis

24 1579 149 1640 honesti
164 1578 287 1655 iustique
305 1576 457 1656 disciplina
477 1576 697 1655 pertractanda,
720 1577 783 1636 sine
803 1593 859 1655 qua
874 1592 960 1635 nemo
973 1593 1029 1635 nee

24 1661 186 1723 virbonus
201 1679 268 1721 esse
287 1678 344 1721 nee
360 1660 473 1722 dioendi
490 1662 601 1738 peritus
618 1669 726 1739 potest.
757 1659 820 1720 Nisi
845 1659 921 1720 forte
942 1668 1056 1721 aene-2

26 1749 126 1809 dimus
140 1747 192 1821 iis,
215 1747 263 1823 qui
280 1753 380 1806 natura
397 1753 531 1806 constare
546 1761 644 1804 mores
660 1753 689 1804 et
707 1743 776 1804 nihil
797 1743 924 1805 adiuvari
944 1743 1029 1804 disei-

26 1832 112 1912 plina
129 1838 243 1908 putant;
265 1829 380 1889 scilieet
396 1837 494 1903 ntea,
518 1846 593 1907 quae
608 1846 693 1888 manu
712 1828 797 1903 liunt,
821 1835 908 1906 atque
929 1842 1030 1886 eorum

28 1915 120 1978 etiam
139 1915 385 1993 contemptissima
411 1913 601 1974 confiteantur
621 1930 712 1991 egere
734 1911 919 1987 doctoribus,
939 1911 1029 1971 virtu·

28 2012 92 2063 tem
107 2014 197 2075 vero,
213 2016 269 2077 qua
283 1997 354 2058 nilnil
369 1997 485 2073 homini,
504 2015 560 2077 quo
578 1998 614 2058 ad
629 1998 700 2058 deos
717 1996 892 2056 immortales
909 1996 1029 2074 propius

29 2083 205 2159 aeeederet,
228 2083 322 2143 datum
344 2091 406 2159 est,
428 2082 541 2142 obviam
563 2091 593 2142 et
612 2081 809 2156 illaboratum,
834 2088 942 2141 tantum
963 2080 1029 2157 quia

28 2168 93 2230 nati
115 2168 218 2241 simus,
239 2165 406 2227 habeamus.
441 2165 597 2226 Abstinens
620 2168 691 2242 erit,
716 2166 809 2244 quiid
825 2166 935 2243 ipsum,
961 2162 1038 2241 quid*
1100 2160 1104 2167 ’

29 2253 74 2314 sit
88 2249 268 2326 abstinentia,
285 2247 421 2329 ignoret?
440 2249 478 2310 Et
489 2251 585 2326 fortis,
601 2251 650 2329 qui
665 2259 758 2309 metus
773 2249 899 2323 doloris,
916 2248 1057 2322 mortis,3

32 2335 250 2411 superstitionis
267 2335 345 2396 nulla
359 2336 472 2394 ratione
485 2331 677 2413 purgaverit?
700 2332 736 2393 Et
751 2334 860 2407 iustus,
880 2333 928 2410 qui
944 2332 1030 2409 aequi

26 2419 162 2496 ‚bonique
177 2427 344 2496 tractatum,
363 2419 411 2497 qui
427 2418 527 2495 leges,
553 2435 686 2496 quaeque
703 2426 803 2477 natura
819 2425 884 2476 sunt
899 2415 1029 2475 omnibus

31 2505 118 2566 datae
133 2519 266 2581 quaeque
281 2504 418 2582 propriae
433 2501 548 2581 populis
566 2511 595 2561 et
605 2500 740 2579 gentibus
759 2503 943 2576 constitutae,
959 2517 1029 2559 nun·

34 2604 117 2667 quam
132 2587 289 2647 eruditiore
307 2587 404 2664 aliquo
420 2602 553 2646 sermone
569 2582 718 2646 tractarit?
748 2583 772 2644 0
789 2603 872 2663 quam
888 2584 964 2645 istud
978 2600 1028 2661 pa·

34 2689 98 2733 rum
111 2678 226 2750 putant,
243 2670 346 2749 quibus
361 2679 418 2730 tam
432 2670 518 2730 laoile
535 2669 664 2732 videtur!
695 2669 754 2729 Sed
769 2668 826 2729 hoe
841 2678 969 2741 transeo,
989 2666 1055 2726 del
1070 2677 1078 2696 ·

36 2771 95 2835 quo
108 2756 263 2831 neminem,
286 2756 334 2833 qui
353 2754 464 2814 litteras
478 2753 528 2813 vel
543 2755 659 2830 primis,
676 2763 707 2813 ut
722 2755 813 2828 aiunt,
836 2749 924 2811 labris
939 2750 1029 2826 degu-

37 2839 132 2913 starit,
155 2819 344 2898 dubitaturum
364 2846 444 2917 puto.
476 2838 522 2898 Ad
544 2837 616 2898 illud
637 2854 763 2915 sequens
783 2843 968 2914 praevortar,
992 2850 1029 2892 ne

36 2922 148 2985 dicendi
170 2922 284 3000 quidem
305 2922 375 2982 satis
396 2922 517 3001 peritum
532 2921 612 2996 lore,
636 2923 683 2999 qui
705 2937 762 2979 non
785 2927 814 2978 et
835 2926 952 2977 naturae
971 2918 1030 2975 vim

37 3023 146 3068 omnem
169 3008 282 3084 penitus
303 3006 487 3085 perspexerit
508 3014 538 3065 et
556 3022 652 3065 mores
674 3003 839 3083 praeceptis
861 3019 895 3061 ao
916 3001 1029 3061 ratione

37 3091 172 3153 formarit.
203 3088 305 3167 Neque
329 3092 403 3150 enim
424 3089 529 3149 frustra
552 3090 683 3148 intentio
705 3088 741 3148 de
757 3085 880 3146 Oratore
900 3084 974 3144 libro
993 3083 1055 3149 lat

39 3174 161 3236 Crassus
184 3182 302 3248 cuneta,
326 3191 400 3252 quae
422 3174 458 3234 ‹le
480 3189 591 3251 aequo,
616 3174 707 3247 iusto,
730 3187 817 3246 vero,
833 3168 911 3229 bono
934 3168 1029 3248 deque

38 3263 91 3334 iis,
108 3275 183 3336 quae
199 3266 265 3316 suut
281 3259 506 3336 contraposita,
523 3256 671 3330 dieantur,
687 3255 805 3334 propria
821 3271 887 3313 esse
905 3256 1029 3313 oratoris

38 3343 174 3418 allirmat,
190 3358 225 3401 ae
239 3340 448 3420 philosophos,
465 3359 528 3402 eum
544 3357 579 3400 ea
596 3338 709 3399 dicendi
725 3337 834 3398 viribus
848 3346 973 3412 tuentur,
987 3337 1029 3396 nti

38 3426 181 3487 rhetomm
204 3426 289 3485 armis
313 3441 371 3484 non
395 3426 464 3484 suis.
502 3424 582 3484 luem
601 3431 696 3482 tamen
720 3423 888 3497 eonlitetur,
914 3417 950 3481 ea
973 3421 1029 3479 iam

41 3530 106 3572 esse
127 3529 142 3571 a
163 3509 348 3590 philosophia
368 3509 508 3589 petenda,
536 3507 675 3568 videlieet
698 3507 764 3586 quia
783 3508 874 3584 magis
891 3504 965 3565 liaeo
986 3503 1029 3563 illi
