2434 3925
151 173 210 236 196
469 190 505 237 u.
520 188 599 236 run.
616 190 834 250 chnrmrsnr

147 360 210 402 cem
231 344 380 402 continuus
402 342 514 421 quidam
534 345 657 420 gemitus
678 354 707 405 et
729 347 803 406 idem
822 347 955 407 tristitiae
971 348 1084 408 vultus
1101 369 1169 411 ser·

146 425 275 501 rabitur,
300 429 324 486 si
344 427 457 505 quidem
477 428 558 488 volet
578 429 709 489 dolorem
730 448 811 491 suum
833 432 917 490 etiam
941 434 969 490 in
995 433 1168 495 audientes

146 510 368 570 transfundere?
389 529 473 590 quem
488 513 512 570 si
527 530 646 590 usquam
662 515 815 590 remiserit,
836 517 864 574 in
881 517 1003 575 animum
1017 518 1166 579 iudican-

105 595 212 654 totium
239 612 296 653 non
321 596 451 655 reducet.
488 593 572 667 Quod
597 599 754 675 praecipue
778 599 1004 658 declamantibus
1035 601 1165 681 (neque
1191 596 1192 601 ’

146 680 219 737 enim
234 696 279 737 me
295 681 424 756 poenitet
438 679 473 738 ad
488 678 544 738 boc
560 698 676 758 quoque
693 698 766 760 opus
781 700 874 742 meum
889 692 918 742 et
933 701 1034 742 curam
1050 704 1165 747 susce

145 771 258 840 ptorum
283 763 373 821 semel
399 762 624 822 adolescentium
649 767 814 845 respicere)
843 766 1073 829 custodiendum
1104 781 1163 845 est,

145 863 203 923 quo
220 846 317 924 plures
334 848 361 905 in
378 846 479 905 schola
495 847 638 924 finguntur
653 849 784 925 allectus,
801 867 875 928 quos
889 867 946 909 non
963 859 993 909 ut
1009 853 1163 914 advocati

102 929 195 992 cased
210 939 240 988 ut
260 931 338 1008 passi
359 930 494 989 subimus.
528 929 598 990 Cum
616 935 700 992 etiam
721 933 777 993 hoc
800 951 892 1011 genus
909 934 1040 993 simulari
1062 937 1162 998 litium

143 1014 252 1087 soleat,
275 1032 338 1073 cum
361 1015 404 1072 ius
422 1016 521 1074 mortis
539 1033 555 1074 a
570 1025 669 1075 senatu
692 1018 806 1095 quidam
821 1017 858 1076 ob
874 1017 997 1096 aliquam
1012 1037 1163 1098 magnam

143 1097 340 1159 infelicitatem
358 1097 407 1157 vel
428 1100 513 1158 etiam
535 1102 739 1177 poenitentiam
762 1110 878 1179 petunt,
905 1103 933 1159 in
957 1101 1071 1179 quibus
1097 1123 1160 1166 non

142 1181 235 1240 solum
254 1190 389 1256 cantare,
413 1183 490 1260 quod
511 1185 609 1243 vitium
629 1185 772 1262 pervasit,
795 1172 842 1244 a'ut
863 1184 998 1246 lascivire
1025 1189 1090 1249 sed
1120 1209 1160 1249 ne

142 1267 336 1341 argumentari
351 1265 465 1344 quidem
480 1268 533 1325 uisi
548 1269 643 1327 mixtis
659 1278 689 1328 et
703 1268 818 1346 quidem
835 1271 891 1344 ita,
912 1277 942 1328 ut
956 1271 1020 1348 ipsa
1036 1273 1158 1349 proba·

142 1350 221 1408 bone
236 1350 326 1426 magis
343 1352 493 1425 emineant,
509 1351 660 1410 affectibus
676 1353 770 1415 decet.
802 1351 873 1412 Nam
890 1355 937 1431 qui
951 1354 1158 1417 intermittere

141 1435 170 1492 in
185 1432 298 1509 agendo
314 1432 446 1492 dolorem
461 1443 575 1512 potest,
596 1436 710 1495 videtur
727 1452 814 1514 posse
830 1438 915 1496 etiam
936 1438 1107 1515 deponere.

99 1523 133 1578 57
225 1515 333 1577 Nescio
348 1524 442 1576 tamen
459 1536 495 1579 an
509 1519 602 1595 buius,
619 1520 655 1579 de
670 1537 728 1599 qno
743 1520 895 1598 loquimur,
911 1520 1028 1580 decoris
1046 1534 1155 1585 custo·

142 1600 326 1661 dia'maxime
350 1603 427 1662 circa
449 1620 517 1678 eos,
540 1612 669 1663 contra
690 1621 779 1682 quos
797 1604 930 1680 dicimus,
951 1607 1152 1669 examinanda

142 1685 187 1743 sit.
226 1684 298 1744 Nam
317 1687 378 1745 sine
402 1685 488 1747 dubio
511 1689 540 1746 in
561 1687 691 1747 omnibus
715 1689 810 1747 statim
830 1688 1066 1749 accusationibus
1092 1693 1152 1753 boc

141 1770 282 1845 agendum
297 1779 352 1845 est,
369 1788 405 1828 ne
420 1770 455 1829 ad
471 1789 521 1830 eas
534 1770 658 1830 libenter
672 1772 860 1832 descendisse
876 1772 1031 1832 videamur.
1060 1774 1149 1836 ldeo·

140 1870 198 1930 que
221 1854 287 1913 mibi
308 1854 379 1914 illud
395 1852 487 1913 Cassii
509 1856 612 1914 Severi
633 1872 690 1915 non
712 1856 896 1916 mediocriter
912 1856 1068 1935 displicet:
1094 1860 1149 1921 Dii

140 1938 224 2015 cent,
253 1940 341 2008 mooe
368 1945 412 2015 et,
440 1956 498 2017 quo
518 1958 565 2001 me
583 1941 686 2002 cicere
707 1941 803 2016 iacet,
827 1944 1034 2018 Asprenatem
1055 1963 1146 2005 ream
1193 1981 1194 2008 t

137 2024 234 2083 video.
270 2022 335 2083 Non
355 2024 428 2082 enim
444 2026 517 2083 iusta
535 2042 572 2082 ex
588 2042 674 2084 causa
688 2025 737 2085 vel
752 2027 918 2085 necessaria
932 2026 1027 2085 videri
1040 2038 1145 2105 potest

95 2114 130 2167 58
139 2106 303 2183 postulasse
321 2125 385 2166 eum
399 2106 451 2167 sed
467 2108 587 2185 quadam
598 2109 752 2169 accusandi
768 2109 925 2187 voluptate.
949 2108 1074 2170 Praeter
1085 2112 1142 2173 boc

137 2198 240 2264 tamen,
257 2191 335 2268 quod
355 2199 400 2251 est
416 2208 575 2266 commune,
592 2195 737 2271 propriam
752 2193 977 2253 moderationem
995 2197 1141 2271 quaedam

137 2290 241 2332 causae
259 2275 432 2334 desiderant.
472 2274 657 2354 Quapropter
674 2285 719 2351 et,
742 2279 790 2355 qui
806 2278 981 2336 curationem
996 2277 1140 2339 bonorum

136 2358 225 2433 patris
242 2358 408 2435 postulabit,
427 2359 526 2419 doleat
543 2361 604 2418 eius
620 2360 827 2428 valetudinem
854 2368 885 2420 et
899 2361 1056 2440 quamlibet
1073 2382 1138 2440 gra·

135 2441 181 2498 via
197 2439 256 2499 lilio
272 2450 356 2519 pater
371 2441 537 2502 obiecturus
552 2446 752 2505 misserrimam
768 2443 822 2502 sibi
837 2445 971 2505 ostendat
984 2463 1052 2505 esse
1064 2447 1138 2507 banc

135 2525 225 2602 ipsam
250 2527 471 2599 necessitatem,
498 2545 554 2586 nec
574 2527 632 2587 hoc
654 2529 753 2606 paucis
772 2527 859 2588 modo
881 2528 980 2588 verbis
1002 2530 1055 2589 sed
1074 2540 1135 2590 toto

136 2608 238 2669 colore
254 2610 391 2686 actionis,
414 2618 444 2669 ut
468 2610 496 2669 id
517 2629 582 2670 euru
604 2629 662 2672 non
678 2612 777 2672 dicere
792 2611 878 2671 modo
894 2612 946 2672 sed
963 2613 1049 2672 etiam
1064 2633 1135 2673 vere

92 2692 127 2746 59
136 2693 234 2753 dicere
250 2703 398 2771 appareat.
429 2692 492 2753 Neo
508 2698 636 2756 causanti
651 2695 761 2775 pupillo
777 2696 819 2754 sic
834 2704 913 2756 tutor
927 2697 1068 2756 irascatur
1086 2717 1133 2757 un·

135 2794 233 2854 quam,
259 2786 289 2836 ut
313 2795 370 2837 nou
388 2788 553 2840 remaneant
571 2782 677 2840 amoris
695 2781 818 2857 uestigia
840 2789 869 2839 et
889 2798 974 2840 sacra
995 2783 1134 2859 quaedam

134 2864 222 2937 patris
247 2863 309 2921 eius
333 2865 478 2922 memoria.
511 2862 569 2923 lam
597 2865 742 2944 quomodo
765 2873 865 2924 contra
886 2865 1065 2926 abdicantem
1085 2885 1132 2945 pa·

133 2952 216 3018 trem,
234 2955 401 3023 querentem
418 2963 553 3022 uxorem,
575 2949 622 3024 agi
639 2965 754 3008 causam
770 2957 937 3026 oporteret,
954 2950 982 3006 in
997 2948 1089 3024 libro,
1106 2959 1133 3008 ut

133 3025 273 3104 arbitror,
296 3032 418 3108 septimo
442 3032 509 3091 dixi.
551 3030 672 3104 Quando
693 3034 774 3111 ipsos
796 3032 893 3109 loqui,
915 3033 1028 3110 quando
1050 3035 1131 3093 etiam

115 3144 117 3148 <
133 3110 266 3172 advocati
276 3131 351 3173 voce
367 3117 408 3174 uti
421 3116 535 3189 deceat,
552 3125 669 3193 quartus
684 3116 768 3192 liber,
784 3117 882 3194 inquo
896 3118 1037 3196 prooemii
1049 3135 1128 3194 prae·

133 3204 218 3273 cepta
233 3205 308 3262 sunt,
325 3200 460 3257 continet.
967 3207 971 3214 ’

90 3287 125 3341 60
213 3277 288 3339 Esse
304 3282 331 3339 iu
347 3282 443 3340 verbis
462 3285 538 3361 quod
556 3285 660 3344 deceat
675 3295 722 3345 aut
738 3292 822 3363 turpe
838 3286 884 3360 sit,
901 3285 1005 3344 nemini
1018 3283 1127 3344 dubiam

26 3375 27 3386 ¹
134 3372 187 3422 est.
225 3363 314 3422 Unum
334 3366 388 3423 iam
409 3367 495 3441 igitur
511 3367 576 3427 buio
592 3368 677 3444 loco,
700 3369 778 3446 quod
794 3378 840 3428 est
854 3386 923 3429 sane
939 3385 1062 3427 sommae
1077 3368 1126 3427 dil·

132 3448 283 3524 siccitatis,
306 3448 495 3510 adiicieudum
517 3451 645 3528 videtur,
667 3453 882 3531 quibusmodis
905 3469 955 3530 ea,
979 3469 1051 3530 quae
1065 3462 1127 3510 sunt
