2434 3925
357 195 794 263 ruer.0nsrou.u1e.v,ro.
997 179 1058 245 205

64 366 137 417 turn
159 372 275 435 qnoque
288 355 370 434 plura
386 354 536 432 significat.
572 351 645 412 Nam
661 360 691 412 et
708 351 822 411 fabulae
838 351 875 411 ad
890 358 983 410 actum
997 359 1089 414 sce-o

63 458 166 500 narum
181 442 360 518 compositae
376 446 542 515 argumenta
557 436 704 510 dicuntur,
722 445 751 495 et
766 437 926 494 orationum
941 432 1059 493 Cicero-

62 528 109 583 nis
140 524 222 584 velut
253 524 348 583 thema
377 525 440 601 ipse
466 537 617 600 exponens
645 519 802 594 Pedianus,
831 516 1060 596 Argumentum,

62 609 167 686 inquit,
184 608 245 668 tole
265 616 328 677 est;
350 616 379 666 et
398 609 462 684 ipse
480 603 585 664 Cicero
597 604 633 663 ad
647 603 763 663 Brutum
779 605 818 662 ita
833 602 949 662 scribit:
974 599 1060 663 Veri·

63 699 114 753 tur
133 692 284 770 fortusse,
312 711 352 752 ne
371 710 426 752 nos
449 692 482 750 in
505 686 650 750 Catonem
670 696 804 748 nostrum
825 687 1063 765 transferremus

62 777 149 837 illius
169 777 244 837 tnali
266 777 357 853 quid,
380 776 435 835 etsi
455 781 665 851 argumentum
685 773 781 832 modic
800 789 860 831 non
881 777 957 832 crat.
995 766 1061 842 Quo

64 867 205 938 apparet,
224 877 336 919 omnem
351 857 386 918 ad
401 857 584 918 scribendum
606 856 775 916 destinatam
794 856 942 914 materiam
957 853 996 911 ita
1012 868 1061 929 ap-

64 942 182 1022 pellari.
218 942 281 1002 Nec
296 944 412 1018 mirum,
436 959 500 1003 cum
515 940 542 1000 id
558 942 634 999 inter
649 940 771 1018 opifices
785 955 901 1017 quoque
916 937 1064 1013 vulgatum
1073 947 1105 999 10

64 1030 115 1101 sit,
132 1026 208 1085 unde
224 1025 388 1103 Vergilius,
412 1023 631 1103 Argumentum
650 1026 777 1100 inpetum
800 1022 948 1099 vulgoque
974 1019 1061 1098 paulo

64 1112 247 1187 numerosius
270 1127 343 1188 opus
364 1110 467 1170 dicitur
492 1116 734 1184 argumentosum.
783 1107 841 1166 Sed
869 1121 943 1164 nunc
965 1103 1001 1164 de
1025 1119 1061 1162 eo

65 1193 218 1255 (licendum
234 1202 401 1270 argumento
416 1201 471 1267 est,
491 1191 568 1269 quod
578 1190 789 1270 probationem,
805 1190 949 1263 indicium,
966 1187 1061 1261 iidem,

66 1278 289 1354 aggressionem
310 1277 438 1337 eiusdem
456 1278 499 1335 rei
516 1277 630 1334 nomina
646 1276 730 1349 iacit,
751 1292 851 1352 parum
865 1273 1017 1347 distincte,
1032 1280 1063 1330 nt

67 1360 200 1420 arbitror.
242 1360 315 1421 Nam
340 1360 473 1439 probatio
499 1368 529 1418 et
555 1359 627 1418 lides
650 1358 774 1418 efficitur
799 1376 856 1417 non
881 1365 988 1416 tautum
1011 1365 1104 1433 perll

65 1445 153 1519 haec,
170 1462 244 1523 quae
260 1454 324 1504 sunt
338 1445 467 1519 rationis,
483 1442 535 1503 sed
551 1445 636 1502 etiam
651 1452 704 1520 per
716 1441 915 1501 inartificialia.
944 1441 1063 1518 Signum

68 1536 175 1605 antem,
192 1528 269 1607 quod
285 1528 335 1588 ille
351 1528 484 1588 indicium
496 1536 592 1602 uocat,
612 1525 647 1586 ab
661 1527 835 1602 argumentis
851 1526 906 1585 iam
918 1525 1061 1603 separari.

66 1611 166 1689 Ergo,
189 1630 252 1672 cum
274 1614 311 1672 sit
333 1621 528 1689 argumentum
553 1611 649 1670 ratio
672 1608 934 1688 probationem
956 1625 1062 1686 prae·

67 1705 188 1771 stans,
211 1714 282 1772 qua
306 1695 504 1773 colligitur
530 1694 629 1754 aliud
661 1711 726 1771 per
753 1692 868 1767 aliud,
892 1701 927 1751 et
952 1709 1062 1770 qnae,

3 1772 6 1859 J
67 1779 163 1858 quod
188 1787 243 1838 est
266 1779 426 1855 dubium,
456 1797 523 1858 per
545 1778 595 1852 id,
624 1776 715 1855 quod
738 1775 879 1835 dubium
900 1793 969 1834 non
990 1783 1061 1849 est,

66 1864 280 1924 confirmat:
296 1881 420 1923 necesse
432 1872 477 1922 est
494 1880 561 1922 esse
579 1861 685 1939 aliquid
701 1861 728 1918 in
746 1876 849 1934 causa,
868 1860 943 1937 quod
959 1857 1063 1936 proba·

3 1973 4 1976 ¹
65 1950 147 2008 tione
164 1966 222 2008 uon
239 1956 335 2025 egeat.
363 1946 480 2026 Alioqui
496 1944 564 2006 nibil
577 1946 641 2021 erit,
655 1960 710 2022 quo
723 1942 889 2022 probemus,
903 1943 955 2002 nisi
966 1941 1062 2016 inerit,
1072 1951 1106 2004 lb

66 2033 146 2111 quod
168 2035 273 2091 anteit
294 2050 394 2091 verum
416 2040 464 2090 ant
485 2030 632 2103 videatur,
657 2047 694 2087 ex
715 2033 772 2106 qno
794 2026 886 2087 dubiis
910 2027 981 2086 fides
1004 2027 1061 2086 liat.

64 2117 124 2176 Pro
141 2116 229 2175 certis
245 2124 339 2175 antem
354 2114 490 2175 babemus
506 2115 642 2192 primum,
664 2130 738 2190 quae
753 2110 885 2171 sensibus
900 2111 1063 2189 percipiun-

4 2225 7 2231 ·
64 2209 124 2275 tur,
139 2208 172 2257 ut
189 2216 263 2277 quae
278 2199 419 2274 videmus,
436 2198 574 2272 audimus,
593 2196 688 2275 qualia
706 2204 770 2254 sunt
786 2198 882 2272 signa;
899 2194 1001 2255 deinde
1017 2212 1063 2268 ea,

66 2285 96 2341 in
113 2300 189 2361 qnae
205 2285 346 2342 communi
362 2284 498 2361 opinione
514 2298 687 2342 consensum
704 2289 765 2355 est,
783 2281 856 2342 deos
876 2298 954 2355 csse,
971 2298 1063 2357 prae·

65 2367 211 2428 standum
219 2370 362 2445 pietatem
370 2367 569 2444 parentalium
585 2373 749 2443 praeterea,
768 2380 842 2440 quae
856 2362 971 2439 legibus
983 2369 1107 2424 cauta13

67 2460 151 2525 sunt,
177 2468 252 2528 quae
274 2452 462 2528 persuasione
485 2451 675 2510 etiamsinon
700 2449 822 2506 omnium
843 2446 987 2506 bominum
1003 2447 1064 2505 eins

68 2543 165 2593 tamen
189 2535 311 2593 civitatis
333 2543 381 2593 aut
396 2536 508 2611 gentis,
524 2535 553 2592 in
569 2549 689 2611 quares
705 2533 809 2608 agitur,
826 2533 853 2589 in
868 2546 965 2590 mores
981 2546 1064 2589 rece-

68 2626 119 2696 pta
134 2626 214 2691 sunt,
236 2626 266 2677 nt
286 2618 427 2696 pleraque
446 2620 475 2676 iu
495 2619 557 2676 inre
580 2633 638 2674 non
654 2614 769 2692 legibus
786 2614 839 2674 sed
853 2614 980 2674 moribus
996 2630 1064 2672 con·

69 2709 161 2768 stant;
185 2702 210 2759 si
228 2702 294 2778 quid
309 2701 383 2761 inter
397 2711 546 2778 utramque
562 2708 674 2778 partem
696 2700 846 2773 convenit,
868 2699 893 2756 si
914 2696 981 2775 quid
998 2714 1065 2774 pro·

68 2783 167 2843 batum
190 2793 250 2859 est,
272 2784 397 2863 denique
418 2786 578 2862 cuicunque
599 2783 781 2842 adversarius
803 2798 860 2842 non
886 2779 1063 2840 contradicit.

68 2867 121 2927 Sic
137 2869 211 2927 enim
226 2868 275 2927 liet
290 2877 495 2946 argumentum,
515 2866 589 2927 Cum
608 2868 804 2945 procidentia
824 2866 955 2925 maenalus
975 2870 1108 2941 repo-14

67 2960 132 3026 tur,
154 2953 402 3014 administrando
423 2961 469 3013 est
490 2951 665 3029 respublica
672 2973 686 3021 ,·
713 2960 744 3010 ut
763 2946 982 3009 administranda
1003 2965 1065 3006 res-

66 3034 187 3114 publica
213 3037 266 3113 sit,
296 3039 320 3095 si
349 3034 470 3114 liquebit
488 3033 621 3094 mundum
648 3034 828 3111 providentia
853 3033 927 3108 regi.
971 3030 1067 3091 Debet
1076 3041 1107 3092 15

66 3120 155 3179 etiam
175 3127 243 3179 nota
266 3138 332 3180 esse
361 3129 443 3180 recte
468 3127 636 3196 argumenta
662 3126 818 3177 tractaturo
844 3117 888 3175 ris
914 3124 946 3175 et
966 3123 1066 3175 natura

67 3204 193 3263 omnium
215 3220 327 3279 rerum,
352 3202 471 3281 etquid
495 3220 628 3280 quaeque
652 3219 748 3260 earum
764 3200 885 3266 efficiam
910 3198 976 3259 binc
991 3201 1065 3258 enim

65 3294 146 3360 sunt,
161 3303 234 3364 quae
247 3280 344 3349 εἰκότα
355 3288 495 3347 dicuntur.
524 3284 767 3346 credibilium
778 3292 872 3343 antem
883 3300 992 3361 genera
1003 3289 1108 3343 sumno

64 3372 138 3429 tria:
153 3387 241 3430 unum
256 3370 459 3445 firmissimum,
476 3371 542 3448 qnia
559 3369 622 3429 iere
638 3368 759 3444 accidit,
775 3376 807 3427 nt
823 3366 949 3429 Liberos
966 3384 986 3427 a
1005 3381 1065 3444 po-

64 3452 205 3515 rents‘bus
225 3457 349 3525 amarer
370 3454 491 3516 alterum
507 3453 588 3515 uelut
599 3453 792 3531 propensius,
811 3449 900 3528 Eum,
916 3451 968 3528 qui
983 3455 1068 3511 recte
