2434 3925
157 133 228 202 200‘
472 104 831 211 ιιιιιιριιιιιιιιιιιιιι

156 308 192 368 ad
213 305 322 379 bellum
338 306 390 366 sed
408 306 444 367 ad
463 305 633 367 numentum
648 305 851 382 coemendum,
868 307 922 382 ait,
939 313 972 366 nt
988 306 1157 384 primuml·

156 394 259 465 cuerit,
275 390 433 468 apartibus
448 392 624 457 recessisse;
640 387 782 467 Ligarium
793 398 823 449 et
836 408 1056 468 perseverasse
1069 400 1100 451 et
1110 408 1156 450 nm

155 493 210 554 pro
230 472 281 534 Cn.
304 473 459 552 Pompeio,
482 476 557 534 inter
577 492 662 552 quem
682 483 711 534 et
728 473 883 534 Caesarem
901 474 1057 550 dignitatis
1080 476 1154 535 fue-'t

155 560 318 634 contentio,
335 576 398 618 cum
413 558 522 618 salvam
537 566 659 635 uterquc
674 576 735 617 rem
749 557 893 636 publicam
908 558 1019 634 vellet,
1039 559 1099 619 sed
1114 575 1152 637 po

112 653 144 708 81
153 642 223 703 luba
238 651 326 720 atque
340 641 420 700 Afris
441 643 641 703 inimicissimis
662 642 771 721 populo
790 641 918 701 Romano
935 643 1075 702 stetisse.
1113 640 1151 701 de

155 736 247 786 terum
264 727 313 786 rel
331 724 495 789 facillimum
510 735 572 801 est,
593 725 633 785 ibi
655 726 777 789 alienam
799 725 912 803 culpam
932 727 1097 802 incusare,
1116 725 1153 786 rbi

155 811 255 871 lateris
272 819 358 869 tuam.
388 808 496 869 Verum
515 810 543 869 id
566 811 621 869 iarn
636 809 737 869 iudicis
759 818 804 868 est
819 827 876 868 nou
891 811 1011 871 actoris.
1050 806 1172 885 Quodsi

154 894 233 954 nulla
256 895 395 970 contingit
423 894 590 953 excusatio:
617 892 682 954 sola
706 894 836 953 colorem
857 892 944 952 habet
964 895 1155 972 poenitentis

153 979 254 1039 Potest
269 979 342 1037 enim
363 978 455 1037 videri
470 980 540 1037 sotis
558 978 742 1054 emendatus,
764 979 812 1055 qui
828 979 857 1037 iu
872 977 966 1037 odium
982 995 1112 1056 eorum,
1134 979 1157 1036 ir

111 1062 255 1141 &aquibus
270 1070 428 1138 erraverat,
443 1062 507 1139 ipse
522 1078 681 1121 conversus
696 1071 750 1121 est
772 1062 843 1121 Sunt
857 1062 931 1120 enim
945 1080 1063 1123 causae
1073 1081 1157 1141 quac·

154 1147 235 1221 dam,
252 1163 325 1223 quae
340 1144 397 1204 hoc
413 1155 512 1206 natura
527 1147 590 1224 ipsa
606 1146 650 1205 rei
669 1163 727 1205 uon
740 1146 877 1206 indecens
892 1145 1014 1205 faciant:
1035 1157 1079 1209 ,ut
1099 1165 1157 1207 cnm

153 1239 237 1309 pater
252 1248 291 1288 ex
304 1231 458 1288 meretrice
472 1239 577 1305 natum,
598 1229 675 1308 quod
690 1230 803 1290 duxerit
818 1230 1000 1290 meretricem
1015 1231 1045 1288 in
1061 1233 1158 1292 matri·

153 1314 292 1388 monium,
318 1311 441 1372 abdicat.
481 1313 664 1373 Scholastica
684 1315 803 1374 materia
826 1314 878 1373 sed
901 1331 973 1390 non,
999 1331 1081 1393 quae
1104 1333 1158 1375 non
1186 1294 1189 1347 l

154 1398 247 1476 possit
270 1396 414 1456 accidere.
444 1395 498 1456 llic
518 1399 605 1474 igitur
626 1398 713 1457 multu
728 1415 786 1457 nou
805 1397 972 1458 deformiter
989 1399 1089 1460 dicet:
1111 1400 1158 1459 vel
1189 1372 1190 1419 ¹

154 1480 231 1558 quud
253 1483 374 1539 omniurn
395 1481 433 1540 sit
446 1490 543 1541 votum
558 1491 724 1559 parentum,
745 1490 777 1541 ιιι
791 1481 974 1541 honestiores
994 1498 1088 1559 quarn
1104 1485 1159 1544 sint
1191 1528 1192 1567 ,

153 1565 209 1643 ipsi
221 1563 329 1623 liberos
340 1563 473 1640 habeant,
491 1565 571 1642 (uam
582 1575 622 1641 et,
639 1568 663 1624 si
674 1565 818 1641 lilianata,
835 1567 972 1625 meretrix
983 1583 1048 1624 eam
1063 1578 1158 1629 mater
1192 1606 1193 1625 ι

153 1647 286 1728 pudicam
301 1666 368 1707 esse
382 1649 540 1728 voluisset)
555 1649 604 1708 vel
620 1650 697 1726 quod
711 1649 844 1709 humilior
857 1653 921 1728 ipse
941 1650 1043 1724 luerit,
1070 1652 1157 1728 (licet
1193 1684 1194 1713 ι

153 1734 227 1792 enim
242 1731 298 1792 hoo
315 1732 428 1811 dicere)
444 1732 493 1792 rel
509 1733 585 1811 quud
600 1750 657 1792 non
674 1732 805 1795 habuerit
818 1743 929 1813 patrem
943 1734 989 1812 (pri
1001 1745 1155 1801 moneret:

110 1818 219 1894 usquin
235 1833 271 1876 eo
286 1818 377 1876 minus
391 1818 420 1876 id
436 1816 596 1876 laciendum
613 1817 672 1877 lilio
694 1816 801 1894 luisse,
824 1836 861 1877 ue
877 1826 1030 1877 renovaret
1049 1818 1155 1878 domus

152 1900 293 1980 pudorem
317 1909 346 1960 et
371 1900 562 1979 exprobraret
584 1903 658 1980 patri
682 1902 811 1980 nuptias,
840 1903 921 1961 matri
942 1902 1047 1980 prioris
1076 1905 1154 1964 vitae

153 1987 370 2066 necessitatem
396 2003 434 2044 ue
454 1985 578 2063 denique
597 1986 693 2064 legem
715 1988 854 2064 quandam
874 1989 932 2046 suis
950 1988 1154 2065 quoque-sub

152 2070 219 2129 inde
242 2069 340 2128 liberis
363 2070 453 2130 daret.
487 2068 641 2130 Credibilis
654 2071 719 2130 erit
733 2073 818 2130 etiam
833 2072 947 2149 propria
966 2071 1112 2148 quaedam
1127 2074 1156 2131 in

152 2153 202 2212 illa
218 2154 372 2213 meretrice
389 2153 550 2231 turpitudo,
570 2172 655 2231 quam
669 2172 743 2213 nuno
759 2153 805 2214 hic
820 2163 904 2234 pater
916 2155 993 2214 ferre
1009 2171 1069 2214 non
1085 2173 1155 2234 pos·

153 2239 199 2296 sit.
242 2236 309 2296 Alia
338 2246 503 2315 praetereo.
547 2237 651 2317 Neque
677 2240 751 2297 enim
776 2256 850 2298 nunc
877 2238 1069 2297 declamemus
1100 2240 1155 2299 sed

153 2320 346 2397 ostendimus,
372 2339 571 2399 nonnunquam
595 2339 685 2401 posse
709 2321 851 2382 dicentem
872 2323 942 2400 ipsis
962 2321 1155 2383 incommodis

151 2404 226 2463 bene
240 2405 290 2463 uti.

109 2497 145 2551 Sl
232 2487 297 2547 lllio
318 2488 409 2548 maior
428 2498 543 2566 aestus,
564 2457 613 2549 dbi
635 2491 699 2569 quis
721 2487 852 2569 pudenda
873 2490 1015 2567 queritur,
1040 2497 1071 2547 ut
1093 2499 1153 2550 stu·

152 2591 251 2651 prum,
271 2574 430 2650 praecipue
445 2574 474 2632 iu
492 2574 633 2649 maribus,
655 2584 702 2634 aut
721 2593 755 2634 os
770 2574 957 2652 profanatum
982 2572 1053 2631 Nou
1070 2572 1154 2646 dico,

152 2658 176 2716 si
193 2657 326 2734 loquatur
340 2658 418 2734 ipse;
438 2675 501 2716 nam
514 2659 580 2735 quid
597 2658 674 2718 aliud
689 2660 717 2718 ei
733 2676 815 2737 quam
829 2658 951 2734 gemitus
967 2674 1002 2716 ac
1017 2656 1107 2716 lletns
1123 2666 1155 2717 et

152 2741 300 2800 execratio
315 2742 392 2800 ritas
409 2743 576 2817 conveniat,
594 2750 624 2801 ut
640 2741 727 2802 iudex
742 2742 882 2818 intelligat
901 2741 997 2819 potius
1016 2739 1155 2801 dolorem

151 2824 230 2883 illurn
246 2843 329 2902 quarn
346 2823 462 2885 audiat‘l
491 2826 550 2885 Sed
568 2835 690 2904 patrono
706 2843 821 2904 quoque
836 2843 890 2902 per
905 2824 1013 2883 similes
1026 2824 1154 2885 allectus

153 2909 273 2968 eundum
290 2911 360 2984 erit,
384 2911 449 2988 quia
464 2908 520 2969 boc
533 2911 653 2969 iniuriae
669 2929 761 2987 genus
782 2908 974 2968 verecundius
992 2917 1038 2968 est
1053 2911 1153 2987 passis

109 3006 236 3068 anquam
255 2994 341 3052 ausis.
372 2992 528 3054 hlollienda
543 3002 588 3054 est
604 2996 633 3052 in
652 2993 800 3072 plerisque
816 2993 873 3053 ulio
890 2992 991 3052 colore
1006 2993 1155 3070 asperitas

152 3077 300 3151 orationis,
315 3085 346 3135 ut
360 3075 464 3137 Cicero
478 3078 513 3137 de
529 3079 757 3156 proscriptorum
767 3078 865 3136 liberis
881 3077 960 3136 fecit.
984 3074 1059 3147 Quid
1075 3079 1155 3135 enim

152 3157 297 3217 crudelius
323 3178 407 3237 quam
433 3161 562 3221 homines
588 3161 717 3221 honestis
742 3160 909 3240 parentibus
935 3177 969 3219 ac
993 3159 1155 3219 maioribus

150 3250 234 3301 natos
260 3260 277 3301 a
297 3261 330 3302 ro
351 3243 466 3321 publica
488 3242 681 3305 summoveri?
713 3245 813 3322 ltaque
829 3244 929 3304 durum
945 3243 973 3302 id
990 3259 1057 3302 esse
1073 3261 1152 3303 sum·

151 3343 213 3385 mus
234 3324 284 3385 ille
307 3328 518 3387 tractandorum
537 3332 693 3388 animorum
714 3329 818 3389 artilex
842 3327 1010 3402 confitetur,
1036 3326 1089 3386 sed
1111 3329 1152 3386 ita

151 3407 265 3487 legibus
282 3410 384 3492 ¹Sullae
402 3411 562 3473 cohaerere
584 3422 687 3474 statum
704 3413 825 3473 civitatis
844 3411 981 3487 affirmat,
997 3418 1027 3470 ιιι
1041 3410 1086 3471 his
1099 3428 1149 3471 so·
