2434 3925
302 166 392 217 rasa.
405 167 553 218 onaaoa.
566 170 637 218 ure.
649 171 703 237 rx,
720 167 746 220 4.
956 163 1013 222 141

2 322 205 387 emanares.
240 320 295 382 Est
315 323 389 382 enim
404 320 548 400 quoddam
562 324 627 403 ipsa
641 325 783 386 divisione
798 326 953 388 verborum
974 330 1056 394 la·98

2 426 64 470 ens
76 417 216 484 tempus,
232 414 263 466 ut
274 409 302 465 ia
312 409 483 484 pentametri
495 406 589 468 medio
601 409 752 486 spondeo,
769 413 817 488 qni
828 414 883 471 nisi
895 413 1013 473 alterius

1 491 87 553 rerhi
104 489 165 551 line
180 490 299 551 alterius
314 492 394 553 initio
410 500 539 567 constat,
553 509 670 552 versum
684 511 741 553 noa
757 494 857 554 eflicit.
901 495 1011 573 Potest,

1 575 124 638 etiamsi
144 576 236 635 minus
260 574 350 647 hene,
369 577 511 653 praeponi
526 587 714 654 anapaestos:
738 576 867 641 diuidere
885 599 947 642 aaa
967 600 1012 643 ao·

2 680 62 722 um
79 660 182 721 nobili
194 678 301 720 aerum
315 661 406 720 etiam
418 668 501 723 notu.
544 661 625 720 Sicut
640 671 812 740 anapaestus
831 673 859 723 et
875 666 1011 740 creticus,
1021 674 1056 729 99

1 742 120 806 ambus
142 760 274 821 quoque,
293 745 341 821 qui
364 753 409 802 est
430 752 554 822 unoque
576 744 689 820 syllaba
712 748 819 822 misor,
839 748 1015 826 (praecedet

1 830 162 893 animitas
179 827 283 904 longas
299 827 414 907 brevis)
432 837 463 887 et
480 829 629 905 spondeus
650 829 743 890 iambo
761 841 844 891 recte
859 834 1012 911 praeponi·

1 931 60 979 ur:
87 908 208 972 Iisdem
224 913 257 972 ia
276 913 441 991 omnicfua'.
484 912 555 972 Tum
570 913 717 990 spondeus
740 924 770 974 et
793 915 948 991 bacchius,
970 918 1014 975 sic

1 998 78 1060 enim
108 994 161 1056 iict
180 995 294 1057 ultimus
315 996 480 1056 dochmius.
509 995 660 1058 laurada
678 1000 789 1060 &adm
806 1002 862 1080 fai.
904 999 951 1060 Ex
967 1003 1013 1074 iis,
1022 1010 1072 1062 100

1 1100 78 1163 puae
103 1098 194 1159 supra
214 1078 352 1159 probavi,
380 1089 520 1158 apparet,
549 1082 701 1143 molosson
728 1100 844 1162 qnoque
866 1084 1013 1145 clausulae

1 1166 185 1239 eonvenite,
203 1166 268 1225 dum
288 1163 396 1226 haheat
410 1182 448 1224 ex
463 1182 638 1244 quocunque
652 1166 728 1245 pede
744 1176 809 1228 ante
828 1186 861 1227 se
877 1167 1011 1228 brevem:

13 1251 89 1314 dud
101 1251 220 1312 sciram
234 1251 404 1327 ubicunque
417 1258 504 1323 nent,
522 1269 589 1311 case
599 1269 660 1328 pro
670 1251 766 1313 nohis.
810 1251 902 1312 Minus
913 1254 1011 1329 gravis
1021 1260 1069 1314 101

15 1337 56 1395 rit
69 1334 242 1412 spondeus,
255 1334 451 1411 praecedente
463 1333 647 1412 pyrrhichio,
660 1343 691 1393 ut
701 1332 816 1397 Iudicii
826 1335 950 1397 luniaco
957 1379 967 1411 ,
983 1345 1012 1396 ct

3 1419 101 1480 dhuc
120 1418 205 1496 peius
220 1420 319 1496 priore
335 1434 465 1495 paeone,
487 1426 519 1477 ut
534 1417 646 1493 Beate,
666 1420 825 1490 dabitoai,·
844 1422 898 1480 nisi
915 1421 1012 1498 potius

1 1504 58 1563 hoc
83 1519 159 1562 esse
178 1502 311 1562 volumus
328 1502 472 1577 dactylum
494 1509 524 1561 et
540 1500 701 1562 bacchium.
735 1502 801 1563 Duo
817 1504 938 1582 spondei
955 1521 1013 1563 non

9 1605 67 1647 ere
83 1604 121 1646 se
138 1587 218 1663 iungi
233 1587 393 1664 patiuntur,
414 1602 489 1663 quae
504 1588 533 1646 in
548 1603 636 1645 versu
652 1603 769 1665 quoque
784 1587 919 1648 notabilis
935 1588 1011 1649 clau·

1 1671 65 1732 sula
89 1679 157 1744 est,
178 1670 233 1729 nisi
255 1687 318 1729 cum
343 1670 372 1729 id
389 1670 452 1729 lieri
468 1679 567 1748 potest
588 1669 737 1730 extribus
761 1673 842 1749 quasi
862 1671 1010 1731 memhris:

25 1774 68 1816 ur
90 1756 136 1816 de
156 1754 298 1833 persuade
317 1755 431 1815 contis
452 1757 560 1832 copias
576 1763 734 1832 comparat
755 1758 783 1816 ia
805 1763 913 1816 contro
936 1758 1013 1816 nos?

5 1857 57 1900 na
72 1837 209 1914 syllaba,
225 1838 352 1912 duabus,
368 1855 433 1897 una.
461 1837 506 1898 Ne
519 1837 779 1916 dactylusquidem
792 1838 923 1917 spondeo
938 1838 1071 1905 benerae

7 1923 212 2003 raeponitur,
235 1924 300 2000 quia
321 1922 405 1983 huam
427 1940 530 1983 versus
552 1920 715 1982 damnamus
739 1923 767 1982 in
783 1922 839 1982 tine
863 1923 1011 1982 orationis.

2 2007 152 2070 Bacchius
170 2016 199 2065 et
216 2006 323 2067 claudit
344 2017 373 2066 et
393 2006 447 2067 sihi
468 2007 608 2084 iungitur:
635 1993 789 2068 Venenum
804 2010 942 2078 timerem·
964 2006 1012 2066 vel

18 2092 150 2152 horeum
164 2099 194 2150 et
208 2090 369 2169 spondeum
380 2100 446 2151 aute
460 2100 550 2151 amat:
569 2088 605 2151 Vt
619 2109 767 2152 menam
776 2094 908 2154 umeros.
938 2088 1012 2149 Coa·

2 2177 110 2236 trarius
128 2192 245 2253 qumque
260 2177 308 2254 qui
326 2184 387 2251 est,
406 2174 518 2251 cludet,
541 2177 596 2234 nisi
618 2177 642 2234 si
664 2175 790 2236 ultimam
812 2176 928 2252 longam
946 2192 1013 2234 esse

2 2261 160 2334 uolumus,
182 2262 348 2338 optimeque
371 2258 489 2319 habehit
515 2268 582 2319 ante
608 2261 642 2318 se
659 2259 827 2320 molosson:
849 2257 932 2325 Ciuis
952 2257 1013 2320 lto-

3 2355 118 2407 rnam
132 2362 221 2414 surm
237 2353 286 2404 aut
296 2343 462 2418 bacchium,
479 2340 569 2416 Quod
582 2344 633 2404 bic
647 2352 762 2423 potest,
778 2363 835 2407 moa
844 2362 1010 2423 poscemus.

3 2428 65 2489 Sed
79 2429 182 2489 verius
197 2430 252 2487 erit
268 2427 404 2488 claudere
419 2428 557 2488 choreum
572 2427 770 2506 praecedente
786 2428 934 2507 spondeo,
950 2436 1071 2488 uam103

4 2510 53 2574 hic
74 2513 174 2592 potius
196 2521 242 2571 est
267 2530 416 2572 uumerus:
447 2509 512 2573 Noa
533 2530 690 2590 possemus
711 2521 742 2573 et
761 2512 915 2574 &maana
935 2529 1011 2573 sam.

5 2593 134 2658 claudet
149 2603 179 2656 et
189 2595 359 2670 dichoreus,
377 2597 406 2657 id
417 2604 463 2655 est
479 2597 554 2657 idem
568 2614 628 2675 pes
639 2597 694 2656 sibi
709 2598 773 2675 ipse
788 2600 938 2675 iungetur,
955 2612 1012 2673 quo

4 2679 111 2740 Asiani
135 2688 201 2740 sunt
225 2681 270 2740 usi
295 2680 460 2758 plurimum
492 2682 573 2740 cuius
599 2681 764 2759 exemplum
786 2680 891 2742 Cicero
916 2680 1011 2757 ponit:

6 2761 115 2824 Patria
130 2765 245 2825 dictans
257 2766 382 2842 sopiens
396 2766 551 2826 temeritas
563 2764 620 2842 fiat
635 2765 851 2842 comprobavit.
878 2763 1013 2841 Accipiet
1022 2771 1073 2823 104

6 2855 77 2906 ante
92 2863 126 2907 se
139 2847 263 2908 choreus
279 2858 309 2908 et
323 2848 533 2927 pyrrhichium:
558 2846 668 2911 Omnes
684 2866 782 2927 propo
796 2851 880 2911 cioca
892 2848 1013 2919 melate,

4 2931 127 3010 plocio,
149 2933 297 3010 dipnitatc
313 2933 489 3012 superabat.
534 2930 641 2991 Gludet
659 2943 690 2993 ct
705 2931 854 3006 dactylus,
876 2931 930 2988 nisi
948 2946 1014 2987 eum

5 3013 180 3075 observatio
192 3015 308 3076 ultimae
321 3018 460 3077 creticum
474 3016 559 3076 iacit:
574 3013 759 3078 Mehercule
769 3016 905 3076 atacem
915 3014 1014 3075 litore.

4 3094 135 3160 Habebit
146 3109 212 3159 ante
223 3098 298 3160 hene
311 3103 450 3161 creticum
461 3110 491 3160 et
502 3099 641 3174 iambum,
654 3098 813 3178 spondeum
823 3098 916 3172 male,
929 3098 1013 3175 peius

5 3180 160 3245 choreum.
178 3181 274 3244 Cludit
285 3184 521 3263 amphibrachys:
536 3180 571 3256 Q.
581 3181 739 3262 [iporiam
747 3179 897 3259 ludicrica
906 3182 1013 3260 satam,
1021 3188 1071 3241 105

6 3266 32 3326 si
55 3281 118 3329 non
133 3286 198 3327 eum
214 3267 352 3328 malumus
378 3286 445 3327 esse
470 3267 631 3329 bacchium.
672 3266 737 3327 Non
756 3267 880 3345 optimus
896 3274 941 3324 est
956 3274 1013 3324 tro·

9 3348 138 3426 cinaeus,
156 3352 182 3411 si
196 3351 254 3411 ulla
269 3359 314 3411 est
327 3351 425 3411 ultima
439 3351 552 3418 brevis;
576 3352 654 3429 quod
671 3359 751 3410 certe
767 3352 803 3409 sit
817 3366 943 3410 necesse
959 3356 1014 3422 est,

12 3434 120 3514 alioqui
139 3435 286 3515 quomodo
309 3435 439 3511 claudet,
463 3437 511 3515 qui
533 3434 631 3513 placet
645 3434 810 3514 plerisque,
834 3427 1012 3494 dichoreus?
