2434 3925
351 204 773 273 muu.onaroa.1ue.x‚e.
998 195 1057 257 173

47 371 91 424 ut
108 364 174 423 cito.
198 363 257 422 Sed
268 371 326 422 tum
336 363 469 437 maxime,
486 379 550 421 cum
560 360 684 421 facultas
699 361 749 421 illa
761 362 925 439 contigerit
941 364 1058 422 resista·

46 466 122 507 mus
139 455 168 505 et
182 445 382 525 provideamus
400 455 430 505 et
444 444 573 505 ferentes
585 462 677 522 equos
689 444 779 504 frenis
797 445 1006 531 quibusdam
976 463 1058 504 coer·

50 549 190 597 ceamus;
215 530 291 608 qnod
313 547 371 589 nou
396 538 452 588 tam
473 546 581 588 moram
602 528 698 588 faciet
695 547 796 606 quam
820 545 911 588 novus
936 532 1059 628 impetus

50 614 170 683 dabit..
189 613 293 692 Neque
315 616 389 672 enim
407 631 506 672 rursus
537 630 605 687 eos
630 613 678 690 qui
700 612 789 673 robur
808 612 956 690 aliquod
948 614 1058 673 rustilo

6 698 193 771 fecerint
211 698 246 757 ad
262 698 407 757 infelicem
419 696 608 756 calumniandi
623 714 656 755 se
672 713 795 773 poenam
805 696 966 773 alligandos
977 706 1057 773 puto.

53 782 131 841 Nam
147 783 292 859 quomodo
311 782 447 840 sufficere
464 780 567 839 officiis
583 779 716 839 civilibus
738 780 847 858 possit,
870 782 916 858 qui
939 781 1099 856 singulisll

5 924 7 945 q
55 867 202 925 actionum
223 864 353 944 partibus
369 861 557 924 insenescut?
595 865 667 923 Sunt
689 873 783 923 autem
807 863 910 941 quihus
932 863 1001 923 nihil
1023 867 1060 935 sit

4 950 8 1045 q
56 952 146 1013 satis:
164 951 256 1008 omnia
268 958 388 1023 mutare,
401 949 493 1007 omnia
508 947 593 1007 aliter
602 948 702 1007 dicere
718 965 802 1026 quam
818 949 942 1007 occurrit
952 946 1057 1015 velint;

56 1032 200 1093 increduli
216 1033 329 1110 quidam
345 1042 374 1091 et
396 1032 432 1091 de
453 1033 569 1108 ingenio
591 1048 645 1090 suo
660 1033 787 1109 pessime
804 1033 913 1105 meriti,
934 1033 982 1113 qui
996 1031 1058 1090 dili·

4 1118 184 1195 gentiam
196 1126 294 1194 putant
309 1118 407 1177 facere
423 1115 477 1175 sihi
495 1115 639 1174 scribendi
655 1114 860 1174 difficultatem.
891 1114 954 1174 Nec
964 1132 1057 1215 prom·
1047 1126 1099 1176 -12

4 1208 5 1214 ’
4 1210 137 1290 ptum
154 1209 199 1258 est
214 1198 323 1276 dicere,
338 1210 419 1259 utros
436 1217 560 1277 peecare
579 1198 700 1258 validius
716 1208 828 1298 putem,
846 1198 948 1277 quibus
965 1202 1057 1260 omnia

56 1300 110 1343 sua
130 1284 248 1361 placent
272 1303 307 1344 an
323 1284 426 1362 quibus
442 1280 521 1342 nihil
565 1282 679 1343 Accidit
701 1285 774 1342 enirn
795 1285 879 1343 etiam
900 1285 1057 1359 ingeniosis

2 1432 4 1448 ι
57 1366 294 1427 adolescentibus
314 1368 491 1445 frequenter,
509 1375 538 1425 ut
549 1366 650 1426 labore
667 1376 868 1427 consumantur
882 1377 910 1426 et
925 1370 953 1426 in
970 1368 1056 1427 silen-

2 1458 4 1465 “
57 1453 128 1511 tium
143 1470 236 1529 usque
258 1450 434 1512 descendant
456 1453 538 1511 nimia
559 1450 635 1511 bene
661 1450 774 1511 dicendi
797 1451 961 1529 cupiditate.
995 1450 1057 1524 Qua

2 1545 3 1548 ’
57 1534 96 1594 de
111 1553 143 1593 re
154 1537 267 1594 memini
283 1553 416 1596 narrasse
428 1534 495 1593 milri
512 1533 614 1594 lulium
625 1534 787 1594 Secundum
804 1535 894 1610 illum,
908 1534 1058 1613 aequalem

56 1636 151 1677 meum
167 1628 252 1696 atque
268 1637 283 1678 a
298 1632 359 1693 me,
383 1628 414 1678 ut
429 1628 525 1677 notum
541 1626 601 1692 est,
623 1617 802 1678 familiariter
816 1629 952 1692 amatum,
969 1621 1056 1679 mirae

57 1702 210 1761 facundiae
225 1705 332 1779 virum,
355 1702 480 1761 infinitae
497 1712 591 1761 tamen
610 1720 707 1777 curae,
725 1702 792 1780 quid
807 1711 887 1762 esset
905 1702 958 1761 sibi
976 1721 992 1763 a
1007 1721 1056 1781 pa·

57 1795 123 1845 truc
139 1803 192 1845 suo
204 1787 317 1846 dietum.
343 1784 372 1845 ls
385 1786 436 1845 fuit
448 1784 536 1844 lulius
547 1783 662 1859 florus,
675 1787 703 1844 iu
715 1786 881 1863 eloquentia
893 1786 1056 1859 Galliarum,
1066 1799 1099 1854 13

58 1872 191 1947 quoniam
207 1870 245 1929 ihi
259 1871 371 1935 demum
383 1871 514 1929 exercuit
529 1887 602 1943 eam,
615 1870 763 1949 princeps,
777 1870 885 1947 alioqui
900 1872 973 1929 inter
988 1888 1056 1947 pau·

58 1971 111 2014 cos
128 1953 253 2013 disertus
268 1965 298 2014 et
320 1954 423 2031 dignus
439 1953 489 2014 illa
504 1954 729 2053 propinquitate
761 1953 788 2014 ls
805 1972 868 2015 cum
884 1953 1056 2029 Secundum,

58 2038 179 2097 scholae
195 2038 289 2098 adhuc
308 2048 467 2116 operatum,
485 2039 595 2098 tristem
613 2038 689 2099 forte
705 2038 841 2098 vidisset:
858 2040 1056 2115 interrogavit,

1 2139 132 2201 quae
145 2139 230 2181 causa
243 2123 344 2182 frontis
357 2132 413 2181 tam
424 2118 584 2182 adductae?
605 2121 1099 2196 Neednsmutavnadolescens,14

57 2207 195 2264 tertium'
186 2223 241 2264 ram
255 2207 330 2266 diem
346 2225 428 2280 esse,
453 2206 530 2304 quod
555 2208 630 2265 omni
652 2205 754 2266 labore
778 2208 913 2265 materiae
936 2207 971 2266 ad
987 2207 1056 2265 seri·

56 2288 180 2348 bendum
192 2289 350 2349 destinatae
363 2307 420 2349 non
434 2291 573 2349 inveniret
585 2289 749 2358 exordium
766 2307 823 2368 quo
838 2290 892 2350 sibi
905 2308 962 2350 non
974 2308 1056 2369 prae·

56 2391 124 2432 sens
142 2382 248 2432 tantum
264 2374 365 2448 dolor,
383 2371 456 2433 sed
459 2376 543 2433 etiam
565 2374 759 2451 desperatio'
750 2392 779 2433 m
798 2384 947 2453 posterum
963 2375 1055 2435 frenet.

57 2456 127 2516 Tum
142 2455 247 2517 Florus
265 2459 405 2531 arridens,
421 2455 576 2535 Numquid
593 2466 642 2533 ιιι,
658 2459 757 2536 inquit,
771 2461 877 2521 melida
891 2461 1057 2523 dioececis

56 2558 149 2619 quium
163 2543 272 2619 potes?
302 2540 343 2601 lta
355 2559 388 2602 se
400 2560 448 2601 res
463 2541 559 2601 habet.
593 2539 756 2604 Curandum
769 2553 825 2619 est,
841 2553 967 2621 utquam
983 2545 1098 2621 opti-15

55 2643 101 2684 me
116 2625 260 2692 dicamus;
282 2624 431 2685 dicendum
455 2634 549 2685 tamen
570 2643 623 2704 pro
645 2625 791 2687 facultate.
830 2628 874 2687 Ad
894 2628 1056 2705 profectum

56 2709 129 2767 enim
146 2724 219 2786 opus
242 2718 286 2767 est
301 2709 394 2768 studio
415 2711 472 2768 dou
494 2710 699 2786 indignatione.
738 2710 775 2770 Ut
796 2707 939 2789 possimus
961 2720 1055 2769 autem

55 2791 186 2851 scribere
201 2793 285 2851 etiam
299 2792 381 2870 plura
400 2793 542 2868 celerius,
563 2811 622 2852 nou
638 2796 807 2854 exercitatio
824 2794 909 2854 modu
928 2802 1055 2871 praesta·

55 2876 114 2947 bit,
138 2877 166 2932 in
191 2893 246 2953 qua
267 2878 329 2936 sine
347 2876 433 2936 dubio
449 2878 564 2936 multum
582 2886 643 2952 est,
665 2878 717 2938 sed
739 2880 823 2938 etiam
844 2880 932 2944 ratic;
954 2877 980 2935 si
998 2893 1056 2935 uon

55 2959 183 3036 resupini
198 2969 422 3038 spectantesque
439 2969 547 3020 tectum
569 2971 598 3020 et
619 2962 823 3038 cogitationem
840 2978 987 3020 murmure
995 2963 1054 3037 agi·

55 3051 150 3103 tontes
173 3046 439 3118 expectaremus,
458 3043 525 3123 quid
541 3044 688 3112 obveniat:
711 3044 764 3104 sed
785 3046 853 3144 quid
876 3062 924 3104 res
941 3055 1054 3144 poscat,

57 3125 128 3221 quid
139 3141 293 3202 personam
314 3127 432 3202 deceat,
457 3128 534 3205 quod
550 3130 587 3187 sit
603 3138 734 3206 tempus,
756 3130 803 3206 qui
819 3129 919 3188 iudicis
935 3131 1055 3197 animus.

57 3202 148 3269 intuiti
173 3207 294 3267 humano
315 3212 439 3287 quodam
457 3211 544 3271 modo
566 3212 601 3271 ad
630 3212 811 3272 scribendum
832 3215 1052 3274 accesserimus.

59 3295 109 3353 Sic
126 3290 209 3351 nobis
228 3301 257 3350 et
274 3294 350 3353 initia
364 3304 394 3354 et
409 3313 484 3372 quae
502 3305 660 3395 sequuqtur
675 3297 800 3355 namra
792 3315 854 3375 tpsa
871 3298 1052 3379 praescrihit

61 3373 147 3436 Certa
170 3384 236 3434 suut
257 3377 331 3434 enim
351 3378 493 3456 pleraque
517 3389 560 3454 et,
584 3382 639 3439 nisi
660 3382 878 3457 conniveamus
903 3384 931 3441 in
951 3382 1095 3452 oculoslo

60 3461 220 3528 iucurruut3
235 3460 362 3538 ideoque
376 3480 432 3524 uec
442 3464 548 3524 indocti
563 3482 619 3526 uec
633 3465 733 3525 rustici
749 3464 796 3527 diu
811 3475 961 3544 quaerunt,
978 3465 1054 3526 uude
