2434 3925
319 223 772 290 msu.ouunou.n1e.rv,1··
974 212 1032 272 155

34 402 122 460 enm,
147 380 225 460 quod
245 388 275 440 et
295 379 358 440 beri
376 398 440 439 cum
454 378 539 438 modo
556 377 645 439 debet
660 388 689 438 et
701 389 746 438 est
760 389 855 439 tamen
873 381 947 459 parti
962 380 1031 438 utri·

34 487 94 549 que
113 482 280 532 commuue;
305 465 358 525 sed
378 465 403 522 si
423 463 536 523 laudem
561 465 623 522 eius
639 463 674 523 ad
689 464 838 523 utilitatem
858 481 963 524 causae
981 479 1032 521 no·

33 563 116 612 strae
134 549 382 622 coniunxerimus,
411 556 441 606 ut
462 546 623 623 allegemus
643 564 696 624 pro
718 546 847 607 honestis
867 548 1033 624 dignitatem

34 636 77 696 illi
93 652 187 706 suam,
203 649 257 710 pro
275 630 427 691 humilibus
447 632 597 705 iustitiam,
620 648 673 708 pro
689 629 852 691 infelicibus
869 632 1033 691 misericor·

35 719 123 794 diam,
141 733 195 795 pro
212 716 299 777 laesis
315 717 501 781 severitatem
519 723 548 774 ει
563 714 694 773 similiter
710 724 829 775 cetera,
851 713 949 774 liores
965 732 1035 792 quo·
1043 720 1076 776 17

37 821 112 881 que,
129 803 156 860 si
172 801 235 859 lieri
252 808 366 877 potest,
384 799 485 859 iudicis
500 799 587 858 uelim
606 815 703 858 nosse.
735 798 807 858 Nam
824 808 911 877 prout
926 800 1033 876 asperi,

35 886 139 959 leues,
156 884 288 959 iucundi,
305 901 426 960 graves,
442 883 514 958 duri,
531 883 645 942 remissi
663 892 760 942 erunt:
778 892 827 942 aut
842 900 990 942 assumere
1006 883 1035 940 in
1134 953 1138 963 ¹

37 987 157 1030 causam
178 977 293 1027 naturas
316 984 431 1042 eorum,
456 984 512 1044 qua
536 975 719 1043 competent,
741 976 789 1026 aut
808 968 957 1043 mitigare,
979 960 1034 1043 qua

37 1052 256 1133 repugnabunt,
273 1051 429 1129 oportebit.
464 1050 580 1110 Accidit
595 1059 690 1110 autem
705 1052 818 1110 interim
833 1050 891 1109 boc
909 1055 1078 1132 quoque,18

38 1147 69 1197 ut
85 1146 135 1197 aut
150 1136 233 1194 uobis
249 1135 378 1195 inimicus
394 1142 442 1194 aut
462 1134 636 1194 aduersariis
652 1136 689 1194 sit
704 1137 828 1209 amicus,
851 1135 899 1213 qui
915 1132 1034 1198 iudicat;

40 1238 116 1299 quae
138 1238 188 1278 res
209 1218 322 1295 utrique
343 1220 417 1297 parti
436 1218 583 1278 tractanda
607 1226 652 1277 εει
673 1236 708 1278 ac
728 1220 828 1277 nescio
852 1236 888 1276 an
906 1219 990 1277 etiam
1009 1217 1036 1274 ei

38 1305 150 1380 magis,
166 1304 194 1362 in
213 1320 297 1380 quam
314 1305 447 1363 videatur
460 1304 644 1381 propensior.
676 1301 729 1361 Εει
745 1303 819 1361 enim
835 1318 1036 1379 nonnunquam

39 1406 150 1467 prauus
164 1387 212 1447 bic
226 1385 359 1464 ambitus,
375 1386 514 1446 aduersus
530 1387 639 1445 amicos
655 1394 703 1445 aut
717 1403 771 1465 pro
789 1385 850 1460 bis,
868 1385 1036 1470 quibuscum

40 1470 202 1531 simultates
222 1479 340 1546 gerant,
368 1469 567 1548 pronuntiandi
587 1469 770 1548 faciendique
793 1471 912 1544 iniuste,
935 1487 973 1528 ue
994 1468 1036 1528 le·

41 1557 120 1617 cisse
139 1555 298 1615 videantur.
343 1552 471 1614 Fuerunt
494 1556 579 1614 etiam
600 1554 713 1632 quidam
727 1572 823 1613 rerum
838 1571 951 1613 suarum
966 1553 1078 1614 iudi-19

43 1657 104 1700 ces.
152 1637 224 1697 Nam
248 1646 276 1697 et
302 1638 330 1696 in
357 1637 438 1698 libris
466 1636 707 1697 Observationum
738 1656 755 1696 a
781 1637 922 1715 Septimio
952 1637 1036 1696 editis

42 1723 161 1783 affuisse
183 1719 355 1782 Ciceronem
374 1722 424 1781 tali
446 1739 550 1782 causae
572 1723 706 1797 invenio,
730 1728 760 1779 et
782 1737 838 1796 ego
862 1738 916 1797 pro
935 1722 1037 1796 regina

42 1805 186 1868 Berenice
205 1805 280 1884 apud
301 1807 392 1884 ipsam
414 1824 477 1866 eam
493 1823 608 1866 causam
624 1805 692 1864 dixi.
737 1804 844 1863 Similis
862 1803 908 1862 bic
920 1821 1037 1881 quoque

44 1889 243 1970 superioribus
255 1891 327 1949 ratio
346 1898 400 1949 εει.
430 1889 623 1949 Adversarius
636 1889 710 1947 enim
721 1888 853 1946 liduciam
865 1890 955 1967 partis
967 1905 1037 1945 suae

44 1978 143 2050 iactat,
160 1983 297 2052 patronus
313 1976 394 2034 timet
410 1974 616 2050 cognoscentis
631 1972 844 2031 verecundiam.
881 1971 1080 2032 Praeterea20

46 2058 221 2120 detrahenda
238 2058 287 2118 vel
302 2058 494 2118 confirmanda
511 2057 619 2135 opinio,
636 2058 760 2134 siquam
777 2056 936 2132 praecipue
952 2055 1037 2120 domo

45 2141 190 2203 ridebitur
206 2141 292 2202 iudex
307 2143 449 2202 attulisse.
479 2140 573 2200 Metus
590 2142 676 2199 etiam
690 2156 889 2217 nonnunquam
905 2148 950 2197 est
961 2156 1038 2197 aruo·

46 2227 174 2300 sendus,
198 2233 229 2285 ut
251 2223 355 2286 Cicero
378 2243 432 2304 pro
445 2224 569 2300 Milone,
593 2243 631 2283 ue
653 2241 730 2283 arma
745 2223 874 2300 Pompeii
898 2223 1037 2300 disposita

49 2319 149 2369 contra
169 2327 202 2368 se
218 2318 365 2386 putarent,
387 2309 543 2377 laboravit;
566 2325 767 2386 nonnunquam
792 2305 987 2381 adhibendus,
1008 2314 1040 2364 ut

47 2394 122 2454 idem
143 2394 172 2451 in
186 2389 308 2453 Verrem
328 2394 406 2453 iacit.
451 2393 509 2454 Sed
530 2391 682 2452 adhibendi
706 2391 806 2451 modus
824 2390 899 2450 alter
913 2391 964 2450 ille
979 2390 1081 2451 ire-21

50 2493 139 2557 quens
160 2485 190 2536 et
210 2476 394 2537 favorabilis:
421 2496 461 2538 ne
483 2477 562 2539 mule
589 2478 699 2538 sentiat
721 2477 853 2554 populns
874 2473 1039 2548 Βοηιαηιιε,

49 2562 218 2624 nsiudica'o
237 2562 484 2640 transformatur,-
505 2559 579 2619 alter
599 2569 694 2619 autem
714 2578 801 2637 asper
817 2567 846 2617 et
862 2576 960 2631 rarus,
981 2574 1039 2634 quo

50 2647 170 2705 minatur
196 2646 340 2723 corruptis
363 2646 597 2719 accusationem,
627 2652 657 2703 et
680 2644 709 2702 id
734 2644 848 2722 quidem
868 2644 896 2699 in
917 2641 1039 2701 consilio

50 2728 190 2807 ampliore
209 2737 355 2808 utcunque
377 2729 479 2797 tutius;
508 2744 571 2786 nam
595 2736 625 2787 et
645 2726 712 2786 mali
733 2725 895 2785 inbibentur
916 2734 946 2784 et
972 2723 1040 2783 boni

50 2813 190 2890 gaudeut;
213 2813 289 2890 apud
310 2811 439 2889 singulos
464 2828 536 2870 vero
552 2829 694 2889 nunquam
709 2811 865 2883 suaserim,
891 2809 945 2866 nisi
959 2808 1040 2867 deie-

52 2898 141 2957 cerint
164 2898 266 2956 omnia.
312 2895 397 2968 Quod
420 2896 444 2953 si
465 2896 628 2954 necessitas
653 2896 760 2971 exigit,
781 2910 838 2951 non
859 2894 913 2951 erit
934 2894 989 2950 iam
1005 2900 1082 2953 enti

51 2989 111 3040 arte
128 2982 265 3055 oratoria,
281 2996 339 3059 pon
353 2980 444 3055 magis
460 2996 543 3056 quam
559 2978 727 3057 appellare,
747 2977 858 3037 etiamsi
874 2976 902 3036 id
925 2992 1041 3054 quoquc

51 3081 141 3142 saepe
157 3063 228 3123 utile
244 3072 299 3137 est,
312 3072 370 3138 aut,
387 3072 538 3140 autequam
552 3063 733 3140 pronuntiet,
752 3078 833 3120 reum
847 3060 962 3129 facere;
978 3077 1042 3118 uam

51 3156 83 3207 ει
93 3148 194 3207 minari
210 3155 239 3205 ει
255 3146 372 3206 deferre
388 3147 474 3205 etiam
488 3163 545 3204 uon
561 3155 660 3205 orator
674 3153 782 3222 potest.

133 3231 165 3291 si
187 3248 273 3290 causa
296 3229 466 3290 conciliandi
486 3228 570 3288 nobis
591 3229 693 3288 iudicis
717 3227 865 3286 materiam
885 3224 981 3300 dabit,
1004 3234 1084 3288 extit

3 3319 4 3334 ¹
50 3315 105 3375 bac
119 3315 299 3393 potissimum
314 3314 410 3392 aliqua
424 3314 452 3371 iu
466 3332 548 3372 usum
564 3313 713 3391 principii,
736 3329 809 3389 quae
824 3311 947 3369 maxime
961 3310 1041 3369 lavo·

51 3398 152 3459 rabilia
166 3396 355 3474 videbuntur,
378 3398 497 3474 decerpi
515 3396 672 3477 oportebit.
718 3393 782 3466 Quo
798 3395 826 3453 in
848 3394 915 3453 loco
937 3392 1040 3468 Vergi-

4 3551 5 3554 ,
51 3484 112 3544 uim
131 3482 259 3558 lallitur,
286 3482 333 3561 qui
359 3481 514 3544 l'beodcro
535 3482 655 3561 placere
676 3478 777 3555 tradit,
803 3487 833 3540 ut
859 3495 897 3537 ex
921 3475 1041 3553 singulis
