2434 3925
338 259 776 329 1usr.oannoc.crs.11,1s.
1014 252 1051 314 at

59 428 86 480 et
101 422 286 490 enumerant,
310 416 358 493 qui
379 416 544 494 perniciosa
559 435 616 476 non
638 418 758 494 singulis
774 428 880 480 tantum
899 420 953 480 sed
968 420 1054 480 rebus

58 504 143 563 etiam
171 500 295 578 publicis
324 503 368 559 usi
397 501 563 578 eloquentia
576 501 761 561 ,turbaverint
786 506 942 564 civitatium
963 514 1053 564 status

57 587 104 646 vel
120 587 295 653 everterint:
316 602 411 663 eoque
425 593 454 644 et
464 584 757 645 Lacedaemoniorum
772 590 888 648 civitate
905 589 1054 666 expulsam

57 680 85 731 et
107 669 232 731 Athenis
259 686 392 748 quoque,
418 669 466 728 ubi
490 679 573 728 actor
596 688 715 730 movere
741 671 863 732 efectus
891 672 1054 750 vetabatur,

56 754 138 816 uelut
153 757 277 814 recisam
291 753 390 813 orandi
405 762 589 831 potestatem.

143 838 208 912 Quo
222 837 334 915 quidem
345 839 432 897 modo
445 856 500 896 nec
511 838 601 897 duces
614 848 697 898 erunt
709 839 796 899 utiles
807 858 863 899 nec
873 844 1080 916 magistratus5

57 943 112 985 uec
125 924 269 983 medicina
284 941 338 981 nec
355 923 479 999 denique
494 923 556 999 ipsa
571 925 721 1001 sapientia.
753 922 824 983 Nam
840 933 869 983 et
883 926 940 984 dux
952 924 1054 986 Flami-

57 1011 121 1068 nius
139 1016 169 1066 et
184 1006 321 1080 Gracchi,
345 1007 506 1081 Saturnini,
522 1006 659 1068 Glauciae
672 1026 795 1084 gessere
810 1010 1009 1085 magistratus,
1026 1019 1056 1070 et

56 1096 85 1153 in
98 1091 221 1151 medicis
235 1107 346 1170 venena
362 1099 391 1149 et
405 1092 433 1149 in
448 1089 508 1165 his,
531 1092 579 1168 qui
600 1091 838 1170 philosophorum
853 1094 967 1153 nomine
981 1094 1055 1155 male

57 1185 192 1250 utuntur,
217 1175 385 1251 gravissima
412 1191 611 1252 nonnunquam
638 1176 745 1252 flagitia
771 1177 954 1255 deprehensa
979 1188 1053 1239 sunt.

57 1259 150 1321 cibos
166 1276 365 1340 aspernemur;
383 1260 537 1319 attulerunt
552 1277 642 1337 saepe
657 1261 830 1321 valetudinis
843 1279 956 1321 causas.
978 1261 1081 1323 Nun-6

58 1362 146 1423 quam
165 1351 243 1402 tecta
265 1342 432 1410 subeamus3
455 1361 544 1421 super
563 1344 726 1404 habitantes
747 1344 901 1424 aliqnando
922 1363 1054 1424 procum·

57 1427 140 1488 bunt.
175 1426 240 1485 Non
261 1427 419 1486 fabricetur
432 1428 514 1500 militi
532 1427 661 1504 gladius3
683 1438 781 1507 potest
795 1432 835 1489 uti
856 1430 959 1490 eodem
975 1432 1054 1491 ferro

58 1512 146 1573 latro.
183 1510 254 1584 Quis
269 1512 379 1586 nescit,
397 1512 499 1588 ignes,
518 1530 626 1590 aquas,
645 1514 707 1572 sine
723 1513 825 1591 quibus
840 1515 918 1574 nulla
934 1516 971 1574 sit
984 1518 1054 1590 vita,

59 1605 89 1657 et
111 1596 165 1674 (ne
186 1597 308 1654 terrenis
326 1597 476 1675 immorer)
498 1597 591 1656 solem
612 1597 780 1677 lunamque,
799 1601 956 1678 praecipua
978 1600 1055 1660 side·

58 1698 140 1755 rum,
158 1678 311 1757 aliquando
329 1688 358 1739 et
373 1677 503 1739 nocere?

145 1762 217 1823 Num
240 1766 327 1840 igitur
348 1764 500 1841 negabitur
520 1765 679 1824 deformem
704 1764 806 1840 Pyrrhi
824 1784 927 1844 pacem
951 1773 1080 1829 caecus?

57 1847 111 1908 ille
133 1847 244 1926 Appius
271 1848 384 1909 dicendi
408 1849 516 1913 viribus
543 1845 715 1908 diremisse?
743 1857 790 1909 aut
815 1867 872 1909 non
897 1850 991 1911 divina
1016 1850 1054 1910 hl.

59 1931 149 1993 'fullii
170 1931 336 2009 eloquentia
359 1942 389 1993 et
411 1942 510 1993 contra
530 1932 614 2010 leges
638 1933 765 2009 agrarias
787 1933 936 2013 popularis
955 1935 1008 1995 fuit
1026 1943 1055 1995 et

60 2015 204 2077 Catilinae
230 2016 318 2092 fregit
343 2017 489 2077 audaciam
515 2026 544 2076 et
569 2017 816 2094 supplicationes,
843 2020 891 2095 qui
917 2021 1055 2078 maximus

59 2100 155 2163 honor
168 2099 328 2159 victoribus
343 2099 423 2160 bello
441 2099 561 2160 ducibus
576 2100 668 2176 datur,
684 2103 712 2159 in
726 2111 796 2177 toga
808 2099 932 2161 meruit?
954 2102 1081 2165 Nonness

58 2184 234 2263 perterritos
250 2183 368 2243 militum
383 2187 491 2244 animos
502 2185 684 2263 ⁴frequenter
702 2203 719 2244 a
735 2194 811 2244 metu
827 2195 947 2246 revocat
962 2189 1055 2247 oratio

59 2278 90 2329 et
115 2275 160 2327 tot
185 2267 329 2346 pugnandi
352 2268 482 2347 pericula
507 2268 668 2328 ineuntibus
693 2268 807 2329 laudem
830 2272 888 2329 vita
913 2273 1055 2348 potiorem

60 2369 130 2412 esse
146 2349 323 2430 persuadet?
359 2351 462 2430 Neque
477 2370 550 2413 veru
567 2371 613 2412 me
627 2353 845 2413 Lacedaemonii
862 2363 948 2432 atque
965 2355 1055 2415 Athe·

59 2438 179 2496 nienses
193 2438 284 2513 magis
301 2439 443 2496 moverint
459 2455 543 2516 quam
557 2437 683 2516 populus
695 2436 856 2513 Romanus,
879 2439 954 2516 apud
970 2457 1055 2517 quem

61 2536 170 2580 summa
184 2537 300 2599 semper
315 2521 478 2580 oratoribus
493 2521 616 2598 dignitas
631 2522 693 2580 fnit.
723 2520 864 2606 Equidem
878 2540 933 2582 nec
947 2523 1082 2593 urbiumt

64 2603 233 2664 conditores
255 2621 324 2663 reor
344 2604 428 2664 aliter
444 2605 601 2664 effecturos
623 2606 730 2681 fuisse,
752 2615 783 2665 ut
802 2624 876 2683 vaga
893 2606 944 2666 illa
964 2607 1055 2667 multi·

61 2688 132 2747 tudo
148 2689 241 2747 coiret
256 2689 284 2747 in
299 2689 440 2767 populos,
456 2690 510 2747 nisi
525 2689 611 2749 docta
626 2708 700 2748 voce
716 2699 872 2758 commota;
888 2709 943 2751 nec
959 2691 1056 2768 legum

61 2780 232 2849 repertores
252 2774 314 2831 sine
331 2790 437 2831 summa
456 2775 485 2832 vi
495 2773 605 2833 'orandi
627 2782 817 2850 consecutos,
840 2783 870 2833 nt
885 2793 917 2833 se
933 2776 988 2853 ipsi
1003 2775 1055 2834 ho-'

61 2857 153 2914 mines
166 2855 202 2914 ad
218 2857 385 2915 servitutem
401 2858 469 2915 iuris
484 2859 686 2934 astringerent.
714 2857 789 2930 Quin
802 2861 865 2935 ipsa
880 2861 956 2918 vitae
972 2870 1100 2937 prae-10

62 2948 167 3016 cepta,
189 2942 300 2998 etiamsi
320 2949 419 2999 natura
440 2950 504 2999 sunt
525 2941 662 3016 honesta,
685 2941 751 3019 plus
767 2951 860 3001 tamen
881 2942 916 3001 ad
932 2942 1059 3003 forman

62 3022 115 3083 das
135 3032 247 3082 mentes
268 3023 382 3100 valent,
406 3027 539 3102 quotiens
561 3025 800 3105 pulchritudinem
821 3043 916 3084 rerum
941 3026 1056 3087 claritas

62 3108 203 3167 orationis
225 3107 372 3167 illuminat.
410 3107 524 3185 Quare,
547 3112 657 3169 etiamsi
677 3110 705 3168 in
720 3118 868 3186 utramque
883 3120 993 3187 partem
1008 3129 1058 3171 va·

61 3190 124 3253 lent
139 3209 216 3251 arma
231 3192 392 3268 facundiae,
410 3209 468 3252 non
485 3202 637 3254 esttamen
652 3210 774 3272 aequum
787 3193 815 3252 id
829 3192 929 3254 haberi
943 3195 1056 3270 malum,

62 3292 121 3354 quo
138 3275 214 3335 bene
231 3277 271 3335 uti
287 3275 365 3336 licet.

146 3358 254 3419 Verum
268 3359 342 3419 haec
356 3359 431 3438 apud
447 3375 498 3419 eos
514 3359 635 3420 forsitan
652 3369 841 3437 quaerantur,
862 3362 909 3439 qni
924 3366 1098 3420 summamll

61 3442 227 3504 rhetorices
244 3443 279 3503 ad
294 3444 486 3522 persuadendi
501 3445 558 3504 vim
578 3444 747 3504 retulerunt.
783 3446 813 3504 Si
832 3461 904 3503 vero
923 3455 967 3504 est
983 3444 1057 3503 bene

62 3526 178 3588 dicendi
200 3528 336 3607 scientia,
363 3545 447 3608 quem
462 3544 522 3629 ‘nos
549 3528 634 3589 linem
657 3529 818 3606 sequimur,
846 3536 877 3588 ut
898 3530 936 3588 sit
960 3537 1059 3588 orator
