2434 3925
169 177 229 239 260
475 191 512 237 sa.
534 189 612 236 aaa.
634 187 853 248 qurnrmmm

141 344 341 424 aexplicabit3
369 351 397 403 at
415 343 440 402 si
457 343 529 403 iuris
547 343 759 403 anfractus‘ant
780 341 925 401 ernendae
946 343 1106 402 veritatis
1126 344 1191 403 late

169 431 237 489 bras
252 428 331 489 adire
344 436 480 505 cogetur:
495 445 553 487 non
568 425 747 503 obequitabit
761 443 816 484 neo
831 425 889 484 illis
904 425 1113 486 vibrantibus
1130 445 1190 487 cor·

170 514 323 590 citatisque
339 512 488 571 sententiis
502 511 583 570 uelut
598 509 754 569 missilibus
770 517 880 584 utetur,
904 509 957 568 sed
983 511 1189 588 operibnset

141 597 308 663 4cunionlis
336 605 365 656 et
388 595 497 654 insidiis
524 604 554 654 et
578 594 702 653 occultis
730 593 839 653 artibus
864 611 925 652 rem
948 604 1059 670 geret.
1113 595 1187 669 Quae

170 681 263 741 omnia
284 697 341 739 non
361 680 426 740 dum
445 679 514 738 liunt
533 679 699 753 laudantur,
728 678 781 738 sed
804 695 867 737 cum
887 678 964 737 lacta
982 688 1083 746 sunt3
1119 680 1185 738 unde

169 766 254 823 etiam
282 763 473 842 cupidissimis
503 764 646 841 opinionis
666 762 731 839 plus
751 762 863 821 fructus
884 764 973 820 venit.
1013 762 1107 823 Nam
1133 782 1183 823 cun

168 847 218 908 illa
236 847 349 908 dicendi
363 848 467 907 vitiosa
479 848 594 907 iactatio
609 849 684 905 inter
700 846 853 924 plausores
868 863 938 904 suos
953 845 1129 906 detonuit:
1147 865 1181 906 re

169 934 261 1008 surgit
281 949 371 990 verae
393 933 505 991 uirtutis
526 931 630 990 iortior
650 930 741 1005 lama,
769 948 825 989 nec
843 931 970 1004 indices,
1002 949 1019 989 a
1042 949 1114 1009 qno
1137 934 1181 989 sint

168 1018 253 1092 moti,
270 1015 464 1089 dissimulant,
488 1023 517 1074 et
533 1015 627 1074 doctis
643 1014 784 1088 creditur,
807 1032 862 1073 neo
881 1022 926 1073 est
943 1017 1104 1073 orationis
1120 1033 1181 1073 vera

141 1099 242 1174 olaus,
261 1096 316 1158 nisi
331 1117 395 1158 cum
411 1099 487 1158 linita
504 1108 559 1158 est.
584 1098 743 1158 Veteribus
758 1098 871 1174 quidem
887 1100 971 1157 etiam
986 1097 1180 1158 dissimulare

170 1184 363 1261 eloquentiam
385 1183 438 1243 init
458 1184 562 1257 moris,
589 1182 676 1260 idque
697 1180 735 1240 Μ.
757 1181 898 1241 Antonius
919 1183 1097 1261 praecipit,
1129 1200 1180 1260 quo

169 1267 235 1345 plus
257 1267 417 1328 dicentibus
439 1267 504 1327 fidei
521 1269 672 1344 minusque
695 1275 852 1344 suspectae
871 1265 1092 1326 advocatorum
1118 1268 1192 1325 insi-1

170 1350 234 1410 diae
249 1351 355 1410 forent.
383 1351 442 1410 Sed
456 1351 505 1410 illu
521 1350 703 1424 dissimulari,
720 1367 793 1427 quae
809 1358 867 1409 tum
883 1358 955 1424 erat,
973 1353 1094 1427 potuit;
1114 1368 1192 1409 nou-¹

171 1435 236 1494 dum
259 1436 334 1493 enim
356 1442 462 1494 tautum
487 1435 600 1494 dicendi
621 1434 717 1493 lumen
739 1443 924 1508 accesserat,
950 1443 981 1492 ut
1006 1437 1104 1493 etiam
1131 1452 1178 1513 per

171 1517 314 1577 obstantia
330 1527 505 1596 erumperet.
541 1518 639 1592 Quare
654 1527 732 1577 artes
748 1518 863 1596 quidem
878 1526 908 1577 et
922 1517 1048 1577 consilia
1068 1519 1177 1578 lateant

171 1610 200 1660 et
221 1602 375 1679 quidquid,
399 1604 424 1661 si
446 1601 688 1680 deprehenditur,
712 1604 797 1681 perit.
833 1602 977 1661 Hactenus
1001 1601 1176 1681 eloquentia

142 1695 316 1750 bsecretum
339 1685 435 1745 habet.
465 1685 629 1746 Verborum
649 1686 763 1763 quidem
787 1684 934 1759 delectus,
956 1687 1094 1761 gravitas
1113 1678 1192 1745 sen-l

169 1771 337 1844 temlerum,
365 1770 518 1847 liguramm
543 1769 689 1848 elegantia
715 1778 926 1841 sursumsunt
949 1779 996 1828 aut
1017 1780 1172 1848 apparent.

169 1853 229 1914 Sed
244 1862 366 1933 propter
380 1855 437 1914 hoc
451 1857 543 1934 ipsum
559 1854 737 1914 ostendenda
753 1871 811 1913 non
825 1863 900 1929 sunt,
918 1853 996 1932 quod
1012 1863 1171 1932 apparent:

169 1955 205 1999 ac
219 1939 244 1998 si
259 1956 343 1998 unum
364 1940 401 1999 sit
423 1956 460 1999 ex
477 1938 588 2000 duobus
606 1939 786 2017 eligendum:
809 1955 896 1999 causa
917 1938 1015 2016 p'otius
1038 1937 1172 1999 landetur

170 2041 254 2100 quam
270 2032 418 2101 patronus.
450 2023 550 2083 Finem
565 2031 661 2083 tamen
675 2023 751 2083 hunc
765 2022 925 2103 praestabit
941 2031 1060 2097 orator,
1088 2032 1120 2081 ut
1136 2026 1169 2081 vi

172 2106 272 2167 deutur
296 2108 431 2187 optimam
455 2124 571 2167 causam
595 2109 703 2187 optime
728 2109 835 2185 egisse.
869 2106 943 2166 Illud
967 2115 1085 2166 certum
1109 2110 1168 2168 erit.

170 2193 313 2251 neminem
335 2194 418 2271 peius
440 2210 530 2269 agere
557 2210 641 2271 quam
663 2194 711 2270 qui
738 2193 912 2270 displicente
941 2209 1029 2251 causa
1057 2191 1167 2269 placet:

142 2285 159 2341 7
171 2293 296 2334 necesse
318 2284 363 2334 est
385 2277 459 2335 enim
481 2286 562 2336 extra
586 2293 701 2335 causam
723 2277 774 2351 sit,
796 2275 875 2355 quod
890 2275 998 2354 placet.
1032 2272 1101 2334 Nec
1121 2275 1167 2335 illo

170 2358 285 2419 fastidio
302 2359 443 2419 laborabit
460 2369 559 2419 orator
572 2377 630 2419 nou
646 2361 751 2438 agendi
766 2378 869 2419 causas
883 2361 1020 2433 minores,
1035 2367 1166 2437 tanquan

170 2442 244 2502 inira
262 2460 325 2502 eum
342 2445 397 2502 sint
412 2452 460 2504 aut
476 2443 641 2504 detractura
656 2447 694 2504 sit
709 2446 836 2523 opinioni
851 2446 942 2503 minus
959 2442 1094 2504 liberalis
1113 2462 1166 2502 ma·

171 2526 254 2585 teria.
298 2525 371 2585 Nam
389 2536 417 2586 et
435 2527 611 2607 suscipiendi
628 2531 701 2588 ratio
725 2530 879 2588 iustissima
904 2537 949 2587 est
969 2527 1114 2603 cilicium,
1141 2538 1165 2586 et

172 2607 325 2689 optandum
346 2613 447 2687 etiam,
477 2613 612 2671 utamini
634 2630 719 2692 quam
739 2614 867 2671 minimas
885 2612 952 2673 lites
972 2610 1111 2678 habesue
1141 2621 1164 2670 et

172 2693 285 2754 abunde
302 2693 371 2755 dixit
385 2693 478 2771 bene,
501 2696 632 2775 quisquis
647 2698 691 2756 rei
708 2697 867 2756 satisfecit.¹

143 2787 161 2842 8
255 2778 294 2838 At
309 2779 439 2858 quidam,
462 2780 573 2839 etiamsi
589 2779 667 2840 forte
685 2789 878 2858 susceperunt
896 2780 1014 2857 negotia
1029 2780 1117 2859 paulo
1132 2780 1161 2840 ad

172 2862 323 2922 dicendum
346 2865 495 2939 tenuiora,
525 2866 716 2925 extrinsecus·
728 2865 859 2925 adductis
882 2884 918 2925 ea
938 2864 1026 2923 rebus
1046 2866 1160 2924 circum·

172 2946 273 3007 liniunt
290 2964 341 3023 ac,
357 2949 381 3006 si
397 2949 559 3009 defecerint
575 2948 647 3023 alia,
671 2949 810 3008 conviciis
827 2949 947 3028 implent
959 2965 1049 3007 vacua
1067 2966 1158 3009 causa·

171 3047 246 3097 rum;
268 3032 294 3090 si
309 3033 466 3110 contingit,
485 3034 581 3099 veris;
608 3034 756 3108 siminus,
778 3033 867 3101 lictis;
889 3034 976 3093 modo
997 3034 1034 3091 sit
1047 3034 1157 3094 materia

171 3113 280 3189 ingenii
295 3126 497 3195 mereaturque
514 3117 669 3176 clamorem
686 3118 751 3177 dnm
767 3117 879 3178 dicitur.
913 3116 997 3191 Quod
1015 3134 1073 3192 ego
1094 3118 1155 3177 adeo

172 3195 260 3273 louge
275 3208 344 3276 puto
366 3200 403 3259 ab
420 3210 537 3260 oratore
552 3200 702 3280 perlecto,
725 3210 757 3260 ut
772 3219 835 3260 eum
851 3219 887 3260 ne
902 3219 972 3260 vera
988 3201 1099 3278 quidem
1113 3200 1153 3260 ob

144 3281 327 3357 9iecturum,
343 3285 397 3342 nisi
414 3285 442 3345 id
458 3302 545 3344 causa
561 3286 662 3362 exigit,
681 3285 806 3345 credam.
839 3285 881 3345 Ea
897 3294 942 3345 est
959 3288 1033 3344 enim
1047 3302 1151 3362 prorsus

173 3367 303 3441 caman,
327 3376 357 3426 ut
372 3370 410 3427 ait
426 3368 555 3447 Appius,
572 3367 756 3446 eloquentia,
773 3372 950 3447 cognituram
965 3368 1149 3428 maledicendi

172 3448 285 3518 subire;
317 3452 393 3529 qnod
413 3452 583 3513 iacientibus
606 3454 691 3513 etiam
712 3454 788 3514 male
809 3453 942 3515 audiendi
958 3453 1147 3532 praesumenda
