2434 3925
151 186 210 249 194
470 197 829 258 uranomnrunsm

149 352 242 427 Quam
257 351 360 430 dignae
376 351 490 427 Milonis
514 353 542 412 in
557 353 744 431 peroratione
759 352 821 430 ipsa
837 369 929 412 voces
945 368 984 412 eo
1002 353 1102 430 viro,
1127 353 1177 433 qni

148 455 202 516 pro
224 455 257 497 re
279 437 394 516 publica
415 438 584 498 seditiosum
606 439 700 497 civem
716 430 1094 514 totiens‘cnmpescuisset
1112 439 1174 517 qui·

107 531 205 600 ilque
222 522 339 582 insidias
355 523 459 581 virtute
482 517 672 599 superasset?
701 519 833 598 Denique
855 536 913 580 non
933 520 1026 580 modo
1045 524 1173 600 quotin

149 622 235 665 cansa
251 605 369 665 totidem
385 606 412 664 in
428 605 647 684 prosopopoeia
663 613 727 664 sunt
741 606 909 680 varietates,
925 604 977 664 sed
994 603 1063 673 lnce
1082 607 1172 666 etiarn
1201 646 1202 657 r

149 689 264 769 plures,
281 690 358 767 quod
373 691 401 748 in
414 688 458 748 lris
474 705 644 768 puerorum,
663 688 840 763 feminarum,
856 688 1051 766 populorum,
1076 698 1171 749 muts·

148 792 209 833 rum
225 774 310 833 etiam
329 791 425 833 rerum
445 773 643 849 pssimnlamus
665 773 804 848 allectus,
830 771 933 851 quibus
951 772 1105 833 omnibus
1124 773 1170 833 de

107 857 234 921 iubetur
247 875 315 916 suns
330 857 430 918 decor.
460 856 569 917 Eadem
584 857 612 915 in
627 857 678 931 iis,
700 873 754 934 pro
770 856 873 934 quibus
887 872 1029 932 agemus,
1058 857 1170 917 obser·

150 940 241 1002 venda
256 950 330 1001 sunt.
356 940 450 1003 Aliter
462 942 537 1001 eninr
552 958 605 1020 pro
622 940 679 1000 alio
691 958 781 1019 saepe
793 940 944 1001 dicendum
955 948 1015 1016 est,
1032 950 1073 1002 nt
1089 944 1170 1021 quis·

150 1042 207 1103 que
229 1024 385 1100 honestus,
408 1024 538 1100 humilis,
559 1025 737 1100 invidiosus,
759 1022 927 1087 favorabilis
948 1023 1023 1099 erit,
1041 1027 1171 1086 adiecta

149 1110 365 1187 propositorum
390 1126 506 1187 quoque
527 1117 557 1169 et
578 1117 729 1168 anteactae
750 1110 828 1168 vitae
847 1108 1022 1168 differentia.
1053 1109 1171 1170 Iuenn-

149 1192 265 1253 dissime
281 1210 352 1253 vero
368 1193 395 1251 in
410 1202 528 1253 oratore
542 1193 711 1266 hnmanitas,
730 1191 865 1266 facilitas,
881 1191 1062 1267 moderatio,
1084 1193 1169 1254 beni-

148 1276 285 1338 volentia.
312 1277 370 1337 Sed
382 1276 431 1337 illa
447 1294 562 1355 quoque
575 1277 690 1336 diversa
700 1274 806 1337 bonurn
820 1278 910 1335 virum
921 1276 1046 1335 decent:
1067 1279 1170 1338 malos

149 1360 258 1436 odisse,
276 1359 393 1438 publica
408 1363 473 1420 vice
489 1361 677 1435 commoveri,
695 1361 837 1421 ultumire
850 1354 965 1419 scelera
978 1361 1170 1436 erimarias,
1204 1352 1205 1425 l

150 1453 179 1504 et
196 1446 300 1520 omnia,
317 1452 348 1505 ut
363 1445 443 1504 initio
458 1445 528 1519 dixi,
547 1444 679 1505 honesta.
1204 1442 1205 1445 ’

106 1540 141 1594 43
232 1526 297 1588 Nec
320 1536 442 1603 tantum,
466 1530 529 1606 quis
553 1538 582 1588 et
603 1546 658 1607 pro
679 1545 736 1607 qno
757 1527 810 1588 sed
832 1528 917 1587 etiarn
933 1527 1036 1605 apud
1052 1546 1169 1606 quern

150 1612 244 1687 dicas,
263 1612 392 1671 interest.
424 1612 505 1672 Facit
521 1614 595 1672 enirn
612 1622 641 1672 et
659 1612 772 1671 fortuna
788 1612 940 1672 discrimen
957 1621 987 1671 et
1004 1621 1165 1688 potestas,
1205 1644 1206 1685 p

149 1713 204 1755 nec
219 1696 319 1756 eadem
338 1695 414 1773 apud
431 1698 605 1775 principem,
628 1698 839 1772 magistratum,
854 1703 1040 1770 senatorem,
1063 1697 1165 1774 priva·
1205 1692 1206 1697 ’

148 1789 215 1855 turn,
233 1788 340 1841 tantum
351 1780 474 1841 liberum
487 1782 561 1840 ratio
575 1789 631 1856 est,
649 1798 704 1847 nec
717 1779 822 1840 eodem
833 1795 905 1839 sono
916 1777 1039 1859 publica
1051 1781 1164 1840 indicia

106 1872 178 1931 acet
199 1863 370 1924 arbitrorum
393 1865 621 1942 disceptationes
642 1873 772 1941 aguntur.
807 1862 878 1923 Nam
894 1871 923 1921 ut
944 1871 1088 1923 orantem
1109 1880 1162 1943 pro

150 1949 245 2027 capite
265 1948 431 2010 sollicitudo
452 1948 602 2010 decentet
618 1967 686 2010 cura
704 1957 733 2009 et
749 1966 849 2010 omnes
865 1947 900 2009 ad
921 1946 1161 2025 amplificandam

149 2034 309 2092 orationem
330 2035 412 2110 quasi
432 2034 598 2094 machinae:
625 2035 664 2093 ita
684 2032 712 2092 in
731 2034 828 2111 parvis
846 2031 933 2091 rebus
948 2031 1160 2110 iudicibusque

148 2132 221 2175 vana
237 2119 293 2176 sint
308 2118 419 2192 eadem,
439 2118 624 2195 rideaturque
639 2119 752 2191 merito,
769 2118 818 2195 qui
832 2116 907 2193 apud
922 2115 1159 2192 disceptatorem

149 2197 186 2258 de
201 2217 233 2259 re
248 2200 394 2262 levissima
416 2202 524 2261 sedens
540 2201 668 2262 dicturus
682 2210 777 2261 utatur
800 2200 849 2260 illa
864 2197 1018 2258 Ciceronis
1038 2199 1159 2260 condes·

149 2283 247 2358 sione,
267 2303 327 2345 non
351 2287 439 2346 modo
460 2305 495 2346 se
514 2288 615 2347 enirm
637 2286 816 2346 commoneri
835 2284 892 2346 sed
907 2284 998 2343 wem
1021 2301 1158 2361 corpore

106 2366 213 2443 iiipso
224 2369 471 2446 perhorrescere.
501 2367 572 2442 Quis
586 2386 658 2428 vero
673 2369 800 2443 nesciat,
823 2375 927 2446 quanto
943 2365 1023 2425 aliud
1039 2366 1156 2426 dicendi

148 2468 240 2527 genus
264 2460 368 2529 poscat
387 2454 514 2528 gravitas
536 2454 681 2513 senatoria
706 2451 781 2512 aliud
801 2469 871 2511 aura
885 2448 1062 2528 popularis?
1091 2468 1154 2509 cum

149 2535 234 2593 etiarn
249 2536 370 2611 singulis
386 2536 575 2595 iudicantibus
596 2553 655 2596 non
674 2536 750 2596 idern
763 2535 837 2612 apud
852 2550 958 2611 graves
972 2533 1058 2591 viros
1074 2531 1153 2610 quod

42 2633 44 2636 ·
148 2616 291 2693 leviores,
313 2637 370 2679 uon
390 2620 466 2679 idern
486 2620 561 2698 apud
582 2620 721 2680 eruditum
737 2619 814 2696 qnod
836 2618 986 2677 militarem
1008 2633 1046 2675 ac
1067 2617 1153 2675 rusti·

148 2720 211 2762 cum
229 2703 348 2778 deceat,
365 2705 459 2783 sitque
473 2720 674 2782 nonnunquam
690 2702 888 2764 summittenda
905 2709 934 2759 et
950 2698 1152 2758 contrahenda

148 2786 251 2860 oratio,
269 2806 306 2847 ne
321 2788 409 2848 iudex
424 2806 487 2847 eam
502 2788 551 2847 vel
569 2788 733 2864 intelligere
748 2785 796 2845 vel
813 2802 919 2862 capere
936 2799 993 2841 non
1009 2784 1118 2860 possit

106 2872 140 2927 tc
232 2870 357 2951 Tempus
381 2889 498 2950 quoqne
519 2889 554 2931 ac
575 2871 658 2932 locus
682 2879 769 2947 egent
795 2868 1000 2929 observatione
1017 2867 1149 2944 propria.

148 2949 219 3012 Nam
235 2964 264 3014 et
279 2964 392 3034 tempus
408 2965 467 3016 tum
481 2958 574 3031 triste,
590 2965 649 3015 tum
665 2955 781 3028 laetum,
796 2962 855 3011 tum
869 2950 1005 3025 liberum,
1023 2956 1086 3008 tum
1102 2967 1148 3009 arr

106 3037 340 3116 signensem,
364 3048 450 3119 atque
475 3040 511 3101 ad
532 3040 714 3099 haecomnia
735 3034 950 3114 componendus
976 3041 1094 3098 orator:
1123 3041 1150 3091 et

148 3117 216 3177 loco
232 3122 350 3198 publico
368 3126 529 3203 privatum,
545 3122 654 3183 celebri
670 3141 705 3183 an
722 3129 849 3195 secreto,
866 3118 958 3179 aliena
976 3117 1098 3180 civitate
1113 3133 1148 3175 an

148 3211 205 3275 tua,
222 3204 250 3261 in
267 3208 369 3266 castris
384 3207 508 3287 deniqne
523 3225 559 3268 an
573 3207 639 3266 iuro
657 3206 752 3280 dicas,
774 3206 893 3263 interest
917 3200 1087 3278 plurimum,
1113 3216 1148 3258 ac

148 3302 227 3345 sunm
242 3289 367 3367 quidque
381 3290 502 3354 formam
516 3300 546 3352 et
559 3292 706 3369 proprium
722 3288 862 3367 quendam
877 3283 989 3346 modum
1004 3281 1147 3360 eloquen-

148 3370 205 3427 tiae
222 3374 331 3449 poscit:
359 3392 422 3433 curu
442 3377 525 3434 etiam
543 3376 571 3434 in
592 3375 699 3433 ceteris
720 3371 830 3432 actibus
851 3371 926 3428 vitae
947 3365 1098 3426 nunidem
1116 3366 1145 3424 in

148 3452 231 3531 toro,
249 3457 343 3532 curia,
358 3474 478 3537 campo,
497 3458 628 3534 theatro,
645 3458 720 3522 domi
735 3456 833 3517 iacere
851 3450 1015 3516 conveniat;
1033 3458 1065 3512 et
1082 3449 1144 3526 ple·
