2434 3925
187 238 249 301 262
509 249 870 310 annumeramus

188 407 360 485 scripsisse,
379 405 403 464 si
418 404 474 464 alia
490 423 528 465 ex
543 404 675 479 diverso,
691 421 777 483 quarn
792 406 900 482 opinati
915 404 1045 482 inerint,
1066 422 1175 465 occurre

146 501 179 557 17
187 494 252 552 rint.
288 489 372 551 Inviti
389 491 463 548 enirn
482 489 624 548 recedunt
645 506 661 548 a
678 489 859 566 praeparatis
883 499 913 548 et
928 497 989 549 tota
1016 492 1141 557 actione
1152 508 1175 546 re·

188 576 312 654 spiciunt
335 576 559 652 munitumque,
587 591 653 631 num
674 572 780 651 aliquid
803 590 840 631 ex
857 572 915 632 illis
932 573 1097 633 intervelli
1118 583 1175 650 atqu

188 679 225 719 ex
242 669 374 736 tempore
386 657 515 717 dicendis
531 659 619 717 inseri
636 657 743 735 possit;
760 657 838 734 quod
852 659 878 716 si
891 658 954 717 liat:
978 675 1048 717 non
1063 659 1175 718 cohaere

187 762 243 804 nec
266 743 461 803 commissuris
482 741 586 817 modo,
612 742 684 801 utin
700 757 791 818 opere
807 741 883 801 male
904 744 1027 818 iuncto,
1057 742 1175 802 hiantilu

122 861 128 875 ·
146 829 239 893 18sed
263 828 327 905 ipsa
348 826 457 885 coloris
480 825 686 904 inaequalitate
708 824 863 900 detegitur.
904 824 946 885 lta
967 844 1031 886 nec
1059 828 1139 887 liber
1154 844 1174 884 es

188 915 311 990 impetus
332 928 388 969 nec
411 928 479 969 cura
503 919 655 984 contexta,
684 917 879 987 etutrumqoe
895 910 978 969 alteri
1002 911 1128 978 obstat;
1152 909 1175 968 ill:

189 999 279 1070 enim,
302 1012 377 1073 quae
397 995 505 1072 scripta
522 1004 601 1069 sunt,
627 994 753 1053 retinent
771 996 912 1068 animum,
935 1011 993 1053 non
1023 1004 1175 1075 sequuntur

187 1080 288 1159 ltaque
303 1081 331 1139 in
342 1079 386 1138 his
401 1079 562 1138 actionibus
577 1079 668 1150 omni,
685 1087 716 1137 ut
727 1078 877 1155 agricolae
890 1080 997 1154 dicunt,
1015 1083 1174 1158 pedester

147 1167 262 1228 ltdctm
273 1172 326 1228 cst.
354 1162 426 1222 Nam
438 1182 502 1223 cum
517 1165 545 1222 in
560 1163 762 1243 propositione
779 1180 813 1222 ac
825 1163 999 1222 refutatione
1020 1183 1119 1224 causa
1134 1180 1174 1223 eor

189 1251 289 1309 sistat:
312 1266 386 1326 quae
403 1257 520 1308 nostrae
534 1249 625 1327 partis
640 1255 721 1323 sunt,
741 1249 849 1325 scripta
865 1265 933 1306 esse
947 1257 1100 1325 possuut;
1127 1264 1175 1325 qun

190 1335 275 1394 etiam
295 1349 500 1410 responsurum
521 1332 716 1393 aduersarium
742 1341 853 1391 certum
876 1341 937 1407 est,
964 1333 1032 1410 (est
1057 1330 1174 1393 euimali

190 1418 302 1496 quando
317 1417 441 1495 certum)
457 1416 519 1495 pari
535 1434 604 1476 cura
620 1415 803 1476 refelluntur.
832 1415 878 1476 Ad
892 1416 947 1476 alia
962 1435 1057 1476 unum
1070 1424 1175 1496 paratur

190 1502 295 1562 afferre
317 1517 487 1579 possumus,
513 1509 544 1560 ut
565 1518 680 1560 causam
701 1499 776 1560 bene
798 1502 978 1567 noverimus;
1007 1502 1139 1561 alterum
1156 1497 1174 1555 il

148 1597 315 1661 tutonem,
333 1594 364 1644 ut
379 1586 522 1645 dicentem
539 1585 736 1645 aduersarium
750 1583 905 1661 diligenter
920 1585 1089 1644 audiamus.
1118 1585 1175 1644 Licet

190 1679 283 1730 tamen
298 1670 505 1748 praecogitare
519 1669 602 1746 plura
618 1676 648 1728 et
662 1670 782 1728 animum
797 1669 833 1729 ad
851 1686 951 1728 omnes
969 1688 1063 1729 casus
1081 1684 1175 1745 compo·

190 1772 277 1829 uere,
300 1754 385 1830 idque
409 1763 454 1813 est
472 1755 558 1813 tutius
574 1753 659 1828 stilo,
686 1770 743 1832 quo
765 1752 879 1813 lucilius
903 1763 932 1814 et
951 1755 1100 1814 omittitur
1117 1754 1175 1827 cogi

190 1840 260 1898 tatio
283 1847 312 1898 et
333 1838 513 1898 transfertur.
552 1839 612 1898 Sed
634 1839 696 1897 sive
718 1837 746 1896 in
762 1838 967 1916 respondendo
983 1838 1081 1898 fuerit
1103 1836 1175 1897 sulita

192 1922 359 1998 dicendum,
382 1923 444 1982 sive
463 1938 537 2001 quae
557 1922 613 1982 alia
631 1924 764 1999 exegerit
779 1922 870 1998 ratio,
898 1940 1045 2001 nunquam
1073 1935 1172 2002 oppres·

191 2026 253 2067 sum
269 2026 302 2067 se
317 2026 352 2067 ac
367 2007 578 2086 deprehensum
596 2007 697 2067 credet
711 2016 825 2082 orator,
848 2010 894 2067 cui
912 2008 1072 2085 disciplina
1091 2017 1119 2068 et
1133 2013 1171 2063 stu·

149 2092 264 2157 aldium
287 2101 315 2151 et
336 2093 507 2151 exercitatio
523 2092 636 2151 dederit
652 2093 730 2150 vires
754 2094 839 2151 etiam
858 2092 1020 2160 facilitatis;
1048 2104 1171 2171 quemque

192 2186 327 2236 armatum
343 2194 459 2254 semper
470 2194 504 2236 ac
519 2176 599 2235 velut
614 2177 642 2234 iu
655 2177 805 2253 procinctu
821 2185 943 2236 stantem
956 2193 1013 2235 nou
1030 2178 1125 2253 magis
1138 2189 1169 2229 nr·

192 2277 276 2338 quam
293 2263 320 2319 iu
333 2263 428 2320 causis
448 2262 541 2321 oratio
559 2278 642 2338 quarn
657 2261 686 2318 in
699 2259 786 2319 rebus
803 2261 954 2320 cotidianis
969 2278 1003 2320 ac
1021 2255 1170 2321 domesticu

192 2361 289 2402 sermo
305 2344 437 2413 deliciet;
459 2364 515 2405 nec
532 2354 706 2423 se'unquam
719 2353 842 2422 propter
857 2344 914 2404 lroc
929 2346 1009 2404 oneri
1029 2341 1167 2405 subtrahet

192 2428 278 2488 modo
293 2429 330 2487 sit
346 2447 451 2489 causae
464 2429 620 2491 discendae
635 2437 763 2507 tempus;
779 2446 843 2487 uam
859 2437 957 2489 cetera
974 2447 1097 2509 semper
1108 2426 1167 2486 sent

515 2582 558 2632 DE
577 2582 705 2633 Guneus
722 2581 863 2632 DIGENDI.

275 2680 311 2742 X.
345 2683 505 2760 Superest,
526 2691 557 2741 ut
577 2682 670 2742 dicam
686 2682 724 2742 de
743 2700 884 2759 genere
907 2682 1102 2741 orationis.
1131 2672 1166 2734 llic

192 2775 255 2827 erat
273 2769 441 2846 propositus
457 2765 568 2826 anobis
584 2769 612 2826 in
629 2766 769 2826 divisione
786 2768 875 2844 prima
891 2766 974 2825 locus
990 2768 1109 2830 tertius:
1123 2773 1166 2819 nm

192 2853 229 2910 ita
246 2853 453 2928 promiseram,
468 2869 514 2909 me
532 2850 568 2909 de
583 2860 662 2926 arte,
679 2851 715 2911 de
733 2851 861 2925 artifice,
877 2850 914 2910 de
930 2866 1021 2928 opere
1039 2850 1164 2910 diuturno

193 2933 264 2994 Cum
279 2937 316 2995 sit
331 2944 425 2995 autem
446 2936 607 2995 rhetorices
623 2944 710 3012 atque
726 2936 850 2995 oratoris
870 2951 944 3013 opus
966 2935 1062 2994 oratio
1078 2933 1164 3014 plures

194 3036 250 3095 que
266 3021 327 3078 eins
342 3019 469 3095 formae,
491 3021 565 3080 sicut
586 3019 750 3080 ostendam:
778 3021 806 3079 in
828 3018 957 3077 omnibus
973 3018 1017 3077 his
1034 3028 1065 3077 et
1080 3034 1123 3077 ars
1135 3014 1164 3068 0⁵¹

193 3110 223 3160 et
238 3104 352 3180 artifex,
370 3103 521 3181 plurimum
535 3113 631 3163 tamen
644 3105 766 3162 invicem
777 3103 925 3168 differunt:
942 3121 997 3162 nec
1011 3103 1105 3161 solum
1118 3109 1162 3173 spt

194 3187 255 3260 cie,
271 3196 301 3245 ut
320 3189 431 3263 signum
452 3189 534 3264 signo
551 3197 580 3247 et
596 3186 693 3247 tabula
713 3187 829 3247 tabulae
847 3196 876 3245 et
895 3188 971 3247 actio
987 3187 1108 3259 actioni,
1129 3174 1162 3237 sed

192 3287 303 3346 genere
319 3273 400 3348 ipso,
418 3280 449 3331 ut
464 3271 582 3331 Graecis
598 3270 778 3331 Tuscanicae
793 3281 921 3346 statuae,
939 3278 970 3329 ut
985 3269 1107 3330 Asianus
1120 3263 1159 3323 etr

165 3364 286 3433 aqueus
302 3353 409 3413 Attico.
444 3357 519 3414 Suos
535 3364 628 3415 autem
643 3355 716 3415 haec
734 3373 853 3433 operum
868 3372 994 3432 genera,
1017 3373 1092 3433 quae
1106 3350 1160 3410 dito·

194 3448 224 3497 ut
245 3447 380 3498 auctores
396 3440 439 3498 sic
456 3441 541 3499 etiam
562 3447 706 3498 amatores
722 3439 843 3507 hahent;
867 3448 953 3517 atque
975 3438 1042 3498 ideo
1064 3433 1158 3524 noudtft

203 3531 240 3582 *st
262 3522 410 3602 perlectus
426 3532 525 3582 orator
539 3540 573 3584 ac
590 3526 691 3584 nescio
709 3542 744 3584 an
759 3541 806 3583 ars
826 3523 901 3600 ulla,
925 3540 983 3582 non
1006 3522 1097 3583 solum
1113 3528 1158 3595 titt
