2434 3925
142 204 203 266 252
321 176 327 190 ⁴
444 218 489 266 rs.
506 217 822 279 nnn.onnrn1u1nu1

140 372 265 448 laboris,
282 388 366 451 quern
383 371 461 432 ierne
476 371 659 432 tendentibus
675 373 712 433 ad
728 372 920 452 eloquentiam
937 392 1090 436 necesse
1109 385 1161 451 est,

140 457 321 534 confugerint
345 455 474 518 adhaec
498 456 678 517 deverticula
703 456 843 518 desidiae.
878 457 1014 532 Quorum
1044 459 1108 520 alii
1131 477 1161 519 se

139 540 349 601 adalburnae
376 539 507 601 rubricas
535 539 742 600 transtulerunt
766 551 796 601 et
822 540 983 602 formularii
1012 544 1102 619 vel,
1134 552 1162 602 nt

140 622 245 685 Cicero
263 625 312 701 ait,
327 625 448 705 lepnlet't'
463 622 578 703 quidem
592 641 660 683 esse
676 625 853 702 maluerunt,
870 634 1007 704 tauquam
1029 628 1161 688 utiliori

97 719 131 773 lb
139 709 281 786 eligentes
297 726 348 786 ea,
365 724 486 787 quorum
501 706 592 767 solam
611 708 780 769 facilitatem
795 708 1008 788 sequebantnr;
1036 712 1103 772 alii
1122 711 1160 791 pi·

137 795 248 871 gritiae
263 793 484 871 arrogantioris,
507 792 556 870 qui
575 791 671 851 subito
688 792 785 853 ironte
807 793 931 854 conficta
948 795 1159 874 immissaque

137 877 242 954 barba,
266 877 356 938 veluti
375 876 580 955 despexissent
602 877 729 936 oratoria
749 886 924 956 praecepta,
946 878 1086 956 paulum
1109 879 1159 939 all·

138 961 206 1039 quid
229 960 366 1022 sederunt
387 962 422 1020 in*
437 959 545 1020 scholis
562 958 839 1040 philosophantium,
865 970 896 1020 ut
913 961 1023 1022 deiude
1042 965 1082 1024 in
1108 981 1159 1042 pu·

137 1044 216 1106 blieo
231 1046 339 1122 tristes,
356 1044 432 1106 domi
447 1043 578 1105 dissoluti
591 1053 742 1123 captarent
755 1047 953 1105 auctoritatem
967 1055 1159 1126 contemptu

138 1139 310 1189 ceterorum.
337 1127 523 1209 Philosophia
535 1129 611 1187 enim
624 1129 750 1189 simulari
766 1138 880 1209 potest,
898 1130 1082 1210 eloquentia
1096 1148 1157 1192 non

135 1221 243 1293 potest

151 1295 153 1301 ’
468 1295 548 1347 ITEM
565 1294 794 1348 HISTORIARUM.

217 1382 267 1444 IV.
296 1380 327 1441 lu
346 1380 445 1460 primis
458 1397 531 1440 vero
554 1379 700 1441 abundare
717 1379 806 1441 debet
824 1391 923 1445 orator
942 1383 1152 1463 exemplo·

135 1485 207 1527 rum
223 1467 334 1545 copia
359 1483 423 1525 curn
436 1466 567 1524 veterum
582 1474 640 1524 tum
655 1467 740 1525 etiam
755 1483 911 1541 uovorum,
933 1467 1009 1527 adeo
1033 1477 1072 1528 nt
1090 1484 1153 1528 nou

137 1569 172 1611 ea
186 1548 284 1626 modo,
300 1566 375 1628 quae
392 1549 557 1627 conscripta
572 1556 637 1608 sunt
650 1547 778 1609 historiis
793 1558 841 1610 aut
855 1550 1041 1610 sermonibus
1059 1552 1150 1612 velut

135 1653 190 1714 per
206 1651 305 1695 manus
324 1632 444 1709 tradita,
469 1650 600 1711 quaeque
618 1633 724 1693 cotidie
739 1643 878 1710 aguntur,
901 1634 1008 1695 debeat
1030 1652 1147 1707 nosse,

135 1732 235 1778 uerum
251 1735 287 1777 ue
308 1735 343 1777 ea
364 1717 494 1795 quidem,
524 1725 683 1793 quaesunt
704 1734 721 1777 a
744 1717 914 1778 clarioribus
935 1718 1032 1797 poetis
1060 1719 1145 1792 ficte,

108 1803 297 1880 inegligere.
323 1800 396 1861 Nam
410 1801 459 1861 illa
475 1801 589 1878 quidem
605 1802 703 1878 priora
719 1811 767 1861 aut
781 1803 1008 1862 testimoniorum
1022 1813 1084 1864 aut
1103 1806 1144 1863 iu·

134 1886 291 1949 dicatorum
313 1885 443 1945 obtinent
466 1885 577 1953 locum;
604 1884 658 1944 sed
676 1884 750 1945 baec
772 1902 888 1966 quoque
910 1894 958 1947 aut
975 1888 1143 1948 vetustatis

134 1970 191 2031 fide
213 1981 273 2031 tuta
296 1979 360 2030 sunt
380 1979 428 2030 aut
449 1969 485 2029 ab
501 1968 663 2029 homiuibus
685 1971 795 2047 maguis
815 1980 1040 2050 praeceptorum
1068 1972 1141 2032 loco

133 2054 200 2115 licta
215 2054 377 2115 creduntur.
409 2054 488 2114 Sciat
508 2070 580 2130 ergo
597 2071 681 2131 quam
695 2054 829 2132 plurima3
853 2055 929 2115 uude
947 2056 1031 2114 etiarn
1059 2055 1141 2115 seui·

132 2138 186 2198 bus
207 2140 362 2200 auctoritas
384 2139 474 2198 maior
488 2146 550 2213 est,
573 2136 651 2216 quod
676 2137 759 2216 plura
780 2156 869 2198 nosse
888 2147 919 2199 et
937 2139 1050 2199 vidisse
1072 2157 1139 2199 cre·

133 2222 252 2299 duntur,
275 2223 352 2300 quod
369 2221 511 2282 Homerus
524 2222 757 2300 frequentissime
773 2231 904 2283 testatur.
934 2223 994 2283 Sed
1009 2219 1075 2282 non
1093 2230 1140 2282 est
1196 2243 1197 2252 ¹

133 2307 315 2384 expectanda
330 2306 427 2366 ultima
441 2315 539 2381 aetas,
556 2323 620 2365 cum
638 2306 730 2366 studia
745 2315 912 2385 praestent,
928 2314 974 2382 ut,
994 2315 1137 2387 quantum
1196 2293 1197 2376 l

134 2391 170 2451 ad
195 2391 388 2467 coguitionem
409 2391 535 2470 pertinet
560 2406 674 2466 rerum,
706 2392 792 2450 etiam
813 2391 977 2469 praeteritis
1001 2390 1135 2451 saeculis
1196 2419 1197 2422 ¹

132 2474 241 2534 vixisse
258 2474 415 2535 uideamur.
1195 2485 1197 2580 q

247 2626 334 2687 QUAE
352 2624 427 2677 SINT
443 2625 541 2677 ARTIS
560 2626 751 2679 ORATORIAE
768 2626 1010 2680 INSTRUMENTA.

214 2723 250 2783 V.
279 2722 360 2784 Haec
382 2731 464 2800 sunt,
495 2741 570 2802 quae
593 2742 641 2785 me
661 2722 839 2784 redditurum
858 2725 1064 2802 promiseram,
1091 2724 1133 2782 iu·
1196 2783 1197 2786 ,

131 2816 286 2869 strumenta
307 2825 365 2868 nou
380 2809 468 2883 artis,
488 2816 519 2867 ut
535 2809 648 2885 quidam
664 2816 852 2886 putaverunt,
880 2808 933 2868 sed
953 2807 1043 2885 ipsius
1063 2823 1133 2867 ora·
1196 2815 1197 2824 ’

130 2893 213 2951 toris.
251 2892 331 2953 Haec
351 2910 430 2952 arma
444 2891 555 2952 babere
573 2892 608 2952 ad
624 2910 752 2968 manum,
776 2890 878 2952 borum
895 2890 1015 2951 scientia
1038 2889 1131 2950 debet
1195 2875 1197 2970 l

131 2993 200 3034 esse
215 2977 389 3051 succinctus,
405 2976 566 3037 accedente
580 2975 736 3036 verborum
751 2976 963 3053 figurarumque
981 2973 1061 3033 lacili
1080 2990 1130 3034 co·

130 3059 179 3137 pia
202 3069 230 3119 et
251 3061 424 3120 inventionis
447 3061 559 3121 ratione
582 3068 612 3120 et
635 3058 808 3139 disponendi
830 3078 883 3118 usu
909 3066 938 3118 et
965 3060 1127 3118 memoriae

130 3143 263 3203 firmitate
280 3152 308 3203 et
324 3145 445 3204 actionis
455 3145 557 3221 gratia.
580 3144 640 3204 Sed
654 3143 805 3223 plurimum
820 3142 914 3202 erbis
924 3141 1004 3201 valet
1019 3142 1129 3203 animi

130 3228 377 3305 praestantia,
398 3245 483 3306 quam
497 3246 553 3287 nee
567 3237 660 3287 metus
677 3228 790 3304 frangat
804 3245 861 3286 nec
881 3225 1052 3286 acclamatio
1068 3233 1127 3285 ter·

130 3317 195 3369 reat
218 3326 275 3370 uec
301 3311 474 3371 audientium
499 3312 658 3372 auctoritas
683 3312 758 3371 ultra
782 3309 908 3370 debitam
932 3308 1126 3370 reuerentiam

102 3392 234 3456 btardet.
272 3392 344 3452 Nam
364 3402 394 3454 ut
416 3394 604 3456 abominanda
628 3402 692 3454 suut
718 3395 861 3454 contraria
882 3392 927 3453 bis
948 3393 1016 3452 vitia
1038 3392 1124 3452 confi·

132 3477 256 3556 dentiae,
275 3479 463 3556 temeritatis,
479 3478 680 3559 improbitatis,
697 3479 894 3555 arrogantiae:
913 3479 952 3538 ita
968 3477 1041 3537 citra
1057 3493 1122 3536 con·
