2434 3925
35 229 40 240 ,
142 161 185 224 44
457 168 585 219 ussa.
598 166 817 245 ιιιιιιιιιιι
890 193 893 201 ‚

142 326 216 387 omni
228 343 316 404 porro
327 325 445 385 materia
459 325 588 384 triaesse
597 321 771 403 quaerenda,
787 340 824 383 an
835 323 886 399 sit,
903 323 970 402 quid
984 325 1031 400 sit,
1046 322 1137 405 quale

141 413 187 470 sit.
223 410 273 469 llis
300 409 518 484 adiiciebamus,
541 408 790 468 demonstrativam
814 407 898 467 laude
926 426 960 469 ac
987 410 1136 488 vitupera·

139 496 218 554 tione
234 502 376 553 constare
405 492 437 552 ln
451 510 500 568 ea,
518 509 591 570 quae
603 491 732 569 abipso,
748 490 784 551 de
800 508 857 569 quo
869 491 1045 568 diceremus,
1058 511 1137 571 quae

141 585 208 657 post
223 594 287 636 eum
308 586 371 636 acta
387 585 499 650 essent,
526 576 698 635 intuendum.
731 574 794 634 lloc
815 591 887 652 opus
907 584 1028 635 tractatu
1043 576 1135 636 bone·

113 668 249 724 §istorum
266 662 431 738 utiliumque
447 669 591 719 constare.
621 660 764 719 Suasoriis
781 658 923 717 accedere
939 661 1050 719 tertiam
1069 678 1135 739 par

140 755 199 804 tem
220 762 257 803 en
278 745 460 819 coniectura,
477 751 616 820 possetne
637 743 713 817 lieri,
737 750 820 802 etan
842 730 921 801 esset
935 742 1076 818 loturum,
1100 743 1135 803 de

141 846 198 907 quo
214 827 432 887 deliberaretur.
465 826 518 885 llic
531 827 689 904 praecipue
703 825 823 884 diximus
839 825 1041 904 spectandum,
1057 829 1134 905 quis,

140 912 216 990 apud
231 930 331 989 quern,
350 909 417 989 quid
436 910 556 970 diceret.
588 908 764 968 ludicialinm
784 927 931 968 causarum
945 909 1016 968 alias
1034 912 1063 968 in
1080 912 1135 970 sin·

140 996 216 1072 gulis
232 995 303 1054 alias
319 996 347 1053 in
359 993 488 1072 pluribus
504 994 710 1053 controversiis
730 995 908 1068 consistere,
927 1002 955 1051 et
970 994 998 1050 in
1017 993 1135 1071 quibus·

141 1080 203 1140 dam
228 1079 412 1138 intentionem
440 1078 540 1145 modo;
566 1076 766 1154 depulsionem
790 1094 879 1154 porro
900 1093 1011 1135 omnem
1031 1077 1135 1138 infitia-

77 1172 83 1178 “
140 1165 218 1222 tione
240 1162 362 1240 duplici,
384 1163 527 1222 factumne
550 1169 579 1221 et
600 1178 635 1219 an
656 1159 713 1234 boc
734 1160 838 1220 iactum
860 1169 956 1234 esset,
979 1169 1136 1238 praeterea

99 1246 310 1305 lodelensione
335 1263 370 1305 ac
394 1244 580 1305 translatione
606 1253 750 1304 constare.
791 1242 995 1321 Quaestionem
1022 1253 1072 1303 aut
1099 1262 1137 1305 ex

140 1331 250 1407 scripto
267 1346 333 1388 esse
346 1338 394 1388 aut
409 1347 446 1387 ex
460 1328 553 1387 iacto:
574 1328 671 1404 lacto,
688 1327 723 1387 de
738 1345 832 1386 rerum
846 1326 920 1401 lide,
942 1328 1135 1404 proprietate,

141 1412 291 1490 qualitate3
313 1413 436 1489 scripto,
458 1412 494 1471 de
518 1411 671 1471 verborum
693 1412 721 1470 vi
744 1419 791 1471 aut
804 1410 964 1477 voluntate;
986 1411 1136 1489 inquibus

140 1497 185 1554 vis
201 1504 259 1555 turn
276 1513 425 1555 causarum
444 1504 501 1553 tum
520 1497 663 1554 actionum
679 1496 782 1572 inspici
801 1495 910 1571 soleat,
932 1511 1064 1571 quaeque
1089 1504 1138 1554 aut

141 1580 241 1657 scripti
262 1588 291 1639 et
313 1579 467 1639 voluntatis
489 1586 536 1638 aut
562 1580 778 1638 ratiocinativae
802 1588 849 1637 aut
875 1576 1065 1654 ambiguitatis
1088 1587 1138 1638 aut

102 1672 133 1726 11
142 1662 237 1740 legum
254 1664 458 1723 contrariarum
472 1662 573 1740 specie
586 1664 774 1722 continentur.
809 1661 841 1721 ln
853 1663 927 1720 omni
941 1677 1029 1739 porno
1047 1679 1138 1721 causa

141 1747 266 1806 iudiciali
294 1748 418 1825 quinque
448 1763 515 1805 esse
547 1755 661 1824 partes,
691 1763 807 1825 quarum
834 1745 954 1805 exordio
986 1746 1138 1805 conciliari

141 1830 318 1907 audientem,
347 1831 509 1890 narratione
531 1831 682 1908 proposita
710 1829 885 1905 conlirrnari,
911 1828 1046 1905 refutari,
1067 1846 1136 1907 per·

100 1915 272 1976 lucratione
290 1922 345 1975 ιιι
362 1914 526 1974 memoriam
542 1914 623 1975 refici
643 1922 691 1974 aut
705 1914 812 1973 animos
832 1914 950 1972 moveri.
982 1911 1033 1971 llis
1048 1930 1136 1990 argu-

140 1999 282 2058 mentandi
308 2008 337 2058 et
364 1997 507 2058 alliciendi
527 1997 610 2058 locos
632 2007 660 2057 et
683 1997 785 2078 quibus
809 1996 963 2074 generibus
985 1997 1135 2072 concitari,

141 2081 265 2160 placari,
281 2082 391 2142 resolvi
407 2081 516 2141 iudices
532 2090 697 2161 oporteret,
714 2081 879 2142 adiecimus.
909 2079 1044 2141 Accessit
1058 2082 1136 2140 ratio

141 2165 297 2226 divisionis
490 2210 496 2221 .

226 2246 354 2308 Credere
369 2248 454 2309 modo
475 2248 523 2326 qui
541 2247 633 2309 discet
643 2249 723 2309 velit.
759 2245 846 2309 Certa
862 2224 1043 2327 quaedam
1014 2267 1061 2309 vra
1076 2258 1136 2325 est,

142 2338 172 2390 et
194 2330 223 2390 in
246 2350 300 2409 qua
315 2333 403 2392 multa
419 2333 503 2391 etiam
519 2334 581 2391 sinc
597 2334 726 2393 doctrina
741 2341 890 2411 praestare
911 2334 1016 2394 debeat
1031 2351 1087 2411 per
1102 2351 1138 2393 se

141 2416 205 2493 ipsa
219 2424 333 2491 natura,
349 2425 380 2475 ut
392 2415 478 2491 haec,
495 2414 645 2493 dequibus
662 2417 737 2490 dixi,
754 2433 811 2474 non
821 2425 877 2475 tam
889 2419 1003 2478 inventa
1018 2434 1034 2474 a
1049 2435 1136 2496 prae·

142 2497 308 2576 ceptoribus
338 2517 437 2579 quam,
468 2517 531 2557 curn
559 2498 677 2575 lierent,
703 2498 856 2559 observata
885 2520 951 2561 esse
974 2501 1135 2559 videantur.

100 2581 207 2641 lelus
231 2584 348 2659 exigunt
368 2581 476 2642 laboris
497 2591 526 2641 et
548 2600 651 2656 curae,
674 2600 747 2661 quae
770 2594 934 2661 sequuntur.
965 2582 1038 2643 llinc
1059 2585 1137 2642 enim

140 2667 197 2726 iam
212 2666 441 2726 elocutionis
463 2667 602 2725 rationem
623 2666 821 2741 tractabimus,
843 2677 954 2745 partem
969 2668 1084 2745 operis,
1105 2676 1138 2726 ut

139 2750 215 2809 inter
230 2767 328 2809 omnes
344 2758 474 2808 oratores
491 2750 641 2825 convenit,
666 2748 868 2809 difficillimam.
900 2751 970 2811 Nam
986 2760 1015 2808 et
1025 2749 1062 2809 tl.
1075 2749 1136 2809 An·

140 2836 252 2909 tonius,
274 2835 353 2893 cuius
369 2851 456 2911 supra
470 2832 618 2892 babuimus
633 2835 821 2909 mentionem,
847 2852 942 2897 cuma
958 2854 992 2895 se
1006 2836 1137 2896 disertos

140 2919 220 2978 ciem
241 2937 306 2980 esse
323 2918 448 2994 maltos,
472 2918 525 2991 ait,
548 2919 731 2996 cloquentem
744 2919 907 2979 neminem:
934 2919 1042 2978 diserto
1065 2918 1136 2977 satis

141 3009 220 3077 putat
241 3002 338 3060 dicere
359 3018 432 3079 quae
454 3009 603 3080 oporteat,
626 3009 725 3060 ornate
747 3010 841 3061 autem
862 3002 961 3061 dicere
988 3002 1136 3079 proprium

100 3087 135 3142 14
143 3101 210 3142 esse
231 3084 467 3163 eloquentissimi.
505 3084 586 3157 Quae
603 3086 694 3144 virtus
714 3087 740 3150 si
761 3103 852 3162 usque
875 3085 910 3145 ad
928 3103 993 3144 eum
1007 3087 1034 3144 in
1053 3084 1134 3144 nullo

141 3176 258 3245 reperta
274 3176 334 3242 est,
356 3185 390 3226 ac
405 3187 440 3227 ne
456 3169 484 3227 in
501 3169 564 3245 ipso
582 3168 696 3245 quidem
711 3168 805 3228 autb
823 3166 945 3229 Crasso:
963 3177 1071 3228 certum
1089 3176 1137 3228 est

142 3250 232 3309 ethis
254 3259 283 3308 et
305 3250 447 3327 prioribus
472 3269 535 3310 eam
557 3251 763 3326 desideratam,
786 3253 851 3329 quia
877 3251 1043 3312 difficillima
1068 3251 1133 3311 luit,

141 3333 179 3394 Ει
192 3333 305 3395 Marcus
321 3332 430 3392 Tullius
448 3335 640 3395 inventionem
656 3335 769 3419 quidem
783 3353 818 3394 ac
836 3336 1051 3415 dispositionem
1062 3353 1133 3412 prn-

102 3425 134 3479 15
142 3419 233 3480 dentis
255 3417 375 3478 bominis
397 3425 491 3495 putat,
517 3416 730 3497 eloquentiam
732 3419 865 3479 oratoris.
901 3419 1029 3511 Ideoque
1048 3434 1133 3497 prae·
