2434 3925
322 249 413 297 insu.
435 249 584 297 osnuon.
607 249 819 315 nrn.x11‚1o.
995 237 1056 299 267

35 403 157 483 quibus
182 403 279 463 nullae
296 402 371 481 apud
389 421 441 463 eos
464 403 575 464 dulcius
597 405 723 482 spirant;
744 422 815 483 quas
836 406 956 464 mutuari
978 406 1055 465 sole·
1134 388 1138 402 ’

34 508 129 564 mus,
156 490 290 567 quotiens
314 487 428 546 illorum
445 486 604 547 nominibus
621 490 733 547 utimur.
765 487 850 560 Quod
866 508 930 548 cum
946 492 1099 555 contin-‘28

35 576 105 650 git:
131 574 237 632 neseio
259 573 404 650 quomodo
426 572 545 631 hilarior
567 575 697 649 protinus
716 572 830 632 renidet
849 576 959 648 oratio,
982 584 1013 634 ut
1028 576 1056 633 in

35 658 196 736 Ephyres
221 665 251 715 et
272 653 431 736 Zephyris.
470 655 551 729 Quae
578 658 603 714 si
625 659 732 715 nostris
757 657 860 716 litteris
877 657 1054 718 scribantur:

38 741 173 800 surdum
201 739 333 819 quiddam
357 749 387 799 et
408 740 730 816 barbarumeilicient,
759 750 789 800 et
809 741 891 800 velut
911 743 940 800 in
961 742 1056 802 locum

40 843 153 884 earum
170 825 330 884 suecedent
351 825 450 883 tristes
473 833 502 884 et
523 824 677 900 horridae,
705 825 808 902 quibus
827 824 948 885 Graecia
965 836 1054 886 caret.

39 909 125 969 Nam
143 907 255 983 stilla,
278 926 354 987 qnae
378 918 423 967 est
446 918 529 968 sexta
550 917 728 984 nostrarum,
754 927 847 986 paene
864 927 921 969 non
936 911 1097 980 humanam>

40 1010 129 1052 voce
152 993 201 1052 vel
223 994 337 1051 omniuo
360 1010 417 1052 non
440 1010 515 1053 voce
537 996 633 1071 potius
655 995 729 1052 inter
753 993 915 1054 discrimina
932 995 1056 1054 dentium

42 1076 181 1138 efflanda
195 1086 253 1144 est;
271 1095 356 1156 quae,
373 1078 458 1136 etiam
470 1095 534 1143 cum
545 1076 678 1136 vocalem
690 1078 819 1155 proxima
834 1080 939 1156 accipit
951 1097 1056 1158 quassa

43 1161 284 1241 quodammodo,
309 1163 409 1239 utique
425 1162 558 1241 quotiens
574 1161 699 1240 aliquam
718 1172 923 1222 consonantem
938 1162 1055 1240 frangit,

43 1255 81 1305 ut
98 1247 128 1303 in
143 1245 202 1304 boo
218 1247 283 1323 ipso
297 1246 430 1324 fronpim
446 1245 533 1305 multo
550 1246 581 1304 lit
595 1246 749 1308 horridior.
781 1246 923 1305 Aeolicae
940 1264 1055 1326 quoque

45 1331 188 1404 litterae,
211 1347 267 1407 qua
287 1348 409 1390 servom
430 1348 612 1409 cereumque
634 1331 771 1406 dicimus,
795 1332 906 1390 etiamsi
926 1330 1017 1391 forma
1039 1349 1055 1390 a

46 1413 139 1473 nobis
157 1415 307 1490 repudiata
326 1423 386 1490 est,
410 1415 454 1472 vis
470 1423 565 1473 tamen
582 1432 636 1473 nos
650 1416 714 1493 ipsa
731 1416 927 1493 persequitur.
961 1415 1055 1474 Duras
1063 1429 1098 1483 30

48 1507 85 1558 et
99 1497 152 1558 illa
166 1497 293 1573 syllabas
309 1497 392 1572 lacit,
410 1516 484 1576 quae
500 1497 535 1557 ad
552 1500 766 1576 coniungendas
782 1498 893 1558 demum
910 1499 1055 1559 subiectas

48 1581 111 1642 sibi
131 1582 253 1642 vocales
277 1590 322 1654 est
347 1583 440 1658 utilis,
464 1582 536 1660 alias
561 1601 760 1661 supervacua,
781 1592 812 1642 ut
837 1602 929 1662 equos
950 1583 1005 1643 bac
1027 1593 1056 1642 et

48 1682 166 1745 equum
181 1665 346 1734 scribimns;
365 1685 428 1726 cum
446 1669 530 1726 etiam
542 1667 625 1744 ipsae
640 1666 696 1726 bae
707 1667 827 1726 vocales
843 1668 916 1727 duae
929 1668 1056 1726 alliciant

50 1768 175 1824 sonum,
198 1750 290 1828 qualis
307 1750 382 1828 apud
398 1749 526 1810 Graecos
545 1751 639 1826 nullus
656 1760 717 1826 est,
741 1752 868 1830 ideoque
885 1752 974 1811 scribi
990 1752 1054 1811 illo·

50 1853 118 1895 rum
134 1835 237 1896 litteris
253 1852 311 1894 non
327 1843 434 1913 potest.
464 1832 559 1907 Quid?
576 1836 654 1914 quod
669 1834 810 1915 pleraque
822 1852 879 1894 nos
900 1833 951 1895 illa
972 1837 1096 1913 quasiat

52 1918 201 1996 mugiente
229 1918 325 1981 littera
349 1919 487 1979 cludimus
511 1917 562 1996 ld,x
584 1937 640 1998 qua
668 1918 775 1979 nullum
800 1918 912 1981 Graece
934 1916 1062 1979 verbum

55 2004 149 2065 cadit:
165 2012 193 2064 at
207 2003 250 2063 illi
264 2022 302 2079 ny
326 2005 476 2064 iucundam
496 2012 526 2063 et
545 2005 574 2063 in
589 2004 646 2064 fine
660 2005 819 2083 praecipue
836 2005 918 2082 quasi
934 2005 1054 2063 tinnien-

54 2099 116 2148 tem
130 2088 206 2147 illius
223 2087 290 2148 loco
308 2097 432 2167 ponunt,
455 2105 530 2165 quae
549 2097 594 2147 est
610 2090 685 2166 apud
701 2106 755 2147 nos
770 2089 917 2147 rarissima
931 2089 959 2147 in
976 2087 1054 2147 elan·

55 2172 139 2232 solis.
176 2170 271 2245 Quid?
297 2173 374 2252 quod
391 2172 521 2247 syllabae
538 2181 656 2232 nostrae
671 2174 699 2231 in
714 2172 737 2232 B
753 2172 876 2232 litteram
894 2180 924 2230 et
940 2171 966 2230 D
984 2173 1097 2242 inni-32

55 2264 152 2316 tuntur
167 2255 240 2316 adeo
257 2274 379 2334 aspere,
396 2266 426 2315 ut
441 2256 574 2336 plerique
590 2273 648 2316 non
664 2256 924 2335 antiquissimorum
939 2256 1055 2334 quidem

56 2339 113 2400 sed
132 2349 225 2400 lamen
246 2350 376 2399 veterum
397 2340 511 2399 mollire
532 2342 736 2419 temptaverint
756 2357 814 2399 non
829 2340 922 2399 solum
942 2358 1056 2401 aversa

55 2440 114 2507 pro
133 2424 271 2485 abversis
292 2424 415 2484 dicendo
433 2424 486 2483 sed
508 2425 580 2483 etin
598 2425 815 2503 praepositione
832 2423 855 2483 B
872 2423 987 2485 litterae
1004 2423 1053 2484 ab·

57 2524 157 2568 sonam
173 2517 202 2567 et
218 2510 311 2586 ipsam
327 2508 347 2568 S
371 2508 561 2568 subiicienda.
599 2508 659 2569 Sed
677 2517 815 2569 accentus
836 2523 970 2587 quoque,
992 2524 1096 2578 oum33

57 2594 156 2669 rigore
176 2593 315 2670 quodam,
338 2600 396 2652 tum
419 2593 602 2652 similitudine
625 2594 705 2671 ipsa,
725 2596 817 2652 minus
841 2612 946 2658 suares
965 2591 1054 2652 habe·

58 2695 135 2744 mus;
156 2677 221 2753 qnia
242 2675 339 2736 ultima
362 2676 474 2751 syllaba
497 2694 553 2736 nee
576 2686 661 2737 acuta
681 2695 805 2755 nnqmm
833 2679 973 2736 excitatur
999 2692 1055 2734 nec

60 2760 135 2820 llexa
162 2762 381 2821 circumducitur
409 2762 462 2821 sed
487 2763 516 2820 in
537 2779 657 2838 gravem
683 2762 732 2821 vel
755 2763 826 2821 duas
848 2778 955 2836 graves
980 2760 1055 2818 cadit

61 2862 182 2922 semper.
222 2843 323 2922 ltaque
345 2854 424 2904 tanto
446 2854 492 2904 est
514 2863 611 2906 sermo
630 2845 757 2907 Graecus
772 2844 872 2904 Latino
892 2842 1054 2916 iucundior,

61 2936 93 2987 ut
106 2929 192 2987 nostri
208 2937 330 3006 poetae,
348 2932 481 3006 quotiens
496 2929 581 2989 dulce
598 2948 714 2989 carmen
729 2946 796 2987 esse
811 2928 970 3002 voluerint,
989 2925 1053 2986 illo·

62 3028 122 3071 rum
141 3012 168 3072 id
187 3012 348 3072 nominibus
373 3022 522 3073 exornent.
559 3012 610 3073 llis
630 3013 679 3072 illa
702 3014 884 3091 potentiora,
907 3011 985 3090 quod
1006 3024 1097 3079 res34

62 3096 195 3175 plurimae
219 3106 317 3156 carent
346 3097 608 3176 appellationibus,
632 3106 663 3156 ut
686 3115 736 3156 eas
761 3114 884 3156 necesse
904 3098 940 3155 sit
963 3105 1065 3156 trans-n

63 3179 138 3240 ferre
164 3190 210 3240 aut
238 3182 402 3250 circumire;
430 3182 516 3241 etiam
539 3182 567 3240 in
592 3183 643 3254 iis,
669 3199 744 3259 quae
770 3180 951 3241 denominata
980 3189 1054 3254 sunt,

64 3282 166 3324 summa
182 3274 339 3343 paupertas
356 3267 384 3325 in
407 3266 508 3325 eadem
530 3282 583 3325 nos
605 3266 837 3343 frequentissime
858 3265 999 3330 revolvit:
1027 3272 1056 3322 at

65 3348 120 3408 illis
134 3365 188 3409 non
202 3348 358 3408 verborum
372 3351 474 3426 modo,
492 3351 544 3410 sed
559 3350 718 3425 linguarum
736 3351 820 3410 etiam
835 3350 910 3410 inter
925 3366 957 3408 se
973 3348 1041 3408 dille

66 3434 179 3492 rentium
194 3434 279 3512 copia
295 3431 349 3492 est.

146 3515 240 3590 Quare
256 3518 304 3596 qui
326 3535 343 3577 a
364 3518 470 3578 Latinis
491 3520 591 3594 exiget
612 3517 691 3580 illam
710 3519 830 3594 gratiam
847 3516 987 3576 sermonis
1004 3515 1096 3575 ult-35
