2434 3925
135 190 193 256 188
447 208 484 256 ss.
496 202 573 255 oss.
587 205 804 266 consumens

132 360 232 422 ordine
247 369 399 440 apparent;
419 369 448 421 at
461 363 486 420 si
500 379 585 421 unum
598 363 704 422 crimen
715 362 795 422 varie
806 360 1003 439 defendemus,
1017 372 1119 443 super-

102 458 231 515 anaoua.
273 444 311 505 Ut
327 446 352 504 si
371 444 420 505 illa
439 447 605 523 partiamur,
624 444 745 520 Dicam,
766 464 825 506 non
843 448 933 506 talem
950 466 1016 509 esso
1027 449 1119 525 buno,

117 532 219 613 'quein
239 538 334 606 tueor,
354 547 450 604 renen,
465 538 499 589 ut
517 531 550 589 in
571 549 607 591 eo
628 530 772 590 credibile
792 530 892 590 sideri
908 532 1008 608 possit
1026 531 1118 593 bonsi-

131 615 273 685 cidium,··
289 615 406 689 dicam,
433 614 594 674 occidendi
618 632 744 674 consum
764 613 835 674 buin
854 633 914 675 non
932 614 1047 692 suisse;
1068 617 1118 676 ‹ii-

132 717 210 773 cann,
232 698 313 759 inno
332 715 367 758 co
386 706 529 775 tempore,
551 715 609 776 quo
624 698 707 758 bomo
721 698 841 757 occisus
855 704 909 772 est,
929 707 1017 758 trans
1031 717 1120 760 snare

129 782 241 859 fuisse.-
262 781 370 855 omnia,
392 798 466 858 quoe
480 789 545 840 aute
560 780 605 854 id,
631 780 708 859 quod
722 779 846 839 ultimum
867 790 928 856 est,
951 783 1116 860 exequeris,

91 866 222 932 loinania
237 864 328 924 videri
348 881 472 924 necesse
493 873 547 923 cst.
583 863 711 923 Festinat
726 865 800 923 euim
817 864 903 924 iudex
922 865 957 924 ad
973 865 1017 941 id,
1040 866 1117 944 quod

130 949 356 1027 potentissimum
377 957 436 1024 est,
465 956 494 1008 et
513 946 593 1007 velut
616 946 772 1023 obligatum
791 950 934 1025 promisso
955 958 1116 1027 patronum,

129 1034 154 1091 si
179 1041 224 1092 est
243 1033 411 1110 patientior,
435 1032 537 1091 tacitus
559 1031 702 1108 appellat;
730 1033 755 1089 si
775 1031 824 1089 vel
844 1041 1000 1109 occupatus
1021 1033 1069 1093 vel
1088 1035 1117 1091 in

130 1115 224 1194 aliqua
238 1124 382 1193 potestate
397 1115 446 1175 vel
464 1116 548 1175 etiarn
563 1118 587 1173 si
602 1113 727 1173 moribus
741 1115 957 1192 incompositus,
975 1134 1036 1175 cum
1048 1134 1117 1175 con·

18 1200 23 1209 '
88 1201 204 1267 11vicio
226 1198 373 1275 clllagitat.
398 1198 510 1277 ¹ltaque
531 1215 587 1257 non
605 1198 772 1273 defuerunt,
801 1200 849 1274 qui
869 1196 1018 1259 Ciceronis
1039 1199 1117 1259 illam

129 1300 182 1361 pro
199 1281 330 1343 Cluentio
345 1284 524 1360 partitionem
538 1282 748 1360 improbarent,
771 1298 825 1358 qua
846 1300 879 1340 se
894 1283 1031 1342 dicturum
1049 1301 1117 1343 esse

128 1368 257 1445 promisit
266 1367 409 1445 primum,
430 1367 576 1428 neminem
597 1367 762 1427 maioribus
782 1367 973 1442 criminibus,
992 1368 1117 1445 pronio-

129 1452 214 1512 ribus
238 1451 376 1526 testibus,
403 1452 435 1510 in
453 1451 600 1511 iudicium
621 1458 762 1511 occatum
782 1466 872 1526 quom
896 1448 1095 1528 Oppianicum
1101 1473 1117 1521 ,-

131 1535 250 1610 deinde,
271 1534 467 1612 praeiudicio
487 1552 554 1594 csse
570 1535 657 1613 soeto
679 1534 718 1593 ab
732 1534 808 1610 ipsis
825 1535 987 1611 iudicibus,
1010 1553 1031 1595 o
1051 1537 1117 1612 qui*

130 1618 186 1680 bus
207 1620 423 1679 condemnatus
445 1619 503 1687 sit,·
520 1626 687 1696 postremo,
714 1618 861 1678 iudicium
885 1620 1018 1696 pecunia
1045 1627 1116 1680 tem·

126 1709 244 1780 piatum
263 1721 323 1763 non
339 1720 398 1780 pro
421 1698 554 1762 Cluentio
573 1702 631 1761 sed
650 1708 758 1761 contra
781 1698 970 1771 Clusmim,-
991 1703 1072 1779 quia,
1090 1704 1117 1761 si

130 1784 246 1863 probari
260 1795 379 1864 posset,
397 1785 472 1863 quod
488 1793 533 1845 est
547 1785 671 1859 tertium,
689 1784 757 1843 nibil
774 1802 897 1843 neccsse
913 1785 998 1844 luerit
1016 1784 1116 1845 dicere

89 1871 234 1947 12priora.
269 1868 379 1928 Rursus
397 1886 479 1928 uerno
495 1878 550 1928 tarn
567 1870 620 1928 erit
638 1869 756 1927 iniustus
772 1876 820 1928 aut
837 1869 950 1945 stultus,
968 1871 1034 1947 quin
1051 1886 1115 1928 eum

128 1953 251 2014 fateatur
263 1956 369 2033 optime
384 1970 437 2032 pro
450 1952 567 2013 Murena
583 1971 650 2013 esse
661 1954 807 2031 partitum:
823 1951 970 2032 Intellipo,
985 1955 1114 2030 iudices,

128 2039 184 2116 tuis
200 2041 289 2100 totius
310 2041 515 2099 accusationis
532 2039 767 2116 subsequentes,
794 2044 823 2097 ct
844 2056 950 2098 eornm
970 2039 1115 2098 nnumin

127 2123 362 2200 reprehensione
374 2124 464 2197 utne,
480 2123 609 2183 alterans
626 2121 657 2181 in
671 2122 856 2182 contentione
872 2123 1036 2200 dipnitotis,
1051 2128 1114 2182 ter-

127 2207 200 2267 tione
224 2207 257 2265 in
284 2207 461 2266 criminibus
482 2206 612 2265 ambitus
638 2224 704 2265 csse
729 2213 891 2266 ocreatum.
932 2204 1003 2265 Nam
1021 2206 1064 2263 sio
1085 2214 1115 2264 et

80 2338 82 2341 Α
128 2288 253 2348 ostendit
268 2288 442 2351 lucidissime
455 2306 568 2348 causam
580 2297 608 2347 et
624 2287 692 2347 nibil
707 2288 776 2348 lecit
788 2287 879 2348 altero
895 2306 1113 2367 supervacuum.

86 2380 121 2438 13
211 2371 256 2431 Dc
273 2372 323 2431 illo
335 2389 450 2449 quoque
462 2390 570 2448 genere
582 2371 757 2431 defensionis
769 2372 902 2450 plerique
920 2372 1059 2431 dubitant:
1078 2369 1116 2431 Si
1179 2387 1181 2390 ’

127 2458 243 2531 occidi,
265 2465 348 2516 recte
366 2456 447 2534 feci}
468 2457 525 2517 sed
543 2475 603 2516 non
621 2456 741 2524 occidi;
762 2473 819 2532 quo
832 2458 914 2515 'enirn
934 2457 1012 2534 prius
1027 2456 1114 2533 perti·

128 2558 209 2616 nere,
227 2540 251 2597 si
267 2557 392 2617 sequens
408 2540 516 2598 firmum
533 2535 590 2598 sit?
614 2539 686 2598 haec
701 2540 821 2598 invicem
836 2538 968 2615 obstare,
994 2549 1022 2599 et
1036 2548 1114 2598 utro-

129 2642 185 2702 que
207 2622 350 2683 utentibus
372 2626 400 2681 in
419 2633 520 2682 neutro
544 2623 643 2682 haberi
658 2622 751 2686 fidem.
788 2621 871 2695 Quod
893 2641 961 2682 sanc
982 2625 1010 2683 iu
1031 2631 1115 2701 parte

127 2726 227 2767 nerum
242 2716 296 2783 est,
312 2716 342 2766 et
359 2706 409 2765 illo
425 2708 567 2785 sequenti,
587 2710 612 2767 si
623 2706 708 2766 modo
720 2706 904 2766 indubitabile
923 2715 977 2782 est,
994 2708 1030 2765 sit
1048 2704 1115 2767 solo

87 2791 268 2855 lluteudum.
303 2790 341 2850 At
364 2792 388 2849 si
410 2790 477 2868 quid
496 2792 524 2849 in
546 2807 598 2867 eo,
630 2790 706 2869 quod
731 2799 775 2866 est
795 2790 914 2867 lortius,
938 2790 1115 2850 timebimus:

47 2904 54 2917 ·
128 2885 249 2953 utraque
267 2874 437 2953 probatione
458 2875 587 2934 nitemur.
623 2873 706 2933 lilius
728 2875 801 2932 enim
822 2874 878 2932 alio
899 2876 1008 2934 moveri
1025 2872 1115 2948 solet,

129 2969 159 3019 ct
179 2961 226 3037 qui
246 2959 351 3017 lactum
371 2959 495 3035 putavit,
518 2960 620 3017 iustum
642 2957 763 3017 credere
783 2966 894 3034 potest;
916 2959 964 3036 qui
981 2967 1117 3036 tanquam

47 3115 53 3126 ·
129 3044 204 3103 iusto
219 3058 276 3100 non
290 3040 467 3116 movebitur,
492 3042 598 3101 lactum
621 3041 746 3101 fortasse
766 3058 823 3099 non
845 3041 953 3114 credet.
982 3040 1019 3100 Ut
1035 3049 1116 3100 certe

129 3144 226 3185 manus
247 3142 303 3184 uno
325 3126 384 3185 telo
409 3127 501 3203 possit
521 3143 588 3185 esse
610 3133 761 3184 contenta:
790 3126 900 3185 incerta
924 3124 1006 3203 plura
1033 3142 1115 3202 spar-

88 3209 222 3286 lngcnda
241 3217 320 3285 sunt,
342 3218 373 3268 ut
393 3210 430 3268 sit
445 3218 473 3267 ct
491 3209 623 3269 fortunae
640 3209 732 3268 locus.
769 3206 898 3285 Egregie
916 3225 988 3268 vero
1010 3205 1115 3267 Cicero

26 3351 29 3357 .
130 3310 182 3372 pro
198 3291 305 3351 Milone
321 3292 514 3351 insidiatorem
528 3294 646 3370 primum
661 3291 791 3352 Clodium
810 3292 945 3368 ostendit,
963 3301 1020 3351 tum
1036 3291 1115 3351 addi·

130 3378 171 3437 dit
184 3394 228 3436 ex
248 3375 416 3450 abundanti,
437 3378 546 3435 etiarnsi
562 3376 589 3436 id
604 3392 659 3434 non
676 3376 795 3450 luisset,
812 3375 897 3436 talem
911 3384 1005 3435 tamen
1022 3377 1115 3434 civem

132 3477 195 3522 cum
217 3477 323 3522 summa
342 3452 445 3519 virtute
466 3459 661 3520 interfectoris
686 3468 715 3520 et
733 3459 828 3536 gloria
848 3460 948 3520 necari
973 3459 1113 3537 potuisse.
