2434 3925
323 179 573 230 monoceron.
586 180 656 228 ens.
669 179 731 244 x11,
746 175 773 230 5.
786 175 812 231 o.
1006 166 1066 230 253

60 339 219 412 stantiam,
247 335 397 412 fiduciam,
429 334 624 395 fortitudinem
647 333 718 394 nihil
743 350 807 409 ars,
838 332 907 393 nihil
935 334 1066 410 studium,

57 422 140 482 nihil
155 421 305 500 proiectus
322 420 385 498 ipse
400 419 557 498 proluerit;
584 427 615 477 ut
630 420 656 477 si
677 417 730 477 des
745 435 823 478 armo
838 418 943 478 timidis
966 427 996 478 et
1016 420 1066 478 im·

57 506 207 567 bellihus.
240 502 347 564 inritus
370 502 536 563 mehercule
560 503 643 578 dico,
667 504 799 580 quoniam
819 510 850 562 et
869 502 953 563 aliter
973 503 1068 580 accipi

55 598 183 669 potest,
203 590 295 667 ipsam
311 587 530 663 verecundiam,
551 588 649 647 vitium
665 586 780 664 quidem
798 585 851 645 sed
872 580 1013 661 amabile',
1038 594 1068 644 et

59 691 144 752 quae
160 674 281 732 virtutes
304 672 442 736 facillime
457 680 598 747 generet,
622 688 690 730 esse
703 670 779 730 iuter
793 670 932 745 adverse,
957 669 1066 729 multis·

59 774 127 836 que
148 759 177 816 in
200 774 286 816 causa
301 756 408 832 luisse,
432 764 463 815 ut
478 754 553 816 bona
574 756 682 832 ingenii
696 754 840 833 studiique
855 756 884 813 in
899 752 993 813 lucem
1009 769 1067 812 nou

58 841 183 921 prolata
198 842 253 900 situ
270 841 393 918 quodam
408 840 515 899 secreti
532 848 777 899 consumerentur.
808 839 888 898 Sciat
910 846 1022 912 autem,
1042 837 1095 901 si3

61 926 135 1004 quis
152 924 226 987 haec
247 925 323 984 iorte
338 925 431 983 miuus
451 923 545 984 adhuc
559 925 670 1001 peritus
685 922 878 1000 distinguendi
892 922 949 981 rim
972 922 1065 981 cuius·

62 1027 127 1087 que
142 1008 227 1068 verbi
241 1007 340 1090 leget,
361 1025 419 1068 nou
434 1006 607 1086 probitatem
624 1024 641 1067 a
658 1024 705 1065 me
726 1005 902 1085 reprehendi
918 1004 970 1066 sed
983 1024 1067 1067 vere·

65 1093 221 1167 cundiam,
247 1110 321 1170 quae
344 1100 391 1152 est
409 1093 494 1151 timor
514 1092 628 1169 quidum
649 1091 796 1152 reducens
819 1092 941 1152 antimum
959 1090 995 1150 ab
1018 1093 1064 1165 iis,

62 1194 144 1255 quae
163 1176 296 1237 iacienda
317 1184 398 1251 sunt,
421 1174 495 1236 uude
520 1176 652 1235 conlusio
674 1183 704 1235 et
721 1177 820 1253 doepti
843 1174 1026 1253 poenitentia
1037 1183 1068 1235 et

62 1260 193 1321 subitum
218 1259 372 1320 silentium.
397 1258 480 1333 vQuis
506 1276 596 1339 porro
618 1258 729 1321 dubitet
748 1261 825 1319 vitiis
851 1258 1000 1320 ascribere
1024 1257 1065 1319 al·

62 1344 194 1420 sectum,
221 1353 343 1424 propter
364 1361 450 1422 quem
469 1344 570 1404 iecere
593 1343 715 1404 honesta
738 1339 849 1423 pudet?
878 1341 982 1422 Neque
1007 1350 1094 1420 egot

63 1446 169 1489 rursus
191 1429 260 1489 nolo
280 1445 362 1503 eum,
386 1430 433 1506 qui
449 1429 486 1487 sit
501 1428 646 1503 dicturus,
671 1427 879 1500 etsollicitum
900 1444 1021 1504 surgere
1038 1435 1067 1487 et

64 1512 201 1573 colorem
215 1521 325 1573 mutare
348 1521 378 1572 et
393 1512 553 1590 periculum
573 1511 754 1588 iutelligere3
781 1529 854 1590 quae
872 1511 897 1570 si
911 1511 1064 1572 uouacci-

63 1595 151 1671 dent,
175 1597 260 1657 etiam
280 1596 439 1657 simulanda
460 1604 552 1656 eruut.
590 1579 650 1657 &ed
664 1595 830 1656 intellectus
849 1595 897 1655 hic
913 1597 951 1655 sit
966 1596 1065 1674 operis

62 1689 249 1755 nonnemo,
275 1696 498 1758 mereamurque
514 1696 572 1739 non
590 1679 784 1740 concidamus.
821 1677 934 1758 Optime
954 1688 1000 1739 est
1016 1697 1064 1739 au·

61 1774 127 1827 tem
149 1764 309 1825 emendatio
330 1764 524 1825 verecundiae
546 1762 666 1841 fiducia,
689 1770 720 1823 et
740 1763 899 1843 quamlibet
918 1763 1064 1823 imbecilla

62 1848 148 1909 frons
164 1866 270 1925 magna
287 1848 464 1909 conscientia
479 1849 645 1908 sustinetur.

152 1932 223 1994 Sunt
248 1941 277 1993 et
298 1932 453 2008 naturalia,
476 1939 506 1991 ut
529 1932 712 2011 supradixi,
736 1950 810 2012 quae
830 1940 925 1993 minen
948 1940 977 1993 et
995 1941 1092 1995 curat

62 2020 212 2093 iuvantur,
234 2018 437 2093 instrumenta,
458 2032 548 2093 vox,
571 2018 683 2094 latus,
706 2017 834 2086 decom
858 2035 932 2095 quae
949 2017 1065 2096 quidem

62 2111 173 2162 tantum
190 2101 304 2177 velent,
325 2110 356 2161 ut
376 2101 545 2179 frequenter
560 2101 665 2162 lamam
687 2101 794 2179 ingenii
814 2094 930 2162 iaciant.
959 2099 1065 2161 Habuit

63 2195 200 2247 oratores
215 2195 295 2246 aetas
313 2194 412 2245 nostra
428 2187 622 2265 copiosiores,
637 2185 703 2259 sed,
720 2204 783 2246 cum
797 2186 920 2260 diceret,
938 2186 1066 2245 eminere

61 2271 140 2331 inter
160 2269 298 2348 aequales
314 2268 472 2329 Trachalus
493 2270 655 2330 videbatur.
688 2268 731 2330 Ea
751 2270 884 2347 corporis
904 2269 1064 2330 sublimitas

64 2361 145 2430 erat,
164 2354 189 2412 is
205 2353 291 2414 ardor
308 2352 472 2428 oculorum,
488 2352 590 2413 frontis
609 2355 779 2429 auctoritas,
795 2362 897 2431 gestus
914 2363 1063 2431 praestan·

64 2441 122 2512 tie,
140 2453 200 2497 vox
219 2437 334 2516 quidem
348 2455 422 2512 non,
441 2446 472 2497 ut
489 2435 594 2499 Cicero
610 2437 776 2512 desiderat,
800 2455 895 2517 paene
907 2438 1063 2515 tragoedo·

63 2540 126 2582 rum
136 2522 189 2582 sed
205 2540 296 2601 super
312 2540 424 2596 omnes,
441 2538 515 2600 quos
531 2538 588 2599 ego
600 2520 715 2600 quidem
728 2522 877 2597 audierim,
895 2522 1063 2599 tragoedos.

65 2604 152 2667 (iente
169 2625 234 2667 cum
248 2606 278 2665 in
291 2605 412 2667 basilica
427 2604 499 2666 Iulia
514 2606 626 2666 diceret
640 2608 733 2684 primo
751 2605 901 2682 tribunali,
928 2614 1090 2685 quattuoro

64 2700 158 2750 autem
175 2691 297 2767 iudicia,
322 2699 352 2749 ut
366 2690 454 2749 moris
471 2698 533 2765 est,
560 2699 753 2767 cogerentur,
777 2699 864 2769 etque
886 2691 980 2750 omnia
1004 2689 1062 2749 cla·

61 2774 189 2834 moribus
205 2774 380 2835 fremerent:
409 2781 439 2833 et
453 2774 578 2834 auditum
594 2792 659 2834 eum
674 2783 704 2834 et
718 2775 897 2835 intellectum
915 2782 961 2848 et,
985 2773 1062 2851 quod

63 2858 214 2935 agentibus
232 2860 340 2919 ceteris
357 2857 677 2918 contumeliosissimum
693 2858 761 2933 luit,
785 2858 927 2917 laudatum
944 2873 1061 2935 quoque

59 2961 102 3002 ex
117 2950 253 3021 quattuor
269 2942 459 3002 tribunalibus
473 2942 597 3001 memini.
632 2942 691 3002 Sed
708 2942 765 3003 hoc
778 2951 876 3001 votum
891 2948 936 2999 est
951 2949 981 3000 et
996 2957 1062 3001 rara

61 3026 204 3092 felicitas;
221 3028 339 3104 quaesi
354 3043 412 3086 nou
428 3026 513 3085 assit:
529 3043 600 3086 sane
616 3026 741 3085 sulliciat
756 3024 792 3085 alt
808 3026 859 3098 iis,
878 3023 982 3103 quihus
998 3025 1061 3104 quis

63 3108 145 3186 dicit,
164 3108 265 3168 audiri.
304 3109 382 3171 Talis
398 3127 467 3170 esse
483 3109 571 3171 debet
587 3118 686 3171 orator
701 3117 732 3168 et
745 3109 819 3172 haec
836 3110 923 3168 scire.

171 3259 258 3322 QUOD
278 3258 329 3311 SIT
347 3261 523 3315 lNClPlENDI
542 3260 668 3315 CAUSAS
685 3261 795 3313 AGERE
813 3260 948 3313 TEMPUS.

130 3356 196 3417 -v1.
224 3357 368 3435 Agendi
389 3369 483 3420 autem
505 3362 647 3420 initium
668 3360 730 3419 siue
745 3357 832 3419 dnbio
848 3360 1005 3421 secundom
1019 3360 1059 3418 vi·

60 3462 109 3505 res
139 3444 281 3524 cuiusque
309 3443 475 3504 sumendum
498 3453 552 3504 est.
591 3443 694 3522 Neque
718 3459 775 3521 ego
796 3461 887 3504 annos
915 3445 1058 3520 deliniam,
