<?xml version="1.0" encoding="UTF-8"?>
<!DOCTYPE html PUBLIC "-//W3C//DTD XHTML 1.0 Transitional//EN"
    "http://www.w3.org/TR/xhtml1/DTD/xhtml1-transitional.dtd">
<html xmlns="http://www.w3.org/1999/xhtml" xml:lang="en" lang="en">
 <head>
  <title>
</title>
<meta http-equiv="Content-Type" content="text/html;charset=utf-8" />
  <meta name='ocr-system' content='tesseract 3.04.00' />
  <meta name='ocr-capabilities' content='ocr_page ocr_carea ocr_par ocr_line ocrx_word'/>
</head>
<body>
  <div class='ocr_page' id='page_1' title='image "./mfabiiquintilia08bonngoog_0304.png"; bbox 0 0 2434 3925; ppageno 0'>
   <div class='ocr_carea' id='block_1_1' title="bbox 161 185 836 259">
    <p class='ocr_par' dir='ltr' id='par_1_1' title="bbox 161 185 836 259">
     <span class='ocr_line' id='line_1_1' title="bbox 161 185 836 259; baseline 0.003 -10"><span class='ocrx_word' id='word_1_1' title='bbox 161 185 230 249; x_wconf 77' lang='lat' dir='ltr'><strong>tio</strong></span> <span class='ocrx_word' id='word_1_2' title='bbox 468 197 836 259; x_wconf 41' lang='lat' dir='ltr'><strong>*momenmentum</strong></span> 
     </span>
    </p>
   </div>
   <div class='ocr_carea' id='block_1_2' title="bbox 116 351 1175 769">
    <p class='ocr_par' dir='ltr' id='par_1_2' title="bbox 116 351 1175 769">
     <span class='ocr_line' id='line_1_2' title="bbox 160 351 1175 432; baseline -0.009 -14"><span class='ocrx_word' id='word_1_3' title='bbox 160 364 217 418; x_wconf 82' lang='lat' dir='ltr'><strong>tem</strong></span> <span class='ocrx_word' id='word_1_4' title='bbox 237 351 448 421; x_wconf 60' lang='lat' dir='ltr'><strong>antecessisti·</strong></span> <span class='ocrx_word' id='word_1_5' title='bbox 475 369 581 412; x_wconf 87' lang='lat' dir='ltr'><strong>causae</strong></span> <span class='ocrx_word' id='word_1_6' title='bbox 609 368 725 431; x_wconf 88' lang='lat' dir='ltr'><strong>quoque</strong></span> <span class='ocrx_word' id='word_1_7' title='bbox 752 351 894 413; x_wconf 85' lang='lat' dir='ltr'><strong>factorum</strong></span> <span class='ocrx_word' id='word_1_8' title='bbox 919 353 1175 432; x_wconf 71' lang='lat' dir='ltr'><strong>praeteriisset.</strong></span> 
     </span>
     <span class='ocr_line' id='line_1_3' title="bbox 116 434 1158 516; baseline 0.001 -18"><span class='ocrx_word' id='word_1_9' title='bbox 116 438 307 516; x_wconf 72' lang='lat' dir='ltr'><strong>nfitemporis.</strong></span> <span class='ocrx_word' id='word_1_10' title='bbox 339 434 501 496; x_wconf 90' lang='lat' dir='ltr'><strong>Secundum</strong></span> <span class='ocrx_word' id='word_1_11' title='bbox 515 444 628 514; x_wconf 89' lang='lat' dir='ltr'><strong>tempus</strong></span> <span class='ocrx_word' id='word_1_12' title='bbox 643 436 775 496; x_wconf 91' lang='lat' dir='ltr'><strong>subtilius</strong></span> <span class='ocrx_word' id='word_1_13' title='bbox 792 437 915 514; x_wconf 91' lang='lat' dir='ltr'><strong>quidam,</strong></span> <span class='ocrx_word' id='word_1_14' title='bbox 933 455 1017 515; x_wconf 89' lang='lat' dir='ltr'><strong>quam</strong></span> <span class='ocrx_word' id='word_1_15' title='bbox 1028 456 1158 499; x_wconf 87' lang='lat' dir='ltr'><strong>necesse</strong></span> 
     </span>
     <span class='ocr_line' id='line_1_4' title="bbox 159 520 1157 596; baseline 0 -14"><span class='ocrx_word' id='word_1_16' title='bbox 159 530 231 596; x_wconf 86' lang='lat' dir='ltr'><strong>erat,</strong></span> <span class='ocrx_word' id='word_1_17' title='bbox 249 521 416 593; x_wconf 86' lang='lat' dir='ltr'><strong>diviserunt,</strong></span> <span class='ocrx_word' id='word_1_18' title='bbox 431 529 461 579; x_wconf 93' lang='lat' dir='ltr'><strong>ut</strong></span> <span class='ocrx_word' id='word_1_19' title='bbox 473 529 552 580; x_wconf 90' lang='lat' dir='ltr'><strong>esset</strong></span> <span class='ocrx_word' id='word_1_20' title='bbox 567 521 655 579; x_wconf 89' lang='lat' dir='ltr'><strong>iuncti</strong></span> <span class='ocrx_word' id='word_1_21' title='bbox 670 520 769 582; x_wconf 76' lang='lat' dir='ltr'><strong>Sonus</strong></span> <span class='ocrx_word' id='word_1_22' title='bbox 777 523 905 582; x_wconf 82' lang='lat' dir='ltr'><strong>auditus</strong></span> <span class='ocrx_word' id='word_1_23' title='bbox 915 530 978 590; x_wconf 86' lang='lat' dir='ltr'><strong>est‚·</strong></span> <span class='ocrx_word' id='word_1_24' title='bbox 995 521 1157 582; x_wconf 85' lang='lat' dir='ltr'><strong>adbaeren-</strong></span> 
     </span>
     <span class='ocr_line' id='line_1_5' title="bbox 158 602 1157 685; baseline 0.001 -19"><span class='ocrx_word' id='word_1_25' title='bbox 158 608 196 666; x_wconf 90' lang='lat' dir='ltr'><strong>tis</strong></span> <span class='ocrx_word' id='word_1_26' title='bbox 211 602 335 666; x_wconf 80' lang='lat' dir='ltr'><strong>Clamor</strong></span> <span class='ocrx_word' id='word_1_27' title='bbox 347 603 554 670; x_wconf 74' lang='lat' dir='ltr'><strong>sublutusest.</strong></span> <span class='ocrx_word' id='word_1_28' title='bbox 587 603 768 683; x_wconf 84' lang='lat' dir='ltr'><strong>insequentis</strong></span> <span class='ocrx_word' id='word_1_29' title='bbox 783 613 848 664; x_wconf 87' lang='lat' dir='ltr'><strong>sunt</strong></span> <span class='ocrx_word' id='word_1_30' title='bbox 864 604 914 665; x_wconf 90' lang='lat' dir='ltr'><strong>ilia</strong></span> <span class='ocrx_word' id='word_1_31' title='bbox 926 604 1067 682; x_wconf 82' lang='lat' dir='ltr'><strong>Lutuisti,</strong></span> <span class='ocrx_word' id='word_1_32' title='bbox 1081 625 1157 685; x_wconf 86' lang='lat' dir='ltr'><strong>pro·</strong></span> 
     </span>
     <span class='ocr_line' id='line_1_6' title="bbox 156 685 1157 769; baseline 0 -20"><span class='ocrx_word' id='word_1_33' title='bbox 156 689 281 769; x_wconf 65' lang='lat' dir='ltr'><strong>raptem</strong></span> <span class='ocrx_word' id='word_1_34' title='bbox 296 685 422 748; x_wconf 84' lang='lat' dir='ltr'><strong>Lieores</strong></span> <span class='ocrx_word' id='word_1_35' title='bbox 438 695 467 749; x_wconf 89' lang='lat' dir='ltr'><strong>et</strong></span> <span class='ocrx_word' id='word_1_36' title='bbox 481 694 613 749; x_wconf 80' lang='lat' dir='ltr'><strong>tumores</strong></span> <span class='ocrx_word' id='word_1_37' title='bbox 627 698 848 766; x_wconf 73' lang='lat' dir='ltr'><strong>appensorum.</strong></span> <span class='ocrx_word' id='word_1_38' title='bbox 878 688 983 748; x_wconf 90' lang='lat' dir='ltr'><strong>iisdem</strong></span> <span class='ocrx_word' id='word_1_39' title='bbox 994 699 1157 768; x_wconf 87' lang='lat' dir='ltr'><strong>temporum</strong></span> 
     </span>
    </p>
   </div>
   <div class='ocr_carea' id='block_1_3' title="bbox 116 768 1166 3457">
    <p class='ocr_par' dir='ltr' id='par_1_3' title="bbox 116 768 1166 3457">
     <span class='ocr_line' id='line_1_7' title="bbox 157 768 1155 851; baseline 0 -18"><span class='ocrx_word' id='word_1_40' title='bbox 157 768 294 851; x_wconf 86' lang='lat' dir='ltr'><strong>gradibiis</strong></span> <span class='ocrx_word' id='word_1_41' title='bbox 312 771 450 831; x_wconf 82' lang='lat' dir='ltr'><strong>defensor</strong></span> <span class='ocrx_word' id='word_1_42' title='bbox 464 779 560 831; x_wconf 90' lang='lat' dir='ltr'><strong>utetur</strong></span> <span class='ocrx_word' id='word_1_43' title='bbox 575 772 612 831; x_wconf 92' lang='lat' dir='ltr'><strong>ad</strong></span> <span class='ocrx_word' id='word_1_44' title='bbox 627 770 830 832; x_wconf 79' lang='lat' dir='ltr'><strong>detrahendam</strong></span> <span class='ocrx_word' id='word_1_45' title='bbox 849 772 892 847; x_wconf 88' lang='lat' dir='ltr'><strong>ei,</strong></span> <span class='ocrx_word' id='word_1_46' title='bbox 916 774 994 851; x_wconf 94' lang='lat' dir='ltr'><strong>quod</strong></span> <span class='ocrx_word' id='word_1_47' title='bbox 1009 773 1155 849; x_wconf 83' lang='lat' dir='ltr'><strong>obiicitur,</strong></span> 
     </span>
     <span class='ocr_line' id='line_1_8' title="bbox 118 854 1154 934; baseline -0.001 -17"><span class='ocrx_word' id='word_1_48' title='bbox 118 868 152 926; x_wconf 84' lang='lat'><strong>47</strong></span> <span class='ocrx_word' id='word_1_49' title='bbox 160 857 254 917; x_wconf 88' lang='lat' dir='ltr'><strong>iidem.</strong></span> <span class='ocrx_word' id='word_1_50' title='bbox 291 854 324 915; x_wconf 91' lang='lat' dir='ltr'><strong>in</strong></span> <span class='ocrx_word' id='word_1_51' title='bbox 347 854 391 915; x_wconf 89' lang='lat' dir='ltr'><strong>bis</strong></span> <span class='ocrx_word' id='word_1_52' title='bbox 413 856 505 914; x_wconf 89' lang='lat' dir='ltr'><strong>omnis</strong></span> <span class='ocrx_word' id='word_1_53' title='bbox 527 855 671 917; x_wconf 86' lang='lat' dir='ltr'><strong>iactomm</strong></span> <span class='ocrx_word' id='word_1_54' title='bbox 692 856 892 934; x_wconf 85' lang='lat' dir='ltr'><strong>dictorumque</strong></span> <span class='ocrx_word' id='word_1_55' title='bbox 913 858 987 917; x_wconf 87' lang='lat' dir='ltr'><strong>ratio</strong></span> <span class='ocrx_word' id='word_1_56' title='bbox 1007 864 1154 932; x_wconf 79' lang='lat' dir='ltr'><strong>versatur,</strong></span> 
     </span>
     <span class='ocr_line' id='line_1_9' title="bbox 159 937 1154 1020; baseline 0 -20"><span class='ocrx_word' id='word_1_57' title='bbox 159 940 212 1002; x_wconf 88' lang='lat' dir='ltr'><strong>sed</strong></span> <span class='ocrx_word' id='word_1_58' title='bbox 227 939 391 1019; x_wconf 69' lang='lat' dir='ltr'>dupliciter.</span> <span class='ocrx_word' id='word_1_59' title='bbox 428 937 500 998; x_wconf 87' lang='lat' dir='ltr'><strong>Nam</strong></span> <span class='ocrx_word' id='word_1_60' title='bbox 521 939 591 999; x_wconf 89' lang='lat' dir='ltr'><strong>liunt</strong></span> <span class='ocrx_word' id='word_1_61' title='bbox 611 940 765 1017; x_wconf 80' lang='lat' dir='ltr'>quaedam,</span> <span class='ocrx_word' id='word_1_62' title='bbox 788 942 853 1018; x_wconf 88' lang='lat' dir='ltr'><strong>quia</strong></span> <span class='ocrx_word' id='word_1_63' title='bbox 868 940 945 1000; x_wconf 89' lang='lat' dir='ltr'><strong>aliud</strong></span> <span class='ocrx_word' id='word_1_64' title='bbox 959 950 1064 1020; x_wconf 91' lang='lat' dir='ltr'><strong>postea</strong></span> <span class='ocrx_word' id='word_1_65' title='bbox 1079 941 1154 1000; x_wconf 87' lang='lat' dir='ltr'><strong>iutu-</strong></span> 
     </span>
     <span class='ocr_line' id='line_1_10' title="bbox 158 1022 1155 1102; baseline 0 -18"><span class='ocrx_word' id='word_1_66' title='bbox 158 1042 219 1084; x_wconf 87' lang='lat' dir='ltr'><strong>mm</strong></span> <span class='ocrx_word' id='word_1_67' title='bbox 238 1031 297 1092; x_wconf 89' lang='lat' dir='ltr'><strong>est;</strong></span> <span class='ocrx_word' id='word_1_68' title='bbox 323 1022 478 1102; x_wconf 83' lang='lat' dir='ltr'><strong>quaedam,</strong></span> <span class='ocrx_word' id='word_1_69' title='bbox 500 1024 565 1101; x_wconf 89' lang='lat' dir='ltr'><strong>quia</strong></span> <span class='ocrx_word' id='word_1_70' title='bbox 581 1023 658 1083; x_wconf 87' lang='lat' dir='ltr'><strong>aliud</strong></span> <span class='ocrx_word' id='word_1_71' title='bbox 672 1032 738 1083; x_wconf 87' lang='lat' dir='ltr'><strong>ante</strong></span> <span class='ocrx_word' id='word_1_72' title='bbox 752 1024 932 1084; x_wconf 81' lang='lat' dir='ltr'><strong>factumest:</strong></span> <span class='ocrx_word' id='word_1_73' title='bbox 949 1033 995 1101; x_wconf 91' lang='lat' dir='ltr'><strong>ut,</strong></span> <span class='ocrx_word' id='word_1_74' title='bbox 1017 1042 1081 1084; x_wconf 91' lang='lat' dir='ltr'><strong>cum</strong></span> <span class='ocrx_word' id='word_1_75' title='bbox 1103 1025 1155 1084; x_wconf 92' lang='lat' dir='ltr'><strong>ob·</strong></span> 
     </span>
     <span class='ocr_line' id='line_1_11' title="bbox 158 1106 1166 1187; baseline -0.001 -18"><span class='ocrx_word' id='word_1_76' title='bbox 158 1109 253 1169; x_wconf 86' lang='lat' dir='ltr'><strong>iicitur</strong></span> <span class='ocrx_word' id='word_1_77' title='bbox 280 1125 332 1167; x_wconf 91' lang='lat' dir='ltr'><strong>reo</strong></span> <span class='ocrx_word' id='word_1_78' title='bbox 364 1107 516 1182; x_wconf 82' lang='lat' dir='ltr'><strong>lenocinii,</strong></span> <span class='ocrx_word' id='word_1_79' title='bbox 545 1106 623 1187; x_wconf 94' lang='lat' dir='ltr'><strong>quod</strong></span> <span class='ocrx_word' id='word_1_80' title='bbox 648 1109 812 1185; x_wconf 79' lang='lat' dir='ltr'><strong>speciosam</strong></span> <span class='ocrx_word' id='word_1_81' title='bbox 838 1107 970 1168; x_wconf 89' lang='lat' dir='ltr'><strong>adulterii</strong></span> <span class='ocrx_word' id='word_1_82' title='bbox 995 1109 1166 1177; x_wconf 68' lang='lat' dir='ltr'><strong>damnatam,</strong></span> 
     </span>
     <span class='ocr_line' id='line_1_12' title="bbox 160 1190 1157 1271; baseline 0 -20"><span class='ocrx_word' id='word_1_83' title='bbox 160 1192 299 1271; x_wconf 88' lang='lat' dir='ltr'><strong>quandam</strong></span> <span class='ocrx_word' id='word_1_84' title='bbox 320 1192 437 1259; x_wconf 90' lang='lat' dir='ltr'><strong>emerit;</strong></span> <span class='ocrx_word' id='word_1_85' title='bbox 459 1199 507 1250; x_wconf 88' lang='lat' dir='ltr'><strong>aut</strong></span> <span class='ocrx_word' id='word_1_86' title='bbox 523 1190 669 1269; x_wconf 88' lang='lat' dir='ltr'><strong>parricidii</strong></span> <span class='ocrx_word' id='word_1_87' title='bbox 683 1208 736 1252; x_wconf 88' lang='lat' dir='ltr'><strong>reo</strong></span> <span class='ocrx_word' id='word_1_88' title='bbox 757 1192 925 1267; x_wconf 84' lang='lat' dir='ltr'><strong>luxurioso,</strong></span> <span class='ocrx_word' id='word_1_89' title='bbox 949 1192 1027 1270; x_wconf 94' lang='lat' dir='ltr'><strong>quod</strong></span> <span class='ocrx_word' id='word_1_90' title='bbox 1048 1192 1157 1252; x_wconf 83' lang='lat' dir='ltr'><strong>dixerit</strong></span> 
     </span>
     <span class='ocr_line' id='line_1_13' title="bbox 159 1273 1157 1354; baseline -0.001 -18"><span class='ocrx_word' id='word_1_91' title='bbox 159 1277 250 1354; x_wconf 89' lang='lat' dir='ltr'><strong>patri,</strong></span> <span class='ocrx_word' id='word_1_92' title='bbox 271 1273 339 1337; x_wconf 84' lang='lat' dir='ltr'><strong>Noa</strong></span> <span class='ocrx_word' id='word_1_93' title='bbox 359 1275 493 1353; x_wconf 82' lang='lat' dir='ltr'><strong>amplius</strong></span> <span class='ocrx_word' id='word_1_94' title='bbox 514 1293 562 1337; x_wconf 84' lang='lat' dir='ltr'><strong>me</strong></span> <span class='ocrx_word' id='word_1_95' title='bbox 575 1277 762 1354; x_wconf 77' lang='lat' dir='ltr'><strong>obiurgabis.</strong></span> <span class='ocrx_word' id='word_1_96' title='bbox 805 1274 877 1336; x_wconf 84' lang='lat' dir='ltr'><strong>iiam</strong></span> <span class='ocrx_word' id='word_1_97' title='bbox 894 1285 924 1336; x_wconf 88' lang='lat' dir='ltr'><strong>et</strong></span> <span class='ocrx_word' id='word_1_98' title='bbox 936 1276 998 1354; x_wconf 88' lang='lat' dir='ltr'><strong>ille,</strong></span> <span class='ocrx_word' id='word_1_99' title='bbox 1014 1294 1071 1336; x_wconf 91' lang='lat' dir='ltr'><strong>non</strong></span> <span class='ocrx_word' id='word_1_100' title='bbox 1088 1278 1157 1354; x_wconf 88' lang='lat' dir='ltr'><strong>quia</strong></span> 
     </span>
     <span class='ocr_line' id='line_1_14' title="bbox 159 1357 1157 1439; baseline 0 -20"><span class='ocrx_word' id='word_1_101' title='bbox 159 1361 243 1434; x_wconf 89' lang='lat' dir='ltr'><strong>emit,</strong></span> <span class='ocrx_word' id='word_1_102' title='bbox 265 1358 332 1419; x_wconf 91' lang='lat' dir='ltr'><strong>leno</strong></span> <span class='ocrx_word' id='word_1_103' title='bbox 351 1367 411 1434; x_wconf 92' lang='lat' dir='ltr'><strong>est,</strong></span> <span class='ocrx_word' id='word_1_104' title='bbox 434 1358 502 1434; x_wconf 91' lang='lat' dir='ltr'><strong>sed,</strong></span> <span class='ocrx_word' id='word_1_105' title='bbox 524 1359 590 1435; x_wconf 89' lang='lat' dir='ltr'><strong>quia</strong></span> <span class='ocrx_word' id='word_1_106' title='bbox 606 1359 673 1418; x_wconf 93' lang='lat' dir='ltr'><strong>leno</strong></span> <span class='ocrx_word' id='word_1_107' title='bbox 691 1368 771 1434; x_wconf 90' lang='lat' dir='ltr'><strong>erat,</strong></span> <span class='ocrx_word' id='word_1_108' title='bbox 788 1361 868 1428; x_wconf 88' lang='lat' dir='ltr'><strong>emit;</strong></span> <span class='ocrx_word' id='word_1_109' title='bbox 885 1378 940 1419; x_wconf 87' lang='lat' dir='ltr'><strong>nac</strong></span> <span class='ocrx_word' id='word_1_110' title='bbox 955 1360 1012 1436; x_wconf 86' lang='lat' dir='ltr'><strong>iric,</strong></span> <span class='ocrx_word' id='word_1_111' title='bbox 1030 1357 1097 1439; x_wconf 80' lang='lat' dir='ltr'><strong>quia&#39;</strong></span> <span class='ocrx_word' id='word_1_112' title='bbox 1111 1361 1157 1419; x_wconf 89' lang='lat' dir='ltr'><strong>sic</strong></span> 
     </span>
     <span class='ocr_line' id='line_1_15' title="bbox 160 1442 1154 1521; baseline -0.001 -19"><span class='ocrx_word' id='word_1_113' title='bbox 160 1452 222 1503; x_wconf 89' lang='lat' dir='ltr'><strong>erat</strong></span> <span class='ocrx_word' id='word_1_114' title='bbox 237 1442 361 1518; x_wconf 88' lang='lat' dir='ltr'><strong>locutus,</strong></span> <span class='ocrx_word' id='word_1_115' title='bbox 375 1442 490 1518; x_wconf 86' lang='lat' dir='ltr'><strong>occidit,</strong></span> <span class='ocrx_word' id='word_1_116' title='bbox 508 1442 570 1517; x_wconf 90' lang='lat' dir='ltr'><strong>sed,</strong></span> <span class='ocrx_word' id='word_1_117' title='bbox 584 1445 650 1521; x_wconf 89' lang='lat' dir='ltr'><strong>quia</strong></span> <span class='ocrx_word' id='word_1_118' title='bbox 666 1452 729 1503; x_wconf 88' lang='lat' dir='ltr'><strong>erat</strong></span> <span class='ocrx_word' id='word_1_119' title='bbox 742 1445 902 1519; x_wconf 87' lang='lat' dir='ltr'><strong>occisurus,</strong></span> <span class='ocrx_word' id='word_1_120' title='bbox 916 1445 959 1503; x_wconf 89' lang='lat' dir='ltr'><strong>sic</strong></span> <span class='ocrx_word' id='word_1_121' title='bbox 971 1443 1084 1504; x_wconf 88' lang='lat' dir='ltr'><strong>locutus</strong></span> <span class='ocrx_word' id='word_1_122' title='bbox 1098 1452 1154 1503; x_wconf 93' lang='lat' dir='ltr'><strong>est.</strong></span> 
     </span>
     <span class='ocr_line' id='line_1_16' title="bbox 116 1526 1156 1605; baseline 0 -20"><span class='ocrx_word' id='word_1_123' title='bbox 116 1526 250 1596; x_wconf 65' lang='lat' dir='ltr'><strong>fflGasus</strong></span> <span class='ocrx_word' id='word_1_124' title='bbox 263 1535 368 1604; x_wconf 88' lang='lat' dir='ltr'><strong>autem,</strong></span> <span class='ocrx_word' id='word_1_125' title='bbox 384 1527 432 1604; x_wconf 90' lang='lat' dir='ltr'><strong>qui</strong></span> <span class='ocrx_word' id='word_1_126' title='bbox 450 1534 478 1585; x_wconf 91' lang='lat' dir='ltr'><strong>et</strong></span> <span class='ocrx_word' id='word_1_127' title='bbox 492 1528 557 1604; x_wconf 86' lang='lat' dir='ltr'><strong>ipse</strong></span> <span class='ocrx_word' id='word_1_128' title='bbox 573 1536 703 1605; x_wconf 89' lang='lat' dir='ltr'><strong>praestat</strong></span> <span class='ocrx_word' id='word_1_129' title='bbox 717 1529 892 1604; x_wconf 79' lang='lat' dir='ltr'><strong>argumentis</strong></span> <span class='ocrx_word' id='word_1_130' title='bbox 908 1528 1015 1603; x_wconf 91' lang='lat' dir='ltr'><strong>iocum,</strong></span> <span class='ocrx_word' id='word_1_131' title='bbox 1027 1528 1088 1586; x_wconf 90' lang='lat' dir='ltr'><strong>sine</strong></span> <span class='ocrx_word' id='word_1_132' title='bbox 1104 1527 1156 1588; x_wconf 94' lang='lat' dir='ltr'><strong>du·</strong></span> 
     </span>
     <span class='ocr_line' id='line_1_17' title="bbox 158 1610 1153 1691; baseline -0.002 -20"><span class='ocrx_word' id='word_1_133' title='bbox 158 1611 207 1671; x_wconf 91' lang='lat' dir='ltr'><strong>bio</strong></span> <span class='ocrx_word' id='word_1_134' title='bbox 220 1620 265 1670; x_wconf 91' lang='lat' dir='ltr'><strong>est</strong></span> <span class='ocrx_word' id='word_1_135' title='bbox 277 1628 315 1670; x_wconf 85' lang='lat' dir='ltr'><strong>ex</strong></span> <span class='ocrx_word' id='word_1_136' title='bbox 327 1610 554 1688; x_wconf 77' lang='lat' dir='ltr'><strong>insequentibus,</strong></span> <span class='ocrx_word' id='word_1_137' title='bbox 570 1611 623 1670; x_wconf 92' lang='lat' dir='ltr'><strong>sed</strong></span> <span class='ocrx_word' id='word_1_138' title='bbox 638 1611 758 1688; x_wconf 88' lang='lat' dir='ltr'><strong>quadam</strong></span> <span class='ocrx_word' id='word_1_139' title='bbox 770 1614 948 1691; x_wconf 81' lang='lat' dir='ltr'><strong>proprietate</strong></span> <span class='ocrx_word' id='word_1_140' title='bbox 960 1612 1153 1688; x_wconf 78' lang='lat' dir='ltr'><strong>distinguitur,</strong></span> 
     </span>
     <span class='ocr_line' id='line_1_18' title="bbox 158 1693 1156 1774; baseline 0.002 -20"><span class='ocrx_word' id='word_1_141' title='bbox 158 1703 189 1755; x_wconf 90' lang='lat' dir='ltr'><strong>ut</strong></span> <span class='ocrx_word' id='word_1_142' title='bbox 203 1695 228 1753; x_wconf 92' lang='lat' dir='ltr'><strong>si</strong></span> <span class='ocrx_word' id='word_1_143' title='bbox 246 1694 353 1755; x_wconf 91' lang='lat' dir='ltr'><strong>dicam:</strong></span> <span class='ocrx_word' id='word_1_144' title='bbox 376 1693 484 1757; x_wconf 84' lang='lat' dir='ltr'><strong>dielior</strong></span> <span class='ocrx_word' id='word_1_145' title='bbox 495 1697 561 1756; x_wconf 73' lang='lat' dir='ltr'><strong>ctae</strong></span> <span class='ocrx_word' id='word_1_146' title='bbox 571 1693 677 1774; x_wconf 79' lang='lat' dir='ltr'><strong>Scipio</strong></span> <span class='ocrx_word' id='word_1_147' title='bbox 691 1713 783 1773; x_wconf 85' lang='lat' dir='ltr'><strong>quum</strong></span> <span class='ocrx_word' id='word_1_148' title='bbox 793 1694 968 1764; x_wconf 60' lang='lat' dir='ltr'><strong>Hannibal·</strong></span> <span class='ocrx_word' id='word_1_149' title='bbox 983 1697 1056 1758; x_wconf 87' lang='lat' dir='ltr'><strong>oieit</strong></span> <span class='ocrx_word' id='word_1_150' title='bbox 1073 1693 1156 1757; x_wconf 81' lang='lat' dir='ltr'><strong>Haa-</strong></span> 
     </span>
     <span class='ocr_line' id='line_1_19' title="bbox 157 1778 1155 1859; baseline 0.001 -18"><span class='ocrx_word' id='word_1_151' title='bbox 157 1780 299 1841; x_wconf 84' lang='lat' dir='ltr'><strong>aibulem.</strong></span> <span class='ocrx_word' id='word_1_152' title='bbox 336 1778 440 1841; x_wconf 80' lang='lat' dir='ltr'><strong>Bonus</strong></span> <span class='ocrx_word' id='word_1_153' title='bbox 460 1779 667 1858; x_wconf 61' lang='lat' dir='ltr'><strong>gubernatam</strong></span> <span class='ocrx_word' id='word_1_154' title='bbox 685 1796 840 1857; x_wconf 80' lang='lat' dir='ltr'><strong>nunquam</strong></span> <span class='ocrx_word' id='word_1_155' title='bbox 858 1779 933 1859; x_wconf 69' lang='lat' dir='ltr'><strong>[ecit</strong></span> <span class='ocrx_word' id='word_1_156' title='bbox 946 1780 1155 1859; x_wconf 55' lang='lat' dir='ltr'><strong>nonnaginta.</strong></span> 
     </span>
     <span class='ocr_line' id='line_1_20' title="bbox 157 1861 1156 1943; baseline -0.003 -18"><span class='ocrx_word' id='word_1_157' title='bbox 157 1861 263 1925; x_wconf 83' lang='lat' dir='ltr'><strong>Bonus</strong></span> <span class='ocrx_word' id='word_1_158' title='bbox 279 1865 437 1943; x_wconf 78' lang='lat' dir='ltr'><strong>apricoiu;</strong></span> <span class='ocrx_word' id='word_1_159' title='bbox 452 1882 579 1942; x_wconf 77' lang='lat' dir='ltr'><strong>magnos</strong></span> <span class='ocrx_word' id='word_1_160' title='bbox 591 1864 711 1926; x_wconf 71' lang='lat' dir='ltr'><strong>euantii</strong></span> <span class='ocrx_word' id='word_1_161' title='bbox 722 1864 854 1943; x_wconf 77' lang='lat' dir='ltr'><strong>fruetus.</strong></span> <span class='ocrx_word' id='word_1_162' title='bbox 885 1863 923 1923; x_wconf 83' lang='lat' dir='ltr'><strong>lit</strong></span> <span class='ocrx_word' id='word_1_163' title='bbox 937 1873 1052 1924; x_wconf 89' lang='lat' dir='ltr'><strong>contra:</strong></span> <span class='ocrx_word' id='word_1_164' title='bbox 1067 1862 1156 1923; x_wconf 87' lang='lat' dir='ltr'><strong>Sum·</strong></span> 
     </span>
     <span class='ocr_line' id='line_1_21' title="bbox 156 1946 1158 2029; baseline -0.004 -18"><span class='ocrx_word' id='word_1_165' title='bbox 156 1957 282 2028; x_wconf 81' lang='lat' dir='ltr'><strong>plausus</strong></span> <span class='ocrx_word' id='word_1_166' title='bbox 294 1949 374 2029; x_wconf 55' lang='lat' dir='ltr'><strong>fain·</strong></span> <span class='ocrx_word' id='word_1_167' title='bbox 387 1949 604 2027; x_wconf 72' lang='lat' dir='ltr'><strong>putmruonium</strong></span> <span class='ocrx_word' id='word_1_168' title='bbox 619 1949 768 2011; x_wconf 58' lang='lat' dir='ltr'><strong>aeduam.</strong></span> <span class='ocrx_word' id='word_1_169' title='bbox 798 1946 939 2027; x_wconf 76' lang='lat' dir='ltr'><strong>Turpiter</strong></span> <span class='ocrx_word' id='word_1_170' title='bbox 949 1950 1046 2019; x_wconf 79' lang='lat' dir='ltr'><strong>oiait,·</strong></span> <span class='ocrx_word' id='word_1_171' title='bbox 1059 1950 1158 2010; x_wconf 80' lang='lat' dir='ltr'><strong>omni·-</strong></span> 
     </span>
     <span class='ocr_line' id='line_1_22' title="bbox 116 2032 1157 2112; baseline -0.005 -17"><span class='ocrx_word' id='word_1_172' title='bbox 116 2035 215 2106; x_wconf 77' lang='lat' dir='ltr'><strong>49bus</strong></span> <span class='ocrx_word' id='word_1_173' title='bbox 227 2035 345 2094; x_wconf 82' lang='lat' dir='ltr'><strong>invisus</strong></span> <span class='ocrx_word' id='word_1_174' title='bbox 360 2041 413 2094; x_wconf 85' lang='lat' dir='ltr'><strong>est.</strong></span> <span class='ocrx_word' id='word_1_175' title='bbox 444 2032 600 2092; x_wconf 84' lang='lat' dir='ltr'><strong>intuendae</strong></span> <span class='ocrx_word' id='word_1_176' title='bbox 618 2043 683 2094; x_wconf 88' lang='lat' dir='ltr'><strong>sunt</strong></span> <span class='ocrx_word' id='word_1_177' title='bbox 700 2034 917 2112; x_wconf 89' lang='lat' dir='ltr'><strong>praecipueque</strong></span> <span class='ocrx_word' id='word_1_178' title='bbox 934 2034 963 2093; x_wconf 91' lang='lat' dir='ltr'><strong>in</strong></span> <span class='ocrx_word' id='word_1_179' title='bbox 979 2033 1157 2094; x_wconf 88' lang='lat' dir='ltr'><strong>coniecturis</strong></span> 
     </span>
     <span class='ocr_line' id='line_1_23' title="bbox 159 2116 1156 2195; baseline -0.003 -18"><span class='ocrx_word' id='word_1_180' title='bbox 159 2127 188 2177; x_wconf 98' lang='lat' dir='ltr'><strong>et</strong></span> <span class='ocrx_word' id='word_1_181' title='bbox 208 2117 430 2185; x_wconf 61' lang='lat' dir='ltr'><strong>facultatem</strong></span> <span class='ocrx_word' id='word_1_182' title='bbox 447 2116 615 2176; x_wconf 86' lang='lat' dir='ltr'><strong>credibilius</strong></span> <span class='ocrx_word' id='word_1_183' title='bbox 631 2127 677 2177; x_wconf 91' lang='lat' dir='ltr'><strong>est</strong></span> <span class='ocrx_word' id='word_1_184' title='bbox 692 2119 766 2177; x_wconf 90' lang='lat' dir='ltr'><strong>enim</strong></span> <span class='ocrx_word' id='word_1_185' title='bbox 778 2117 896 2176; x_wconf 87' lang='lat' dir='ltr'><strong>occisos</strong></span> <span class='ocrx_word' id='word_1_186' title='bbox 908 2135 924 2175; x_wconf 92' lang='lat' dir='ltr'><strong>a</strong></span> <span class='ocrx_word' id='word_1_187' title='bbox 936 2116 1066 2195; x_wconf 89' lang='lat' dir='ltr'><strong>pluribus</strong></span> <span class='ocrx_word' id='word_1_188' title='bbox 1082 2133 1156 2194; x_wconf 90' lang='lat' dir='ltr'><strong>pau-</strong></span> 
     </span>
     <span class='ocr_line' id='line_1_24' title="bbox 160 2200 1157 2277; baseline -0.003 -17"><span class='ocrx_word' id='word_1_189' title='bbox 160 2202 268 2275; x_wconf 87' lang='lat' dir='ltr'><strong>ciores,</strong></span> <span class='ocrx_word' id='word_1_190' title='bbox 288 2218 304 2260; x_wconf 91' lang='lat' dir='ltr'><strong>a</strong></span> <span class='ocrx_word' id='word_1_191' title='bbox 321 2200 494 2259; x_wconf 83' lang='lat' dir='ltr'><strong>firmioribus</strong></span> <span class='ocrx_word' id='word_1_192' title='bbox 510 2200 728 2276; x_wconf 88' lang='lat' dir='ltr'><strong>imbecilliores,</strong></span> <span class='ocrx_word' id='word_1_193' title='bbox 745 2200 956 2277; x_wconf 75' lang='lat' dir='ltr'><strong>evigilantibus</strong></span> <span class='ocrx_word' id='word_1_194' title='bbox 968 2201 1157 2275; x_wconf 88' lang='lat' dir='ltr'><strong>dormientes,</strong></span> 
     </span>
     <span class='ocr_line' id='line_1_25' title="bbox 158 2284 1159 2363; baseline -0.002 -19"><span class='ocrx_word' id='word_1_195' title='bbox 158 2286 378 2363; x_wconf 87' lang='lat' dir='ltr'><strong>apraepamtis</strong></span> <span class='ocrx_word' id='word_1_196' title='bbox 399 2285 590 2362; x_wconf 86' lang='lat' dir='ltr'><strong>inopinantes.</strong></span> <span class='ocrx_word' id='word_1_197' title='bbox 633 2284 760 2358; x_wconf 80' lang='lat' dir='ltr'><strong>Quorum</strong></span> <span class='ocrx_word' id='word_1_198' title='bbox 790 2286 932 2345; x_wconf 88' lang='lat' dir='ltr'><strong>contraria</strong></span> <span class='ocrx_word' id='word_1_199' title='bbox 960 2286 989 2342; x_wconf 91' lang='lat' dir='ltr'><strong>iu</strong></span> <span class='ocrx_word' id='word_1_200' title='bbox 1011 2284 1159 2345; x_wconf 87' lang='lat' dir='ltr'><strong>diversum</strong></span> 
     </span>
     <span class='ocr_line' id='line_1_26' title="bbox 118 2367 1158 2443; baseline 0.001 -17"><span class='ocrx_word' id='word_1_201' title='bbox 118 2367 266 2440; x_wconf 80' lang='lat' dir='ltr'><strong>50valeut.</strong></span> <span class='ocrx_word' id='word_1_202' title='bbox 301 2368 381 2427; x_wconf 89' lang='lat' dir='ltr'><strong>Haec</strong></span> <span class='ocrx_word' id='word_1_203' title='bbox 405 2377 435 2427; x_wconf 90' lang='lat' dir='ltr'><strong>et</strong></span> <span class='ocrx_word' id='word_1_204' title='bbox 453 2370 482 2429; x_wconf 91' lang='lat' dir='ltr'><strong>iu</strong></span> <span class='ocrx_word' id='word_1_205' title='bbox 505 2368 693 2428; x_wconf 85' lang='lat' dir='ltr'><strong>deliberando</strong></span> <span class='ocrx_word' id='word_1_206' title='bbox 709 2371 864 2443; x_wconf 89' lang='lat' dir='ltr'><strong>iutuemur,</strong></span> <span class='ocrx_word' id='word_1_207' title='bbox 888 2377 917 2427; x_wconf 89' lang='lat' dir='ltr'><strong>et</strong></span> <span class='ocrx_word' id='word_1_208' title='bbox 937 2371 966 2427; x_wconf 92' lang='lat' dir='ltr'><strong>in</strong></span> <span class='ocrx_word' id='word_1_209' title='bbox 986 2369 1098 2429; x_wconf 88' lang='lat' dir='ltr'><strong>iudiciis</strong></span> <span class='ocrx_word' id='word_1_210' title='bbox 1121 2368 1158 2427; x_wconf 92' lang='lat' dir='ltr'><strong>ad</strong></span> 
     </span>
     <span class='ocr_line' id='line_1_27' title="bbox 138 2450 1159 2531; baseline 0.002 -22"><span class='ocrx_word' id='word_1_211' title='bbox 138 2467 141 2472; x_wconf 48' lang='lat'><em>¹</em></span> <span class='ocrx_word' id='word_1_212' title='bbox 158 2450 229 2512; x_wconf 90' lang='lat' dir='ltr'><strong>duas</strong></span> <span class='ocrx_word' id='word_1_213' title='bbox 249 2469 298 2512; x_wconf 92' lang='lat' dir='ltr'><strong>res</strong></span> <span class='ocrx_word' id='word_1_214' title='bbox 323 2452 451 2512; x_wconf 90' lang='lat' dir='ltr'><strong>solemus</strong></span> <span class='ocrx_word' id='word_1_215' title='bbox 472 2451 603 2527; x_wconf 85' lang='lat' dir='ltr'><strong>referre,</strong></span> <span class='ocrx_word' id='word_1_216' title='bbox 627 2471 670 2513; x_wconf 84' lang='lat' dir='ltr'><strong>un</strong></span> <span class='ocrx_word' id='word_1_217' title='bbox 688 2454 817 2515; x_wconf 82' lang='lat' dir='ltr'><strong>coluerit</strong></span> <span class='ocrx_word' id='word_1_218' title='bbox 834 2454 920 2529; x_wconf 79' lang='lat' dir='ltr'><strong>qais,</strong></span> <span class='ocrx_word' id='word_1_219' title='bbox 944 2471 986 2514; x_wconf 83' lang='lat' dir='ltr'><strong>aa</strong></span> <span class='ocrx_word' id='word_1_220' title='bbox 1003 2453 1159 2531; x_wconf 54' lang='lat' dir='ltr'><strong>potuerim</strong></span> 
     </span>
     <span class='ocr_line' id='line_1_28' title="bbox 157 2535 1162 2615; baseline 0 -20"><span class='ocrx_word' id='word_1_221' title='bbox 157 2552 222 2595; x_wconf 86' lang='lat' dir='ltr'><strong>narn</strong></span> <span class='ocrx_word' id='word_1_222' title='bbox 244 2544 273 2595; x_wconf 86' lang='lat' dir='ltr'><strong>et</strong></span> <span class='ocrx_word' id='word_1_223' title='bbox 294 2536 471 2596; x_wconf 88' lang='lat' dir='ltr'><strong>voluntatem</strong></span> <span class='ocrx_word' id='word_1_224' title='bbox 491 2554 562 2615; x_wconf 87' lang='lat' dir='ltr'><strong>spes</strong></span> <span class='ocrx_word' id='word_1_225' title='bbox 590 2536 669 2596; x_wconf 86' lang='lat' dir='ltr'><strong>iacit.</strong></span> <span class='ocrx_word' id='word_1_226' title='bbox 707 2535 780 2598; x_wconf 83' lang='lat' dir='ltr'><strong>ilinc</strong></span> <span class='ocrx_word' id='word_1_227' title='bbox 806 2537 858 2596; x_wconf 90' lang='lat' dir='ltr'><strong>illa</strong></span> <span class='ocrx_word' id='word_1_228' title='bbox 882 2536 958 2615; x_wconf 93' lang='lat' dir='ltr'><strong>apud</strong></span> <span class='ocrx_word' id='word_1_229' title='bbox 984 2535 1162 2596; x_wconf 80' lang='lat' dir='ltr'><strong>Ciceronem</strong></span> 
     </span>
     <span class='ocr_line' id='line_1_29' title="bbox 157 2617 1161 2698; baseline 0.003 -20"><span class='ocrx_word' id='word_1_230' title='bbox 157 2620 336 2696; x_wconf 88' lang='lat' dir='ltr'><strong>coniectura,</strong></span> <span class='ocrx_word' id='word_1_231' title='bbox 351 2619 517 2683; x_wconf 75' lang='lat' dir='ltr'><strong>insidiatus</strong></span> <span class='ocrx_word' id='word_1_232' title='bbox 532 2628 577 2681; x_wconf 85' lang='lat' dir='ltr'><strong>est</strong></span> <span class='ocrx_word' id='word_1_233' title='bbox 593 2617 720 2682; x_wconf 83' lang='lat' dir='ltr'><strong>Clodius</strong></span> <span class='ocrx_word' id='word_1_234' title='bbox 733 2618 853 2698; x_wconf 79' lang='lat' dir='ltr'><strong>Miloni,</strong></span> <span class='ocrx_word' id='word_1_235' title='bbox 868 2639 929 2682; x_wconf 81' lang='lat' dir='ltr'><strong>aon</strong></span> <span class='ocrx_word' id='word_1_236' title='bbox 942 2618 1016 2683; x_wconf 79' lang='lat' dir='ltr'><strong>tttto</strong></span> <span class='ocrx_word' id='word_1_237' title='bbox 1032 2618 1161 2688; x_wconf 71' lang='lat' dir='ltr'><strong>codo,-</strong></span> 
     </span>
     <span class='ocr_line' id='line_1_30' title="bbox 156 2704 1162 2777; baseline 0.001 -14"><span class='ocrx_word' id='word_1_238' title='bbox 156 2704 208 2765; x_wconf 86' lang='lat' dir='ltr'><strong>ille</strong></span> <span class='ocrx_word' id='word_1_239' title='bbox 222 2723 292 2766; x_wconf 85' lang='lat' dir='ltr'><strong>cum</strong></span> <span class='ocrx_word' id='word_1_240' title='bbox 307 2707 406 2767; x_wconf 79' lang='lat' dir='ltr'><strong>seroie</strong></span> <span class='ocrx_word' id='word_1_241' title='bbox 420 2705 552 2766; x_wconf 61' lang='lat' dir='ltr'><strong>nodutis</strong></span> <span class='ocrx_word' id='word_1_242' title='bbox 566 2704 617 2765; x_wconf 80' lang='lat' dir='ltr'><strong>itio</strong></span> <span class='ocrx_word' id='word_1_243' title='bbox 632 2724 701 2765; x_wconf 84' lang='lat' dir='ltr'><strong>cum</strong></span> <span class='ocrx_word' id='word_1_244' title='bbox 714 2705 874 2767; x_wconf 81' lang='lat' dir='ltr'><strong>mulierum</strong></span> <span class='ocrx_word' id='word_1_245' title='bbox 889 2706 1043 2777; x_wconf 82' lang='lat' dir='ltr'><strong>comitatu,</strong></span> <span class='ocrx_word' id='word_1_246' title='bbox 1059 2705 1162 2766; x_wconf 71' lang='lat' dir='ltr'><strong>illeiis</strong></span> 
     </span>
     <span class='ocr_line' id='line_1_31' title="bbox 157 2789 1159 2868; baseline -0.003 -20"><span class='ocrx_word' id='word_1_247' title='bbox 157 2804 234 2866; x_wconf 87' lang='lat' dir='ltr'><strong>equo</strong></span> <span class='ocrx_word' id='word_1_248' title='bbox 256 2789 308 2851; x_wconf 79' lang='lat' dir='ltr'><strong>iic</strong></span> <span class='ocrx_word' id='word_1_249' title='bbox 331 2790 364 2850; x_wconf 81' lang='lat' dir='ltr'><strong>in</strong></span> <span class='ocrx_word' id='word_1_250' title='bbox 390 2789 506 2866; x_wconf 78' lang='lat' dir='ltr'><strong>rteua,</strong></span> <span class='ocrx_word' id='word_1_251' title='bbox 531 2791 582 2851; x_wconf 82' lang='lat' dir='ltr'><strong>iile</strong></span> <span class='ocrx_word' id='word_1_252' title='bbox 607 2790 768 2867; x_wconf 71' lang='lat' dir='ltr'><strong>expeditas</strong></span> <span class='ocrx_word' id='word_1_253' title='bbox 792 2789 842 2850; x_wconf 87' lang='lat' dir='ltr'><strong>iic</strong></span> <span class='ocrx_word' id='word_1_254' title='bbox 868 2789 984 2868; x_wconf 80' lang='lat' dir='ltr'><strong>penula</strong></span> <span class='ocrx_word' id='word_1_255' title='bbox 1008 2789 1159 2850; x_wconf 71' lang='lat' dir='ltr'><strong>irretitus.</strong></span> 
     </span>
     <span class='ocr_line' id='line_1_32' title="bbox 116 2870 1161 2948; baseline 0 -17"><span class='ocrx_word' id='word_1_256' title='bbox 116 2870 300 2940; x_wconf 72' lang='lat' dir='ltr'><strong>alliacuitati</strong></span> <span class='ocrx_word' id='word_1_257' title='bbox 334 2882 429 2933; x_wconf 88' lang='lat' dir='ltr'><strong>autem</strong></span> <span class='ocrx_word' id='word_1_258' title='bbox 455 2872 525 2934; x_wconf 91' lang='lat' dir='ltr'><strong>licet</strong></span> <span class='ocrx_word' id='word_1_259' title='bbox 552 2874 833 2938; x_wconf 87' lang='lat' dir='ltr'><strong>instrumentum</strong></span> <span class='ocrx_word' id='word_1_260' title='bbox 864 2873 1057 2948; x_wconf 89' lang='lat' dir='ltr'><strong>coniungere;</strong></span> <span class='ocrx_word' id='word_1_261' title='bbox 1090 2882 1161 2931; x_wconf 90' lang='lat' dir='ltr'><strong>sunt</strong></span> 
     </span>
     <span class='ocr_line' id='line_1_33' title="bbox 121 2956 1160 3036; baseline 0 -22"><span class='ocrx_word' id='word_1_262' title='bbox 121 2979 124 2990; x_wconf 26' lang='grc' dir='ltr'><strong>Α</strong></span> <span class='ocrx_word' id='word_1_263' title='bbox 160 2958 233 3014; x_wconf 85' lang='lat' dir='ltr'><strong>enim</strong></span> <span class='ocrx_word' id='word_1_264' title='bbox 255 2958 284 3015; x_wconf 91' lang='lat' dir='ltr'><strong>iu</strong></span> <span class='ocrx_word' id='word_1_265' title='bbox 305 2966 388 3035; x_wconf 86' lang='lat' dir='ltr'><strong>parte</strong></span> <span class='ocrx_word' id='word_1_266' title='bbox 408 2957 553 3020; x_wconf 80' lang='lat' dir='ltr'><strong>facultatis</strong></span> <span class='ocrx_word' id='word_1_267' title='bbox 575 2965 605 3015; x_wconf 93' lang='lat' dir='ltr'><strong>et</strong></span> <span class='ocrx_word' id='word_1_268' title='bbox 621 2959 734 3036; x_wconf 89' lang='lat' dir='ltr'><strong>copiae.</strong></span> <span class='ocrx_word' id='word_1_269' title='bbox 774 2957 833 3018; x_wconf 92' lang='lat' dir='ltr'><strong>Sed</strong></span> <span class='ocrx_word' id='word_1_270' title='bbox 850 2974 887 3015; x_wconf 85' lang='lat' dir='ltr'><strong>ex</strong></span> <span class='ocrx_word' id='word_1_271' title='bbox 901 2958 1088 3016; x_wconf 90' lang='lat' dir='ltr'><strong>instrumento</strong></span> <span class='ocrx_word' id='word_1_272' title='bbox 1105 2956 1160 3014; x_wconf 87' lang='lat' dir='ltr'><strong>ali·</strong></span> 
     </span>
     <span class='ocr_line' id='line_1_34' title="bbox 160 3040 1160 3119; baseline 0 -21"><span class='ocrx_word' id='word_1_273' title='bbox 160 3040 274 3117; x_wconf 89' lang='lat' dir='ltr'><strong>quaudo</strong></span> <span class='ocrx_word' id='word_1_274' title='bbox 293 3043 377 3101; x_wconf 88' lang='lat' dir='ltr'><strong>etiam</strong></span> <span class='ocrx_word' id='word_1_275' title='bbox 393 3043 475 3118; x_wconf 88' lang='lat' dir='ltr'><strong>signa</strong></span> <span class='ocrx_word' id='word_1_276' title='bbox 490 3049 656 3115; x_wconf 89' lang='lat' dir='ltr'><strong>nascuntur,</strong></span> <span class='ocrx_word' id='word_1_277' title='bbox 672 3050 704 3100; x_wconf 88' lang='lat' dir='ltr'><strong>ut</strong></span> <span class='ocrx_word' id='word_1_278' title='bbox 720 3041 862 3119; x_wconf 88' lang='lat' dir='ltr'><strong>spiculum</strong></span> <span class='ocrx_word' id='word_1_279' title='bbox 877 3042 1041 3118; x_wconf 88' lang='lat' dir='ltr'><strong>incorpore</strong></span> <span class='ocrx_word' id='word_1_280' title='bbox 1056 3041 1160 3099; x_wconf 80' lang='lat' dir='ltr'><strong>inven-</strong></span> 
     </span>
     <span class='ocr_line' id='line_1_35' title="bbox 117 3118 1160 3204; baseline 0.003 -23"><span class='ocrx_word' id='word_1_281' title='bbox 117 3131 226 3191; x_wconf 73' lang='lat' dir='ltr'><strong>5ptum.</strong></span> <span class='ocrx_word' id='word_1_282' title='bbox 258 3123 308 3183; x_wconf 89' lang='lat' dir='ltr'><strong>liis</strong></span> <span class='ocrx_word' id='word_1_283' title='bbox 324 3126 456 3185; x_wconf 90' lang='lat' dir='ltr'><strong>adiicitur</strong></span> <span class='ocrx_word' id='word_1_284' title='bbox 470 3126 609 3198; x_wconf 91' lang='lat' dir='ltr'><strong>modus,</strong></span> <span class='ocrx_word' id='word_1_285' title='bbox 634 3142 719 3202; x_wconf 93' lang='lat' dir='ltr'><strong>quem</strong></span> <span class='ocrx_word' id='word_1_286' title='bbox 732 3118 842 3204; x_wconf 77' lang='grc' dir='ltr'><strong><em>τρόπον</em></strong></span> <span class='ocrx_word' id='word_1_287' title='bbox 856 3124 970 3198; x_wconf 88' lang='lat' dir='ltr'><strong>dicunt,</strong></span> <span class='ocrx_word' id='word_1_288' title='bbox 993 3141 1051 3202; x_wconf 88' lang='lat' dir='ltr'><strong>quo</strong></span> <span class='ocrx_word' id='word_1_289' title='bbox 1068 3141 1160 3202; x_wconf 91' lang='lat' dir='ltr'><strong>quae·</strong></span> 
     </span>
     <span class='ocr_line' id='line_1_36' title="bbox 159 3207 1159 3286; baseline 0.002 -21"><span class='ocrx_word' id='word_1_290' title='bbox 159 3207 248 3282; x_wconf 91' lang='lat' dir='ltr'><strong>ritur,</strong></span> <span class='ocrx_word' id='word_1_291' title='bbox 267 3208 506 3285; x_wconf 84' lang='lat' dir='ltr'><strong>quemadmodum</strong></span> <span class='ocrx_word' id='word_1_292' title='bbox 521 3208 589 3286; x_wconf 93' lang='lat' dir='ltr'><strong>quid</strong></span> <span class='ocrx_word' id='word_1_293' title='bbox 602 3209 640 3266; x_wconf 90' lang='lat' dir='ltr'><strong>sit</strong></span> <span class='ocrx_word' id='word_1_294' title='bbox 654 3208 771 3268; x_wconf 84' lang='lat' dir='ltr'><strong>iactum.</strong></span> <span class='ocrx_word' id='word_1_295' title='bbox 804 3207 895 3286; x_wconf 90' lang='lat' dir='ltr'><strong>idque</strong></span> <span class='ocrx_word' id='word_1_296' title='bbox 912 3216 970 3267; x_wconf 93' lang='lat' dir='ltr'><strong>tum</strong></span> <span class='ocrx_word' id='word_1_297' title='bbox 985 3207 1021 3267; x_wconf 88' lang='lat' dir='ltr'><strong>ad</strong></span> <span class='ocrx_word' id='word_1_298' title='bbox 1036 3208 1159 3286; x_wconf 89' lang='lat' dir='ltr'><strong>qualita-</strong></span> 
     </span>
     <span class='ocr_line' id='line_1_37' title="bbox 158 3293 1162 3371; baseline 0.004 -22"><span class='ocrx_word' id='word_1_299' title='bbox 158 3298 217 3350; x_wconf 88' lang='lat' dir='ltr'><strong>tem</strong></span> <span class='ocrx_word' id='word_1_300' title='bbox 232 3293 429 3371; x_wconf 86' lang='lat' dir='ltr'><strong>seriptnmque</strong></span> <span class='ocrx_word' id='word_1_301' title='bbox 440 3294 583 3371; x_wconf 88' lang='lat' dir='ltr'><strong>pertinet,</strong></span> <span class='ocrx_word' id='word_1_302' title='bbox 598 3300 631 3350; x_wconf 91' lang='lat' dir='ltr'><strong>ut</strong></span> <span class='ocrx_word' id='word_1_303' title='bbox 650 3293 674 3350; x_wconf 93' lang='lat' dir='ltr'><strong>si</strong></span> <span class='ocrx_word' id='word_1_304' title='bbox 690 3309 841 3369; x_wconf 86' lang='lat' dir='ltr'><strong>negemus,</strong></span> <span class='ocrx_word' id='word_1_305' title='bbox 857 3294 1162 3353; x_wconf 77' lang='lat' dir='ltr'><strong>aduitercmoeaeno</strong></span> 
     </span>
     <span class='ocr_line' id='line_1_38' title="bbox 158 3374 1161 3457; baseline -0.002 -20"><span class='ocrx_word' id='word_1_306' title='bbox 158 3374 282 3438; x_wconf 77' lang='lat' dir='ltr'><strong>lieuim</strong></span> <span class='ocrx_word' id='word_1_307' title='bbox 296 3378 440 3440; x_wconf 84' lang='lat' dir='ltr'><strong>occidere</strong></span> <span class='ocrx_word' id='word_1_308' title='bbox 454 3378 512 3439; x_wconf 82' lang='lat' dir='ltr'><strong>sed</strong></span> <span class='ocrx_word' id='word_1_309' title='bbox 525 3378 612 3457; x_wconf 75' lang='lat' dir='ltr'><strong>ferro</strong></span> <span class='ocrx_word' id='word_1_310' title='bbox 625 3378 813 3454; x_wconf 66' lang='lat' dir='ltr'><strong>oportuism</strong></span> <span class='ocrx_word' id='word_1_311' title='bbox 834 3385 893 3435; x_wconf 92' lang='lat' dir='ltr'><strong>tum</strong></span> <span class='ocrx_word' id='word_1_312' title='bbox 916 3374 953 3436; x_wconf 88' lang='lat' dir='ltr'><strong>ad</strong></span> <span class='ocrx_word' id='word_1_313' title='bbox 974 3376 1161 3436; x_wconf 77' lang='lat' dir='ltr'><strong>comeatum</strong></span> 
     </span>
    </p>
   </div>
   <div class='ocr_carea' id='block_1_4' title="bbox 0 0 1223 3925">
    <p class='ocr_par' dir='ltr' id='par_1_4' title="bbox 0 0 1223 3925">
     <span class='ocr_line' id='line_1_39' title="bbox 0 0 1223 3925; baseline 0 0"><span class='ocrx_word' id='word_1_314' title='bbox 0 0 1223 3925; x_wconf 95' lang='lat' dir='ltr'><strong> </strong></span> 
     </span>
    </p>
   </div>
  </div>
 </body>
</html>
