2434 3925
386 239 455 284 ure.
469 237 516 307 xr,
527 234 554 287 3.
565 234 762 304 sunl-10.
1013 235 1088 283 xvir

38 398 151 482 ¹Burni.
163 412 218 452 see.
229 412 265 451 m.
279 410 303 450 e.
319 394 401 451 Codd.
416 397 481 465 optt.
495 395 661 459 memoriam
679 394 710 448 Z.
723 410 775 454 om.
795 422 838 433 -
861 397 922 453 183.
934 393 1091 451 inotiosem.

47 483 150 542 Bamh.
162 497 187 537 c.
200 481 282 538 codd.
294 484 353 535 vett.
367 495 517 535 mucosum.

456 617 604 673 LIBER
633 617 691 673 XII.

138 730 219 804 Gap.
244 732 264 787 Ι.
308 736 334 791 3.
352 732 399 803 qui
415 731 459 787 sit.
482 731 580 786 Bumh.
594 745 620 786 e.
632 731 730 795 Flor.,·
748 732 780 791 Z.
796 734 882 788 inser.
894 732 971 788 mihi.
989 738 1032 773 -’
1048 737 1090 793 11.

49 818 123 879 Nam
133 815 197 874 hoe.
210 816 309 871 Bamh.
319 831 344 872 c.
356 816 436 872 Flor.
443 838 453 879 ;
464 814 495 870 Z.
508 831 560 870 em.
572 814 636 873 hoe.
664 845 700 855 -
723 822 766 873 20.
778 818 897 888 fastigio.
921 818 1019 873 Bamh.
1035 833 1089 872 sec.

48 918 87 956 m.
98 916 123 956 c.
137 900 219 957 Codd.
233 906 314 971 opem
325 900 356 955 Z.
369 901 456 971 adjic.
469 900 655 971 eloquentiae.
676 928 718 938 -
734 917 797 954 nam
810 908 837 955 et
848 903 915 955 iere.
927 902 1025 958 Bumh.
1035 916 1089 955 sec.

49 1002 87 1042 m.
98 1000 125 1039 c.
134 983 215 1040 codd.
224 990 305 1055 optt.,·
316 984 347 1039 Z.
361 1001 413 1040 om.
426 990 462 1039 et.
476 1013 515 1025 -
526 988 569 1042 23.
581 985 649 1061 Nee.
662 983 835 1055 Oudd.optt.‚·
849 984 880 1040 Z.
893 987 963 1040 Nam
976 1002 1036 1040 nee.
1049 1014 1092 1026 —

49 1074 96 1128 31.
114 1084 211 1125 omnes
230 1074 344 1123 aetates.
368 1068 466 1123 Bumb.
478 1083 532 1123 see.
548 1084 584 1122 m.
600 1084 624 1122 e.
644 1067 725 1123 Cedet.
744 1073 826 1140 optt.,·
847 1068 878 1123 Ζ.
898 1070 988 1124 omnis
1006 1074 1091 1125 aetas.

49 1181 95 1191 -
115 1156 160 1211 m.
174 1151 343 1207 sufficerent.
355 1153 436 1209 Cede.
447 1158 507 1208 vett.
529 1151 560 1208 Z.
581 1151 751 1209 suffecerint.
772 1181 814 1191 -
834 1155 940 1224 procul.
953 1153 1051 1208 Bamb.
1066 1169 1090 1208 c.

50 1236 138 1298 codd.
148 1252 237 1297 omn.‚·
248 1236 279 1292 Z.
293 1238 326 1292 de
339 1238 413 1307 conj.
429 1236 510 1308 Reqii
519 1252 646 1308 prorsus.
656 1264 700 1276 -
710 1240 752 1294 43.
766 1242 855 1307 atque.
871 1236 1090 1292 Bamh.c.Codd.

48 1325 130 1383 veum
143 1320 174 1375 Z.
187 1321 222 1375 de
231 1322 307 1393 conj.
323 1320 419 1391 Spald.
433 1320 526 1392 idque.

136 1402 217 1475 Cap.
233 1405 267 1460 ΙΙ.
310 1410 337 1464 3.
357 1420 492 1477 quaeque.
514 1404 613 1460 Bamh.
631 1418 688 1460 sec.
708 1419 760 1467 m.,·
777 1403 808 1459 Z.
821 1421 902 1475 quae.
920 1435 962 1443 m
981 1420 1089 1475 parum.

48 1487 98 1545 Sic
110 1487 207 1544 Bamh.
215 1505 265 1560 pr.
280 1505 316 1545 m.
328 1505 352 1544 c.
366 1489 449 1546 Cedet.
458 1495 539 1559 posti.
547 1511 559 1551 ,-
578 1489 678 1545 Bumh.
697 1501 752 1542 see.
770 1505 806 1545 m.
824 1504 849 1544 c.
868 1495 927 1546 vett.
949 1489 1031 1546 codd.
1044 1505 1091 1559 pa·

47 1588 164 1638 vorem;
182 1572 213 1631 Z.
223 1574 256 1628 de
266 1575 341 1646 conj.
354 1564 450 1643 Sputd.
462 1589 591 1644 parvum.
602 1574 705 1630 -·17.
717 1578 745 1625 et
756 1571 839 1642 quod.
853 1574 977 1645 Conjeeit
994 1572 1090 1644 Sputd.

55 1656 144 1729 Vulgo
154 1657 215 1713 sed.
229 1657 259 1712 Z.
273 1687 315 1697 -
332 1662 375 1716 26.
390 1657 500 1713 ducant.
514 1656 595 1713 Codd.
608 1661 685 1716 vetis
696 1654 727 1710 Z.
742 1654 853 1711 dueunt.
876 1685 919 1696 —-
939 1662 982 1716 31.
996 1657 1091 1728 cogni-

48 1736 133 1795 tis'-
142 1740 290 1812 adquierit.
303 1741 337 1796 de
349 1742 425 1812 conj.
432 1764 442 1803 ,·
463 1741 547 1798 Codri.
560 1745 620 1796 vett.
630 1738 695 1812 sere
705 1745 810 1794 tuntum
825 1740 900 1811 quud
911 1757 967 1795 non
979 1742 1090 1811 eognoti

48 1824 73 1880 si
84 1824 121 1880 de
133 1826 209 1880 ribus
223 1826 330 1881 adveri.
353 1825 385 1881 Z.
398 1826 431 1881 de
441 1829 491 1882 vet.
502 1824 606 1879 emend.
627 1823 798 1894 Tantumque
822 1840 877 1878 non
896 1826 1023 1896 cognatis
1035 1824 1065 1879 id
1078 1841 1092 1878 e

47 1911 134 1966 rebus
150 1909 295 1966 admoneri
307 1911 384 1966 seiet.

135 1991 213 2065 Cep.
233 1995 281 2054 IV.
325 2000 352 2052 2.
370 1997 417 2049 aut
432 1991 631 2065 judicatorum.
650 1987 750 2046 Bumh.
762 2006 817 2047 ree.
834 2009 869 2048 m.
880 2009 904 2049 c.
917 1993 999 2049 Oedd.
1012 1997 1093 2065 optt.;

47 2076 79 2133 Z.
94 2079 179 2133 inser.
193 2078 285 2134 etiam.
1150 2134 1156 2139 ,

134 2160 211 2234 Cap.
235 2164 282 2218 Vt.
326 2169 351 2221 1.
372 2160 591 2218 Demosthenen.
614 2158 730 2222 Bumb.,·
749 2159 781 2214 Ζ.
801 2160 1026 2215 Demosthenem.
1050 2187 1092 2199 -

46 2253 74 2306 2
88 2247 254 2319 ubieunque.
271 2247 370 2303 Bamb.
382 2261 438 2303 see.
454 2263 490 2304 m.
503 2260 529 2302 c.
543 2244 624 2301 Codri.
640 2248 723 2314 optt.,·
739 2244 770 2299 Z.
784 2245 894 2318 ubique.
911 2273 955 2285 -
971 2249 996 2303 3.
1010 2244 1092 2298 venia

46 2337 85 2387 et.
95 2330 195 2386 Bumh.
211 2346 235 2387 c.
248 2331 331 2388 codd.
343 2348 432 2393 omn.,·
448 2329 480 2387 Z.
492 2330 525 2384 de
535 2329 610 2398 conj.
622 2327 729 2383 Dum'eti
737 2329 838 2384 veniae
852 2346 928 2399 spes.
947 2356 990 2370 -
1011 2332 1036 2386 6.
1054 2327 1093 2382 in-

47 2414 145 2486 cipere
157 2431 249 2486 quam.
260 2415 360 2471 Bumh.
372 2432 397 2473 ο.
410 2415 505 2484 Codri„
517 2419 548 2468 ut
560 2413 674 2481 videtur,
689 2427 760 2469 omn.
770 2436 779 2474 ‚·
790 2412 821 2471 Z.
834 2415 918 2468 inser.
932 2429 958 2468 a.

133 2496 213 2570 Cep.
237 2499 296 2555 Vll.
339 2500 365 2556 7.
385 2502 456 2555 Nam
469 2499 497 2553 in
508 2497 561 2553 hoe
574 2496 733 2551 maximum.
754 2496 851 2553 Bamb.
861 2513 909 2567 pr.
921 2514 957 2576 m.
970 2511 994 2551 c.
1008 2495 1090 2553 Cedet.

46 2598 124 2638 omn.
145 2584 312 2651 maximum,
330 2598 385 2640 see.
403 2601 439 2639 m.
451 2600 504 2640 om.
520 2588 547 2636 et
560 2579 727 2652 pertitam,
744 2581 822 2653 quud.
842 2581 875 2636 Z.
895 2580 1006 2635 retinuit
1024 2582 1093 2635 sieut

4 2680 12 2739 j
45 2680 190 2738 magnmn.

134 2748 211 2822 Cap.
234 2751 306 2807 VIII.
350 2757 376 2809 5.
388 2751 560 2806 mutandum.
576 2748 675 2804 Bumb.
687 2764 710 2803 e.
724 2749 807 2806 uode.
821 2755 886 2820 uptt.
899 2765 951 2805 om.
963 2764 1007 2814 ve,
1020 2747 1093 2818 quod

45 2833 80 2890 Z.
93 2834 205 2906 adjecit.
222 2864 258 2874 —
277 2839 319 2894 13.
333 2851 434 2892 ceram.
448 2836 481 2890 de
491 2835 566 2905 conj.
579 2833 717 2890 Salmasii.
737 2833 818 2890 Oudd.
832 2838 891 2897 vett.
900 2832 965 2906 sere
982 2833 1091 2886 turbata

46 2933 113 2976 cere
126 2919 169 2974 uel
179 2925 263 2975 certe.

133 3001 210 3075 Gap.
233 3003 279 3058 lX.
321 3006 348 3060 4.
376 3002 575 3074 cupidissimis.
599 2998 697 3057 Bamb.
717 3016 742 3059 c.
760 3000 843 3057 Codd.
859 2998 924 3072 sere
939 3015 1029 3061 omn.,·
1054 2998 1086 3053 Z.

45 3088 141 3144 minus
154 3087 275 3159 cupidis.

133 3171 212 3243 Cap.
234 3172 269 3227 X.
313 3176 356 3232 37.
377 3174 507 3227 feramur.
532 3170 631 3227 Bamb.
650 3184 705 3225 see.
722 3186 776 3230 ηις
793 3167 825 3225 Z.
844 3169 973 3223 feremur.
985 3196 1027 3208 -
1042 3169 1085 3224 39.

46 3272 114 3327 quo.
135 3255 235 3314 Bamh.
250 3273 299 3328 pr.
317 3273 353 3312 m.
372 3272 397 3312 e.
417 3256 499 3313 Cedet.
514 3260 616 3327 poett.,·
637 3253 668 3309 Z.
685 3252 769 3324 quod.
791 3279 833 3291 -
853 3256 896 3309 tu.
910 3251 1032 3322 nihilque
1050 3254 1085 3305 et.

45 3338 212 3397 Benehuee.
225 3358 261 3396 m.
273 3355 298 3395 c.
311 3340 393 3397 Ooud.
412 3346 471 3397 vett.
480 3362 488 3400 ;
507 3339 537 3394 Z.
550 3355 600 3394 om.
621 3344 655 3392 et.
677 3364 720 3381 -·-
737 3340 780 3396 44.
795 3341 822 3390 et
833 3336 907 3390 idem
917 3337 1084 3390 —'servant.

44 3424 205 3495 coduopu.
211 3424 276 3496 fere
286 3429 313 3478 et
324 3424 398 3478 idem
409 3425 517 3481 omines
529 3422 597 3476 alter
611 3422 710 3477 decere
718 3422 871 3475 allocantur
885 3424 912 3472 et
924 3419 1042 3473 salvant.
1052 3414 1083 3471 Z.

46 3537 90 3549 -·
106 3512 152 3566 46.
170 3524 261 3579 neque
285 3508 358 3561 enim
376 3523 441 3565 non.
470 3506 596 3562 Additum
614 3513 720 3561 estnon
732 3504 765 3558 de
783 3506 856 3576 conj.
870 3503 1035 3557 Buttmunni.
1053 3499 1083 3557 Z.

90 3609 120 3647 rr.
134 3609 158 3648 r.
175 3607 286 3656 Qurrru.
298 3591 333 3649 H.
863 3588 879 3641 b
