2434 3925
153 193 213 255 208
471 209 507 255 m.
519 207 597 255 nau.
613 207 833 267 qnmuunnam

153 373 182 424 et
205 362 287 440 pueri
308 363 418 436 statim,
444 371 475 420 ut
495 364 651 441 praecepi,
679 381 762 440 quam
788 362 908 441 plurima
936 363 1087 438 ediscant,
1125 372 1173 440 et,
1211 406 1212 437 ,

154 464 341 525 quaecunque
365 455 445 506 aetas
469 464 587 524 operam
608 448 748 506 iuvandae
770 447 864 506 studio
887 449 1041 506 memoriae
1067 447 1171 522 dabit,
1211 496 1212 499 ,

154 533 275 594 devoret
290 531 369 590 initio
385 530 508 590 taedium
524 532 593 591 illud
603 542 639 591 -et
661 534 769 609 scripta
785 539 815 589 et
832 530 908 591 lecta
923 533 1040 608 saepius
1056 533 1170 592 revol-
1211 556 1212 563 ¹

152 616 237 674 vendi
256 624 285 673 et
306 617 387 692 quasi
403 598 524 675 eun'dem
547 615 642 674 cibum
660 614 853 675 remandeudi.
885 614 969 688 Quod
987 617 1087 693 ipsum
1107 618 1169 676 boe
1209 620 1212 631 *

153 701 215 759 lieri
230 707 329 776 potest
343 698 451 773 levius,
477 701 501 757 si
518 716 608 776 pauca
627 701 747 776 primum
763 708 792 757 et
808 717 883 776 quae
899 699 992 759 odium
1009 717 1072 758 non
1090 701 1168 760 affe·
1211 718 1212 743 u

151 793 214 843 rant
230 784 410 861 coeperimus
429 781 576 849 ediscere;
599 792 658 842 tum
675 784 781 842 cotidie
799 782 925 842 adiicere
941 783 1076 859 singulos
1095 803 1166 844 ver·

153 886 219 942 sus,
242 884 361 944 quorum
384 868 517 926 accessio
540 866 633 926 labori
649 885 764 926 sensum
785 869 953 926 incrementi
967 884 1024 926 non
1039 868 1167 942 afferat,

151 953 180 1010 in
199 969 334 1010 summam
353 950 389 1009 ad
404 950 540 1009 inlinitum
562 969 655 1028 usque
679 953 845 1030 perveniat;
873 961 903 1010 et
923 953 1039 1029 poetica
1061 954 1164 1029 prius,
1211 996 1212 999 ,

149 1044 209 1095 tum
232 1044 395 1108 oratorum,
423 1036 578 1094 novissime
600 1037 684 1094 etiarn
706 1035 847 1094 solutiora
867 1037 990 1094 numeris
1010 1043 1041 1093 et
1060 1040 1166 1112 magis
1211 1076 1212 1083 κ

110 1119 185 1179 abab
200 1137 253 1178 usu
276 1118 390 1178 dicendi
408 1128 534 1193 remota,
558 1120 653 1196 qualia
669 1128 735 1178 sunt
755 1119 1031 1179 iurisconsultorum.
1072 1119 1165 1179 Dilli-

152 1204 253 1263 uiliora
276 1204 350 1262 enim
378 1202 486 1261 debent
510 1220 593 1278 esse,
624 1200 703 1282 ‘quae
727 1212 882 1279 exercent,
912 1220 970 1280 quo
994 1205 1031 1262 sit
1058 1203 1166 1263 levius

152 1305 245 1365 ipsum
259 1287 345 1361 illud,
366 1287 395 1344 in
410 1287 487 1364 quod
504 1296 657 1346 exercent:
679 1296 710 1346 ut
725 1287 850 1347 athletae
868 1286 1043 1365 ponderibus
1060 1288 1166 1364 plum·

152 1372 214 1430 beis
230 1371 426 1430 assuefaciunt
441 1387 558 1446 manus,
575 1370 677 1448 quibus
693 1373 791 1431 vacuis
808 1379 838 1430 et
854 1371 936 1431 nudis
951 1373 980 1430 in
995 1368 1166 1432 certamine
1211 1362 1212 1417 7

151 1455 285 1514 utendum
307 1462 361 1512 est.
402 1453 467 1512 Non
491 1457 618 1514 omittam
639 1456 741 1529 etiam,
767 1454 845 1532 quod
866 1456 1015 1515 cotidianis
1036 1459 1165 1532 experi-

152 1541 254 1597 mentis
271 1537 510 1615 deprehenditur,
533 1541 645 1599 minime
663 1539 777 1599 lidelem
793 1557 860 1598 esse
875 1538 961 1617 paulo
978 1539 1164 1599 tardioribus

110 1622 273 1699 satagentis
286 1632 433 1681 recentem
444 1625 619 1682 memoriam.
644 1621 746 1682 Mirum
758 1623 834 1683 dictu
850 1632 963 1682 estnec
977 1625 1162 1701 inpromptu

7 1750 15 1781 ἲ,
151 1709 240 1781 ratio,
269 1715 404 1784 quantum
425 1723 483 1766 nox
509 1709 679 1785 interposita
705 1707 807 1766 allerat
832 1707 990 1781 firmitatis,
1018 1707 1083 1766 sive
1109 1726 1161 1767 re·

31 1792 47 1832 ἵ
84 1840 87 1845 ,
153 1791 275 1869 quiescit
298 1789 381 1849 labor
402 1791 469 1865 ille,
492 1794 573 1872 euius
594 1790 732 1867 sibiipsa
756 1790 887 1866 fatigatio
909 1789 1058 1866 obstabat,
1090 1793 1161 1850 sive

42 1916 51 1923 „
107 1900 118 1920 =
151 1876 342 1952 concoquitur
361 1890 419 1933 ‘seu
444 1885 616 1949 maturatur,
642 1893 716 1952 quae
738 1875 896 1937 firmissima
923 1876 985 1933 eius
1003 1892 1073 1952 pars
1098 1885 1157 1951 est,

108 1936 331 2050 ff'iecordatio;
362 1978 436 2036 quae
461 1961 554 2019 statim
577 1959 682 2018 relerri
704 1977 761 2019 nou
784 1968 933 2037 poterant,
960 1968 1158 2019 contexuntur

105 2045 130 2120 p·
152 2055 270 2122 postera
282 2044 339 2117 dle,
357 2044 562 2121 confirmatque
578 2045 742 2103 memoriam
759 2044 834 2103 idem
850 2043 920 2104 illud
933 2053 1056 2121 tempus,
1073 2043 1156 2121 quod

102 2140 218 2192 'eaesae
240 2130 268 2187 in
289 2145 375 2186 causa
397 2127 474 2186 solet
501 2128 665 2187 oblivionis.
709 2128 802 2188 Etiam
826 2128 877 2186 illa
904 2127 1064 2206 praevelox
1088 2127 1156 2186 lere

153 2215 209 2272 cito
227 2211 333 2286 elllnit,
357 2221 402 2286 et,
422 2212 502 2271 velut
516 2213 663 2290 praesenti
688 2213 784 2272 olllcio
804 2212 899 2272 functa
917 2211 1034 2271 nihilin
1049 2220 1154 2288 poste-

150 2315 212 2354 rum
228 2295 346 2366 debeat,
370 2304 503 2374 tanquam
520 2296 636 2357 dimissa
656 2296 787 2356 discedit.
818 2295 880 2355 Nec
897 2305 942 2355 est
957 2297 1071 2371 mirum,
1092 2313 1153 2354 uua·

150 2382 195 2455 gis
211 2380 332 2439 haerere
346 2378 444 2439 animo
455 2397 529 2458 quae
545 2382 649 2441 dlutius
666 2381 752 2440 affixa
767 2382 832 2439 sint.
891 2394 893 2397 ⁴

93 2531 99 2548 ἢ
234 2462 279 2521 Ex
298 2463 353 2521 bac
376 2465 553 2540 ingeniorum
581 2465 747 2525 diversitate
768 2464 990 2525 natadubitatio
1014 2471 1078 2538 est,
1109 2464 1152 2524 ad

103 2614 106 2621 ,
149 2546 297 2605 verbum
315 2549 362 2605 sit
383 2548 613 2607 ediscendum
633 2550 808 2623 dicturis,
832 2568 872 2609 an
891 2550 957 2607 vim
972 2547 1075 2607 modo
1094 2565 1151 2606 re·

151 2649 224 2690 rum
243 2639 352 2708 atque
368 2632 529 2691 ordinem
546 2634 743 2710 complecti
764 2636 857 2692 satis
873 2636 936 2698 sit:
959 2632 995 2691 de
1013 2648 1070 2708 quo
1088 2634 1152 2690 sine

105 2714 310 2776 ‘45dubio'non
325 2724 422 2793 potest
442 2718 471 2774 in
491 2719 655 2776 universum
670 2719 856 2795 pronuntiari.
887 2716 958 2776 Nam
973 2718 998 2774 si
1012 2717 1154 2775 memoria

150 2799 338 2876 suffragatur,
361 2809 474 2877 tempus
488 2818 546 2858 non
561 2800 666 2860 deluit:
687 2801 765 2860 nulla
781 2793 926 2861 mavelim
945 2798 1058 2874 syllaba
1079 2799 1152 2859 ellu-

149 2884 224 2959 giat;
247 2883 354 2960 alioqui
375 2886 459 2943 etiam
477 2884 608 2944 scribere
623 2887 661 2943 sit
683 2903 901 2962 supervacuum.
931 2883 1020 2961 ldque
1036 2885 1154 2960 praeci·

150 2985 207 3044 pue
223 2985 240 3025 a
254 2970 352 3045 pueris
375 2967 575 3043 obtinendum,
603 2979 690 3047 atque
706 2972 734 3028 ln
749 2968 822 3028 lranc
839 2967 1072 3028 consuetudinem
1090 2985 1151 3025 me·

149 3051 240 3120 moria
257 3054 464 3111 exercitatione
481 3053 655 3130 redigenda,
675 3072 712 3112 ne
724 3053 965 3113 nobisdiseamus
981 3054 1148 3128 ignoscere.

148 3131 277 3210 ldeoque
294 3144 323 3194 et
339 3136 486 3195 admoneri
503 3146 532 3195 et
547 3138 582 3195 ad
598 3137 726 3196 libellum
741 3139 890 3215 respicere
907 3137 1052 3210 uitiosum,
1071 3135 1152 3212 quod

150 3215 312 3277 libertatem
330 3220 524 3296 negligentiae
535 3222 621 3295 iacit,
644 3214 699 3280 nec
717 3223 866 3299 quisquam
884 3238 916 3278 se
932 3237 1031 3297 parum
1048 3227 1149 3278 tenere

108 3300 268 3376 sotadicus,
290 3303 381 3379 quod,
404 3322 440 3361 ne
458 3304 512 3363 sibi
528 3305 660 3379 excidat,
683 3322 740 3363 non
757 3306 845 3364 timet.
882 3303 951 3364 lnde
973 3304 1148 3380 interruptus

150 3385 271 3445 actionis
290 3387 411 3462 impetus
430 3397 458 3445 et
476 3391 616 3447 resistens
639 3407 673 3448 ac
689 3387 840 3449 salebrosa
860 3390 968 3454 oratio;
992 3395 1021 3446 et
1043 3387 1091 3463 qui
1108 3387 1148 3445 di·

151 3470 190 3530 cit
209 3469 347 3529 ediscenti
368 3471 484 3547 similis,
508 3474 593 3534 etiam
615 3490 725 3533 omnem
742 3472 817 3532 bene
840 3472 1148 3552 scriptorumssgratlam

202 3663 209 3701 l
