<?xml version="1.0" encoding="UTF-8"?>
<!DOCTYPE html PUBLIC "-//W3C//DTD XHTML 1.0 Transitional//EN"
    "http://www.w3.org/TR/xhtml1/DTD/xhtml1-transitional.dtd">
<html xmlns="http://www.w3.org/1999/xhtml" xml:lang="en" lang="en">
 <head>
  <title>
</title>
<meta http-equiv="Content-Type" content="text/html;charset=utf-8" />
  <meta name='ocr-system' content='tesseract 3.04.00' />
  <meta name='ocr-capabilities' content='ocr_page ocr_carea ocr_par ocr_line ocrx_word'/>
</head>
<body>
  <div class='ocr_page' id='page_1' title='image "./mfabiiquintilia08bonngoog_0409.png"; bbox 0 0 2434 3925; ppageno 0'>
   <div class='ocr_carea' id='block_1_1' title="bbox 379 184 1110 261">
    <p class='ocr_par' dir='ltr' id='par_1_1' title="bbox 379 184 1110 261">
     <span class='ocr_line' id='line_1_1' title="bbox 379 184 1110 261; baseline -0.003 -17"><span class='ocrx_word' id='word_1_1' title='bbox 379 194 470 244; x_wconf 81' lang='lat' dir='ltr'><strong><em>mur.-</em></strong></span> <span class='ocrx_word' id='word_1_2' title='bbox 491 194 640 245; x_wconf 79' lang='lat' dir='ltr'><strong><em>unauna.</em></strong></span> <span class='ocrx_word' id='word_1_3' title='bbox 661 195 845 261; x_wconf 81' lang='lat' dir='ltr'><strong><em>urn.v11,1.</em></strong></span> <span class='ocrx_word' id='word_1_4' title='bbox 1091 184 1110 242; x_wconf 84' lang='lat'>5</span> 
     </span>
    </p>
   </div>
   <div class='ocr_carea' id='block_1_2' title="bbox 79 350 1155 3359">
    <p class='ocr_par' dir='ltr' id='par_1_2' title="bbox 113 350 1154 1017">
     <span class='ocr_line' id='line_1_2' title="bbox 113 350 1110 430; baseline -0.004 -14"><span class='ocrx_word' id='word_1_5' title='bbox 113 353 264 416; x_wconf 76' lang='lat' dir='ltr'><strong><em>uoluntati</em></strong></span> <span class='ocrx_word' id='word_1_6' title='bbox 276 360 346 413; x_wconf 84' lang='lat' dir='ltr'><strong><em>tuoe</em></strong></span> <span class='ocrx_word' id='word_1_7' title='bbox 359 370 420 412; x_wconf 92' lang='lat' dir='ltr'><strong><em>non</em></strong></span> <span class='ocrx_word' id='word_1_8' title='bbox 431 350 592 430; x_wconf 81' lang='lat' dir='ltr'><strong><em>paruerit,-</em></strong></span> <span class='ocrx_word' id='word_1_9' title='bbox 605 351 681 411; x_wconf 83' lang='lat' dir='ltr'><strong><em>utin</em></strong></span> <span class='ocrx_word' id='word_1_10' title='bbox 695 350 762 411; x_wconf 80' lang='lat' dir='ltr'><strong><em>olio</em></strong></span> <span class='ocrx_word' id='word_1_11' title='bbox 776 353 877 414; x_wconf 69' lang='lat' dir='ltr'><strong><em>onusto</em></strong></span> <span class='ocrx_word' id='word_1_12' title='bbox 886 351 1040 414; x_wconf 81' lang='lat' dir='ltr'><strong><em>subiectos</em></strong></span> <span class='ocrx_word' id='word_1_13' title='bbox 1055 352 1110 413; x_wconf 83' lang='lat' dir='ltr'><strong><em>stt:</em></strong></span> 
     </span>
     <span class='ocr_line' id='line_1_3' title="bbox 113 436 1113 515; baseline -0.001 -19"><span class='ocrx_word' id='word_1_14' title='bbox 113 456 177 500; x_wconf 83' lang='lat' dir='ltr'><strong><em>non</em></strong></span> <span class='ocrx_word' id='word_1_15' title='bbox 187 444 316 515; x_wconf 87' lang='lat' dir='ltr'><strong><em>propter</em></strong></span> <span class='ocrx_word' id='word_1_16' title='bbox 334 437 501 513; x_wconf 66' lang='lat' dir='ltr'><strong><em>optionem</em></strong></span> <span class='ocrx_word' id='word_1_17' title='bbox 524 440 558 495; x_wconf 86' lang='lat' dir='ltr'><strong><em>ut</em></strong></span> <span class='ocrx_word' id='word_1_18' title='bbox 573 444 703 513; x_wconf 85' lang='lat' dir='ltr'><strong><em>propter</em></strong></span> <span class='ocrx_word' id='word_1_19' title='bbox 721 436 886 513; x_wconf 77' lang='lat' dir='ltr'><strong><em>optionem.-</em></strong></span> <span class='ocrx_word' id='word_1_20' title='bbox 912 457 972 499; x_wconf 92' lang='lat' dir='ltr'><strong><em>non</em></strong></span> <span class='ocrx_word' id='word_1_21' title='bbox 986 444 1113 515; x_wconf 79' lang='lat' dir='ltr'><strong><em>propter</em></strong></span> 
     </span>
     <span class='ocr_line' id='line_1_4' title="bbox 115 517 1110 598; baseline -0.006 -15"><span class='ocrx_word' id='word_1_22' title='bbox 115 523 210 584; x_wconf 85' lang='lat' dir='ltr'><strong><em>talem</em></strong></span> <span class='ocrx_word' id='word_1_23' title='bbox 237 521 396 598; x_wconf 77' lang='lat' dir='ltr'><strong><em>optionem.</em></strong></span> <span class='ocrx_word' id='word_1_24' title='bbox 446 517 526 577; x_wconf 89' lang='lat' dir='ltr'><strong><em>llaec</em></strong></span> <span class='ocrx_word' id='word_1_25' title='bbox 551 518 620 576; x_wconf 87' lang='lat' dir='ltr'><strong><em>iuris</em></strong></span> <span class='ocrx_word' id='word_1_26' title='bbox 647 520 844 595; x_wconf 76' lang='lat' dir='ltr'><strong>quaestionum</strong></span> <span class='ocrx_word' id='word_1_27' title='bbox 869 521 1029 580; x_wconf 84' lang='lat' dir='ltr'><strong><em>differentia</em></strong></span> <span class='ocrx_word' id='word_1_28' title='bbox 1056 529 1110 580; x_wconf 90' lang='lat' dir='ltr'><strong><em>est.</em></strong></span> 
     </span>
     <span class='ocr_line' id='line_1_5' title="bbox 116 600 1154 682; baseline 0.003 -18"><span class='ocrx_word' id='word_1_29' title='bbox 116 603 150 664; x_wconf 89' lang='lat' dir='ltr'><strong><em>ln</em></strong></span> <span class='ocrx_word' id='word_1_30' title='bbox 165 605 248 664; x_wconf 87' lang='lat' dir='ltr'><strong><em>lactis</em></strong></span> <span class='ocrx_word' id='word_1_31' title='bbox 266 612 360 662; x_wconf 89' lang='lat' dir='ltr'><strong><em>autem</em></strong></span> <span class='ocrx_word' id='word_1_32' title='bbox 381 602 416 661; x_wconf 91' lang='lat' dir='ltr'><strong><em>ad</em></strong></span> <span class='ocrx_word' id='word_1_33' title='bbox 430 601 507 661; x_wconf 89' lang='lat' dir='ltr'><strong><em>idem</em></strong></span> <span class='ocrx_word' id='word_1_34' title='bbox 527 600 673 660; x_wconf 82' lang='lat' dir='ltr'>tendentia</span> <span class='ocrx_word' id='word_1_35' title='bbox 689 611 754 660; x_wconf 88' lang='lat' dir='ltr'><strong><em>sunt</em></strong></span> <span class='ocrx_word' id='word_1_36' title='bbox 769 602 869 679; x_wconf 86' lang='lat' dir='ltr'><strong><em>plura,</em></strong></span> <span class='ocrx_word' id='word_1_37' title='bbox 891 622 929 663; x_wconf 82' lang='lat' dir='ltr'><strong><em>ex</em></strong></span> <span class='ocrx_word' id='word_1_38' title='bbox 945 603 1046 682; x_wconf 89' lang='lat' dir='ltr'><strong><em>quibus</em></strong></span> <span class='ocrx_word' id='word_1_39' title='bbox 1062 603 1154 667; x_wconf 80' lang='lat' dir='ltr'><strong><em>ali-m</em></strong></span> 
     </span>
     <span class='ocr_line' id='line_1_6' title="bbox 118 685 1113 767; baseline -0.002 -19"><span class='ocrx_word' id='word_1_40' title='bbox 118 706 175 767; x_wconf 90' lang='lat' dir='ltr'><strong><em>qua</em></strong></span> <span class='ocrx_word' id='word_1_41' title='bbox 191 689 261 747; x_wconf 88' lang='lat' dir='ltr'><strong><em>citra</em></strong></span> <span class='ocrx_word' id='word_1_42' title='bbox 277 704 411 745; x_wconf 89' lang='lat' dir='ltr'><strong><em>summam</em></strong></span> <span class='ocrx_word' id='word_1_43' title='bbox 427 685 625 763; x_wconf 88' lang='lat' dir='ltr'><strong><em>quaestionem</em></strong></span> <span class='ocrx_word' id='word_1_44' title='bbox 640 686 744 744; x_wconf 75' lang='lat' dir='ltr'>remitti</span> <span class='ocrx_word' id='word_1_45' title='bbox 759 686 869 755; x_wconf 89' lang='lat' dir='ltr'><strong><em>solent;</em></strong></span> <span class='ocrx_word' id='word_1_46' title='bbox 891 696 938 762; x_wconf 89' lang='lat' dir='ltr'><strong><em>ut,</em></strong></span> <span class='ocrx_word' id='word_1_47' title='bbox 956 689 980 746; x_wconf 87' lang='lat' dir='ltr'><strong><em>si</em></strong></span> <span class='ocrx_word' id='word_1_48' title='bbox 992 689 1032 762; x_wconf 88' lang='lat' dir='ltr'><strong><em>is,</em></strong></span> <span class='ocrx_word' id='word_1_49' title='bbox 1048 706 1113 747; x_wconf 89' lang='lat' dir='ltr'><strong><em>curn</em></strong></span> 
     </span>
     <span class='ocr_line' id='line_1_7' title="bbox 118 767 1112 851; baseline 0.002 -21"><span class='ocrx_word' id='word_1_50' title='bbox 118 788 176 851; x_wconf 91' lang='lat' dir='ltr'><strong><em>quo</em></strong></span> <span class='ocrx_word' id='word_1_51' title='bbox 189 771 257 830; x_wconf 85' lang='lat' dir='ltr'><strong><em>furti</em></strong></span> <span class='ocrx_word' id='word_1_52' title='bbox 269 772 371 846; x_wconf 85' lang='lat' dir='ltr'><strong><em>agitur,</em></strong></span> <span class='ocrx_word' id='word_1_53' title='bbox 388 769 479 828; x_wconf 89' lang='lat' dir='ltr'><strong><em>dicat:</em></strong></span> <span class='ocrx_word' id='word_1_54' title='bbox 495 767 596 829; x_wconf 85' lang='lat' dir='ltr'><strong><em>Probo</em></strong></span> <span class='ocrx_word' id='word_1_55' title='bbox 607 778 636 829; x_wconf 89' lang='lat' dir='ltr'><strong><em>te</em></strong></span> <span class='ocrx_word' id='word_1_56' title='bbox 647 770 800 845; x_wconf 80' lang='lat' dir='ltr'><strong><em>tabuisse,</em></strong></span> <span class='ocrx_word' id='word_1_57' title='bbox 812 772 913 848; x_wconf 84' lang='lat' dir='ltr'><strong><em>proba</em></strong></span> <span class='ocrx_word' id='word_1_58' title='bbox 924 771 1112 849; x_wconf 74' lang='lat' dir='ltr'><strong><em>perdidisse,</em></strong></span> 
     </span>
     <span class='ocr_line' id='line_1_8' title="bbox 116 853 1113 934; baseline -0.002 -20"><span class='ocrx_word' id='word_1_59' title='bbox 116 856 217 934; x_wconf 87' lang='lat' dir='ltr'><strong><em>probo</em></strong></span> <span class='ocrx_word' id='word_1_60' title='bbox 233 857 316 933; x_wconf 79' lang='lat' dir='ltr'><strong><em>sunto</em></strong></span> <span class='ocrx_word' id='word_1_61' title='bbox 329 854 521 932; x_wconf 77' lang='lat' dir='ltr'><strong><em>perdidisse,</em></strong></span> <span class='ocrx_word' id='word_1_62' title='bbox 540 853 641 931; x_wconf 85' lang='lat' dir='ltr'><strong><em>proba</em></strong></span> <span class='ocrx_word' id='word_1_63' title='bbox 660 872 729 914; x_wconf 86' lang='lat' dir='ltr'><strong><em>mec</em></strong></span> <span class='ocrx_word' id='word_1_64' title='bbox 750 853 875 932; x_wconf 72' lang='lat' dir='ltr'><strong><em>frende.</em></strong></span> <span class='ocrx_word' id='word_1_65' title='bbox 917 854 1016 914; x_wconf 88' lang='lat' dir='ltr'><strong><em>Priora</em></strong></span> <span class='ocrx_word' id='word_1_66' title='bbox 1038 856 1113 913; x_wconf 89' lang='lat' dir='ltr'><strong><em>enim</em></strong></span> 
     </span>
     <span class='ocr_line' id='line_1_9' title="bbox 118 936 714 1017; baseline -0.005 -20"><span class='ocrx_word' id='word_1_67' title='bbox 118 940 224 998; x_wconf 87' lang='lat' dir='ltr'>remitti</span> <span class='ocrx_word' id='word_1_68' title='bbox 240 945 373 1017; x_wconf 86' lang='lat' dir='ltr'><strong><em>possunt;</em></strong></span> <span class='ocrx_word' id='word_1_69' title='bbox 394 936 520 995; x_wconf 91' lang='lat' dir='ltr'><strong><em>ultimum</em></strong></span> <span class='ocrx_word' id='word_1_70' title='bbox 533 953 590 995; x_wconf 90' lang='lat' dir='ltr'><strong><em>non</em></strong></span> <span class='ocrx_word' id='word_1_71' title='bbox 607 944 714 1013; x_wconf 88' lang='lat' dir='ltr'><strong><em>potest.</em></strong></span> 
     </span>
    </p>

    <p class='ocr_par' dir='ltr' id='par_1_3' title="bbox 79 1020 1155 3359">
     <span class='ocr_line' id='line_1_10' title="bbox 203 1020 1154 1099; baseline 0 -19"><span class='ocrx_word' id='word_1_72' title='bbox 203 1021 339 1081; x_wconf 83' lang='lat' dir='ltr'><strong>Solebam</strong></span> <span class='ocrx_word' id='word_1_73' title='bbox 355 1030 384 1079; x_wconf 88' lang='lat' dir='ltr'><strong><em>et</em></strong></span> <span class='ocrx_word' id='word_1_74' title='bbox 397 1020 455 1079; x_wconf 90' lang='lat' dir='ltr'><strong><em>hnc</em></strong></span> <span class='ocrx_word' id='word_1_75' title='bbox 467 1020 567 1079; x_wconf 85' lang='lat' dir='ltr'><strong><em>facere</em></strong></span> <span class='ocrx_word' id='word_1_76' title='bbox 582 1022 756 1098; x_wconf 76' lang='lat' dir='ltr'><strong><em>praecipue,</em></strong></span> <span class='ocrx_word' id='word_1_77' title='bbox 772 1030 803 1080; x_wconf 93' lang='lat' dir='ltr'><strong><em>ut</em></strong></span> <span class='ocrx_word' id='word_1_78' title='bbox 816 1022 866 1081; x_wconf 89' lang='lat' dir='ltr'><strong><em>vel</em></strong></span> <span class='ocrx_word' id='word_1_79' title='bbox 882 1022 917 1081; x_wconf 89' lang='lat' dir='ltr'><strong><em>ab</em></strong></span> <span class='ocrx_word' id='word_1_80' title='bbox 932 1022 1030 1081; x_wconf 89' lang='lat' dir='ltr'><strong><em>ultima</em></strong></span> <span class='ocrx_word' id='word_1_81' title='bbox 1046 1026 1154 1099; x_wconf 75' lang='lat' dir='ltr'><strong><em>spe-23</em></strong></span> 
     </span>
     <span class='ocr_line' id='line_1_11' title="bbox 120 1103 1113 1184; baseline -0.002 -19"><span class='ocrx_word' id='word_1_82' title='bbox 120 1104 167 1165; x_wconf 87' lang='lat' dir='ltr'><strong><em>cie</em></strong></span> <span class='ocrx_word' id='word_1_83' title='bbox 195 1105 274 1182; x_wconf 95' lang='lat' dir='ltr'><strong><em>(nam</em></strong></span> <span class='ocrx_word' id='word_1_84' title='bbox 299 1122 334 1164; x_wconf 89' lang='lat' dir='ltr'><strong><em>ea</em></strong></span> <span class='ocrx_word' id='word_1_85' title='bbox 360 1103 422 1163; x_wconf 84' lang='lat' dir='ltr'><strong><em>lere</em></strong></span> <span class='ocrx_word' id='word_1_86' title='bbox 450 1111 510 1179; x_wconf 87' lang='lat' dir='ltr'><strong><em>est,</em></strong></span> <span class='ocrx_word' id='word_1_87' title='bbox 536 1121 612 1182; x_wconf 91' lang='lat' dir='ltr'><strong><em>quae</em></strong></span> <span class='ocrx_word' id='word_1_88' title='bbox 642 1105 769 1163; x_wconf 87' lang='lat' dir='ltr'><strong><em>continet</em></strong></span> <span class='ocrx_word' id='word_1_89' title='bbox 794 1107 928 1184; x_wconf 88' lang='lat' dir='ltr'><strong><em>causam)</em></strong></span> <span class='ocrx_word' id='word_1_90' title='bbox 954 1115 1113 1164; x_wconf 83' lang='lat' dir='ltr'><strong><em>retrorsum</em></strong></span> 
     </span>
     <span class='ocr_line' id='line_1_12' title="bbox 119 1187 1113 1266; baseline 0.003 -20"><span class='ocrx_word' id='word_1_91' title='bbox 119 1205 289 1266; x_wconf 80' lang='lat' dir='ltr'><strong><em>quaererem</em></strong></span> <span class='ocrx_word' id='word_1_92' title='bbox 308 1205 400 1266; x_wconf 89' lang='lat' dir='ltr'><strong><em>usque</em></strong></span> <span class='ocrx_word' id='word_1_93' title='bbox 415 1187 450 1247; x_wconf 89' lang='lat' dir='ltr'><strong><em>ad</em></strong></span> <span class='ocrx_word' id='word_1_94' title='bbox 465 1188 583 1265; x_wconf 89' lang='lat' dir='ltr'><strong><em>primam</em></strong></span> <span class='ocrx_word' id='word_1_95' title='bbox 603 1188 771 1263; x_wconf 79' lang='lat' dir='ltr'><strong><em>generalem</em></strong></span> <span class='ocrx_word' id='word_1_96' title='bbox 786 1192 1001 1266; x_wconf 85' lang='lat' dir='ltr'><strong><em>quaestionem,</em></strong></span> <span class='ocrx_word' id='word_1_97' title='bbox 1026 1188 1075 1247; x_wconf 86' lang='lat' dir='ltr'><strong><em>vel</em></strong></span> <span class='ocrx_word' id='word_1_98' title='bbox 1097 1207 1113 1249; x_wconf 90' lang='lat' dir='ltr'><strong><em>a</em></strong></span> 
     </span>
     <span class='ocr_line' id='line_1_13' title="bbox 116 1271 1111 1349; baseline 0.001 -20"><span class='ocrx_word' id='word_1_99' title='bbox 116 1289 228 1349; x_wconf 81' lang='lat' dir='ltr'><strong><em>genere</em></strong></span> <span class='ocrx_word' id='word_1_100' title='bbox 255 1273 290 1333; x_wconf 90' lang='lat' dir='ltr'><strong><em>ad</em></strong></span> <span class='ocrx_word' id='word_1_101' title='bbox 321 1280 475 1330; x_wconf 87' lang='lat' dir='ltr'><strong><em>extremam</em></strong></span> <span class='ocrx_word' id='word_1_102' title='bbox 501 1272 630 1348; x_wconf 87' lang='lat' dir='ltr'><strong><em>speciem</em></strong></span> <span class='ocrx_word' id='word_1_103' title='bbox 652 1271 877 1349; x_wconf 80' lang='lat' dir='ltr'><strong><em>descenderem,</em></strong></span> <span class='ocrx_word' id='word_1_104' title='bbox 898 1275 982 1332; x_wconf 90' lang='lat' dir='ltr'><strong><em>etiam</em></strong></span> <span class='ocrx_word' id='word_1_105' title='bbox 1002 1274 1031 1332; x_wconf 92' lang='lat' dir='ltr'><strong><em>in</em></strong></span> <span class='ocrx_word' id='word_1_106' title='bbox 1048 1290 1111 1331; x_wconf 90' lang='lat' dir='ltr'><strong><em>sua·</em></strong></span> 
     </span>
     <span class='ocr_line' id='line_1_14' title="bbox 117 1353 1155 1439; baseline 0.003 -25"><span class='ocrx_word' id='word_1_107' title='bbox 117 1356 215 1414; x_wconf 85' lang='lat' dir='ltr'><strong><em>soriis.</em></strong></span> <span class='ocrx_word' id='word_1_108' title='bbox 257 1355 295 1415; x_wconf 93' lang='lat' dir='ltr'><strong><em>Ut</em></strong></span> <span class='ocrx_word' id='word_1_109' title='bbox 310 1355 450 1415; x_wconf 87' lang='lat' dir='ltr'><strong><em>deliberat</em></strong></span> <span class='ocrx_word' id='word_1_110' title='bbox 465 1353 572 1430; x_wconf 88' lang='lat' dir='ltr'><strong><em>Numa,</em></strong></span> <span class='ocrx_word' id='word_1_111' title='bbox 592 1373 635 1415; x_wconf 89' lang='lat' dir='ltr'><strong><em>on</em></strong></span> <span class='ocrx_word' id='word_1_112' title='bbox 648 1375 775 1434; x_wconf 78' lang='lat' dir='ltr'><strong><em>repnum</em></strong></span> <span class='ocrx_word' id='word_1_113' title='bbox 789 1356 983 1439; x_wconf 79' lang='lat' dir='ltr'><strong><em>offerentibus</em></strong></span> <span class='ocrx_word' id='word_1_114' title='bbox 1001 1356 1105 1417; x_wconf 82' lang='lat' dir='ltr'><strong><em>Rona-</em></strong></span> <span class='ocrx_word' id='word_1_115' title='bbox 1120 1359 1155 1411; x_wconf 72' lang='lat'><strong><em>24</em></strong></span> 
     </span>
     <span class='ocr_line' id='line_1_15' title="bbox 116 1436 1114 1519; baseline 0.003 -20"><span class='ocrx_word' id='word_1_116' title='bbox 116 1440 168 1499; x_wconf 81' lang='lat' dir='ltr'><strong><em>nis</em></strong></span> <span class='ocrx_word' id='word_1_117' title='bbox 190 1441 329 1519; x_wconf 81' lang='lat' dir='ltr'><strong><em>recipiat.</em></strong></span> <span class='ocrx_word' id='word_1_118' title='bbox 373 1438 494 1498; x_wconf 91' lang='lat' dir='ltr'><strong><em>Primum</em></strong></span> <span class='ocrx_word' id='word_1_119' title='bbox 515 1438 611 1498; x_wconf 88' lang='lat' dir='ltr'><strong><em>idest</em></strong></span> <span class='ocrx_word' id='word_1_120' title='bbox 633 1457 741 1516; x_wconf 72' lang='lat' dir='ltr'><strong><em>genus,</em></strong></span> <span class='ocrx_word' id='word_1_121' title='bbox 766 1436 815 1500; x_wconf 85' lang='lat' dir='ltr'><strong><em>An</em></strong></span> <span class='ocrx_word' id='word_1_122' title='bbox 836 1441 1049 1519; x_wconf 75' lang='lat' dir='ltr'><strong><em>repnundtnn?</em></strong></span> <span class='ocrx_word' id='word_1_123' title='bbox 1069 1457 1114 1518; x_wconf 77' lang='lat' dir='ltr'><strong><em>un</em></strong></span> 
     </span>
     <span class='ocr_line' id='line_1_16' title="bbox 117 1521 1114 1586; baseline 0.001 -3"><span class='ocrx_word' id='word_1_124' title='bbox 117 1523 153 1583; x_wconf 86' lang='lat' dir='ltr'><strong><em>in</em></strong></span> <span class='ocrx_word' id='word_1_125' title='bbox 170 1524 292 1585; x_wconf 79' lang='lat' dir='ltr'><strong><em>ciuitate</em></strong></span> <span class='ocrx_word' id='word_1_126' title='bbox 308 1525 431 1585; x_wconf 77' lang='lat' dir='ltr'><strong><em>alieno?</em></strong></span> <span class='ocrx_word' id='word_1_127' title='bbox 453 1541 495 1583; x_wconf 86' lang='lat' dir='ltr'><strong><em>on</em></strong></span> <span class='ocrx_word' id='word_1_128' title='bbox 511 1521 646 1584; x_wconf 76' lang='lat' dir='ltr'><strong><em>Bonae?</em></strong></span> <span class='ocrx_word' id='word_1_129' title='bbox 666 1543 709 1584; x_wconf 87' lang='lat' dir='ltr'><strong><em>an</em></strong></span> <span class='ocrx_word' id='word_1_130' title='bbox 728 1525 824 1585; x_wconf 84' lang='lat' dir='ltr'><strong><em>loturi</em></strong></span> <span class='ocrx_word' id='word_1_131' title='bbox 838 1527 899 1586; x_wconf 85' lang='lat' dir='ltr'><strong><em>sint</em></strong></span> <span class='ocrx_word' id='word_1_132' title='bbox 915 1524 1045 1586; x_wconf 75' lang='lat' dir='ltr'><strong><em>Romam</em></strong></span> <span class='ocrx_word' id='word_1_133' title='bbox 1066 1537 1114 1584; x_wconf 91' lang='lat' dir='ltr'><strong><em>to-</em></strong></span> 
     </span>
     <span class='ocr_line' id='line_1_17' title="bbox 117 1606 1112 1687; baseline -0.001 -19"><span class='ocrx_word' id='word_1_134' title='bbox 117 1607 177 1668; x_wconf 84' lang='lat' dir='ltr'><strong><em>lent</em></strong></span> <span class='ocrx_word' id='word_1_135' title='bbox 192 1610 318 1686; x_wconf 79' lang='lat' dir='ltr'><strong><em>repens?</em></strong></span> <span class='ocrx_word' id='word_1_136' title='bbox 351 1607 488 1666; x_wconf 89' lang='lat' dir='ltr'><strong><em>Similiter</em></strong></span> <span class='ocrx_word' id='word_1_137' title='bbox 503 1607 531 1664; x_wconf 92' lang='lat' dir='ltr'><strong><em>in</em></strong></span> <span class='ocrx_word' id='word_1_138' title='bbox 547 1608 763 1671; x_wconf 84' lang='lat' dir='ltr'><strong><em>controversiis.</em></strong></span> <span class='ocrx_word' id='word_1_139' title='bbox 808 1606 895 1687; x_wconf 87' lang='lat' dir='ltr'><strong><em>Optet</em></strong></span> <span class='ocrx_word' id='word_1_140' title='bbox 910 1610 985 1668; x_wconf 90' lang='lat' dir='ltr'><strong><em>enim</em></strong></span> <span class='ocrx_word' id='word_1_141' title='bbox 996 1611 1040 1667; x_wconf 84' lang='lat' dir='ltr'><strong><em>vir</em></strong></span> <span class='ocrx_word' id='word_1_142' title='bbox 1054 1609 1112 1670; x_wconf 90' lang='lat' dir='ltr'><strong><em>for·</em></strong></span> 
     </span>
     <span class='ocr_line' id='line_1_18' title="bbox 117 1689 1115 1770; baseline 0.002 -20"><span class='ocrx_word' id='word_1_143' title='bbox 117 1691 156 1750; x_wconf 87' lang='lat' dir='ltr'><strong><em>tis</em></strong></span> <span class='ocrx_word' id='word_1_144' title='bbox 172 1690 293 1750; x_wconf 85' lang='lat' dir='ltr'><strong><em>alienam</em></strong></span> <span class='ocrx_word' id='word_1_145' title='bbox 307 1707 436 1750; x_wconf 88' lang='lat' dir='ltr'><strong><em>uxorem.</em></strong></span> <span class='ocrx_word' id='word_1_146' title='bbox 479 1689 583 1750; x_wconf 89' lang='lat' dir='ltr'><strong><em>Ultima</em></strong></span> <span class='ocrx_word' id='word_1_147' title='bbox 607 1693 723 1769; x_wconf 84' lang='lat' dir='ltr'><strong><em>species</em></strong></span> <span class='ocrx_word' id='word_1_148' title='bbox 741 1700 800 1767; x_wconf 88' lang='lat' dir='ltr'><strong><em>est,</em></strong></span> <span class='ocrx_word' id='word_1_149' title='bbox 825 1689 873 1751; x_wconf 89' lang='lat' dir='ltr'><strong><em>An</em></strong></span> <span class='ocrx_word' id='word_1_150' title='bbox 891 1700 999 1770; x_wconf 79' lang='lat' dir='ltr'><strong><em>optare</em></strong></span> <span class='ocrx_word' id='word_1_151' title='bbox 1016 1695 1115 1770; x_wconf 83' lang='lat' dir='ltr'><strong><em>possit</em></strong></span> 
     </span>
     <span class='ocr_line' id='line_1_19' title="bbox 117 1771 1113 1854; baseline 0 -18"><span class='ocrx_word' id='word_1_152' title='bbox 117 1776 253 1837; x_wconf 83' lang='lat' dir='ltr'><strong><em>alienam</em></strong></span> <span class='ocrx_word' id='word_1_153' title='bbox 262 1776 412 1835; x_wconf 77' lang='lat' dir='ltr'><strong><em>neonem?</em></strong></span> <span class='ocrx_word' id='word_1_154' title='bbox 447 1772 589 1834; x_wconf 86' lang='lat' dir='ltr'><strong><em>Generale</em></strong></span> <span class='ocrx_word' id='word_1_155' title='bbox 604 1782 668 1851; x_wconf 87' lang='lat' dir='ltr'><strong><em>est,</em></strong></span> <span class='ocrx_word' id='word_1_156' title='bbox 685 1771 735 1834; x_wconf 84' lang='lat' dir='ltr'><strong><em>An</em></strong></span> <span class='ocrx_word' id='word_1_157' title='bbox 750 1776 899 1852; x_wconf 82' lang='lat' dir='ltr'><strong><em>quidquid</em></strong></span> <span class='ocrx_word' id='word_1_158' title='bbox 913 1777 1042 1854; x_wconf 69' lang='lat' dir='ltr'><strong><em>optarit,</em></strong></span> <span class='ocrx_word' id='word_1_159' title='bbox 1058 1794 1113 1836; x_wconf 86' lang='lat' dir='ltr'><strong><em>uc·</em></strong></span> 
     </span>
     <span class='ocr_line' id='line_1_20' title="bbox 117 1855 1113 1937; baseline -0.001 -17"><span class='ocrx_word' id='word_1_160' title='bbox 117 1860 223 1937; x_wconf 78' lang='lat' dir='ltr'><strong><em>cipere</em></strong></span> <span class='ocrx_word' id='word_1_161' title='bbox 255 1859 383 1919; x_wconf 75' lang='lat' dir='ltr'><strong><em>debeat?</em></strong></span> <span class='ocrx_word' id='word_1_162' title='bbox 423 1856 509 1932; x_wconf 88' lang='lat' dir='ltr'><strong><em>lude,</em></strong></span> <span class='ocrx_word' id='word_1_163' title='bbox 537 1855 585 1917; x_wconf 86' lang='lat' dir='ltr'><strong><em>An</em></strong></span> <span class='ocrx_word' id='word_1_164' title='bbox 608 1875 648 1918; x_wconf 78' lang='lat' dir='ltr'><strong><em>en</em></strong></span> <span class='ocrx_word' id='word_1_165' title='bbox 670 1859 815 1936; x_wconf 82' lang='lat' dir='ltr'><strong><em>priuato?</em></strong></span> <span class='ocrx_word' id='word_1_166' title='bbox 836 1877 877 1919; x_wconf 87' lang='lat' dir='ltr'><strong><em>on</em></strong></span> <span class='ocrx_word' id='word_1_167' title='bbox 896 1860 1043 1937; x_wconf 76' lang='lat' dir='ltr'><strong><em>nuptias?</em></strong></span> <span class='ocrx_word' id='word_1_168' title='bbox 1070 1877 1113 1919; x_wconf 86' lang='lat' dir='ltr'><strong><em>un</em></strong></span> 
     </span>
     <span class='ocr_line' id='line_1_21' title="bbox 116 1941 1154 2020; baseline 0.002 -16"><span class='ocrx_word' id='word_1_169' title='bbox 116 1944 261 2004; x_wconf 81' lang='lat' dir='ltr'><strong><em>moritum</em></strong></span> <span class='ocrx_word' id='word_1_170' title='bbox 275 1943 435 2005; x_wconf 76' lang='lat' dir='ltr'><strong><em>dedentis?</em></strong></span> <span class='ocrx_word' id='word_1_171' title='bbox 457 1941 515 2001; x_wconf 89' lang='lat' dir='ltr'><strong><em>Sed</em></strong></span> <span class='ocrx_word' id='word_1_172' title='bbox 527 1941 584 2001; x_wconf 89' lang='lat' dir='ltr'><strong><em>hoc</em></strong></span> <span class='ocrx_word' id='word_1_173' title='bbox 598 1957 672 2018; x_wconf 87' lang='lat' dir='ltr'><strong><em>non,</em></strong></span> <span class='ocrx_word' id='word_1_174' title='bbox 689 1941 924 2020; x_wconf 87' lang='lat' dir='ltr'><strong><em>quemadmodum</em></strong></span> <span class='ocrx_word' id='word_1_175' title='bbox 942 1942 1058 2017; x_wconf 86' lang='lat' dir='ltr'><strong><em>dicitur,</em></strong></span> <span class='ocrx_word' id='word_1_176' title='bbox 1074 1944 1154 2006; x_wconf 73' lang='lat' dir='ltr'><strong><em>itaut</em></strong></span> 
     </span>
     <span class='ocr_line' id='line_1_22' title="bbox 118 2026 1113 2104; baseline -0.002 -18"><span class='ocrx_word' id='word_1_177' title='bbox 118 2035 149 2086; x_wconf 88' lang='lat' dir='ltr'><strong><em>et</em></strong></span> <span class='ocrx_word' id='word_1_178' title='bbox 165 2028 318 2104; x_wconf 89' lang='lat' dir='ltr'><strong><em>quaeritur.</em></strong></span> <span class='ocrx_word' id='word_1_179' title='bbox 356 2026 477 2086; x_wconf 91' lang='lat' dir='ltr'><strong><em>Primum</em></strong></span> <span class='ocrx_word' id='word_1_180' title='bbox 498 2028 573 2085; x_wconf 89' lang='lat' dir='ltr'><strong><em>enim</em></strong></span> <span class='ocrx_word' id='word_1_181' title='bbox 589 2028 716 2085; x_wconf 86' lang='lat' dir='ltr'><strong><em>occurrit</em></strong></span> <span class='ocrx_word' id='word_1_182' title='bbox 734 2026 814 2102; x_wconf 83' lang='lat' dir='ltr'><strong><em>fere,</em></strong></span> <span class='ocrx_word' id='word_1_183' title='bbox 835 2026 912 2104; x_wconf 90' lang='lat' dir='ltr'><strong><em>quod</em></strong></span> <span class='ocrx_word' id='word_1_184' title='bbox 928 2033 973 2084; x_wconf 86' lang='lat' dir='ltr'><strong><em>est</em></strong></span> <span class='ocrx_word' id='word_1_185' title='bbox 987 2027 1113 2086; x_wconf 90' lang='lat' dir='ltr'><strong><em>ultimum</em></strong></span> 
     </span>
     <span class='ocr_line' id='line_1_23' title="bbox 118 2108 1112 2189; baseline -0.002 -20"><span class='ocrx_word' id='word_1_186' title='bbox 118 2110 281 2185; x_wconf 87' lang='lat' dir='ltr'><strong><em>dicendum,</em></strong></span> <span class='ocrx_word' id='word_1_187' title='bbox 296 2119 326 2169; x_wconf 92' lang='lat' dir='ltr'><strong><em>ut</em></strong></span> <span class='ocrx_word' id='word_1_188' title='bbox 339 2110 406 2184; x_wconf 88' lang='lat' dir='ltr'><strong><em>hoc,</em></strong></span> <span class='ocrx_word' id='word_1_189' title='bbox 422 2108 490 2170; x_wconf 91' lang='lat' dir='ltr'><strong><em>Non</em></strong></span> <span class='ocrx_word' id='word_1_190' title='bbox 505 2110 598 2171; x_wconf 84' lang='lat' dir='ltr'><strong><em>debes</em></strong></span> <span class='ocrx_word' id='word_1_191' title='bbox 612 2110 743 2171; x_wconf 85' lang='lat' dir='ltr'><strong><em>alienum</em></strong></span> <span class='ocrx_word' id='word_1_192' title='bbox 756 2118 1006 2189; x_wconf 80' lang='lat' dir='ltr'><strong><em>onoremoptore.</em></strong></span> <span class='ocrx_word' id='word_1_193' title='bbox 1028 2108 1112 2168; x_wconf 89' lang='lat' dir='ltr'><strong><em>Ideo·</em></strong></span> 
     </span>
     <span class='ocr_line' id='line_1_24' title="bbox 118 2191 1112 2272; baseline -0.002 -20"><span class='ocrx_word' id='word_1_194' title='bbox 118 2211 176 2271; x_wconf 94' lang='lat' dir='ltr'><strong><em>que</em></strong></span> <span class='ocrx_word' id='word_1_195' title='bbox 192 2194 362 2253; x_wconf 86' lang='lat' dir='ltr'><strong><em>divisionem</em></strong></span> <span class='ocrx_word' id='word_1_196' title='bbox 376 2193 471 2271; x_wconf 91' lang='lat' dir='ltr'><strong><em>perdit</em></strong></span> <span class='ocrx_word' id='word_1_197' title='bbox 485 2192 641 2253; x_wconf 88' lang='lat' dir='ltr'><strong><em>festinatio.</em></strong></span> <span class='ocrx_word' id='word_1_198' title='bbox 673 2191 739 2251; x_wconf 88' lang='lat' dir='ltr'><strong><em>Non</em></strong></span> <span class='ocrx_word' id='word_1_199' title='bbox 754 2203 870 2272; x_wconf 88' lang='lat' dir='ltr'><strong><em>oportet</em></strong></span> <span class='ocrx_word' id='word_1_200' title='bbox 886 2196 973 2271; x_wconf 81' lang='lat' dir='ltr'><strong><em>igitur</em></strong></span> <span class='ocrx_word' id='word_1_201' title='bbox 988 2194 1112 2253; x_wconf 83' lang='lat' dir='ltr'><strong><em>oderen-</em></strong></span> 
     </span>
     <span class='ocr_line' id='line_1_25' title="bbox 117 2277 1114 2355; baseline 0.001 -19"><span class='ocrx_word' id='word_1_202' title='bbox 117 2277 194 2336; x_wconf 86' lang='lat' dir='ltr'><strong><em>tibus</em></strong></span> <span class='ocrx_word' id='word_1_203' title='bbox 216 2296 249 2336; x_wconf 87' lang='lat' dir='ltr'><strong><em>se</em></strong></span> <span class='ocrx_word' id='word_1_204' title='bbox 271 2286 435 2336; x_wconf 89' lang='lat' dir='ltr'><strong><em>contentum</em></strong></span> <span class='ocrx_word' id='word_1_205' title='bbox 460 2294 543 2344; x_wconf 85' lang='lat' dir='ltr'><strong><em>esse;</em></strong></span> <span class='ocrx_word' id='word_1_206' title='bbox 570 2286 726 2355; x_wconf 89' lang='lat' dir='ltr'><strong><em>quaeratur</em></strong></span> <span class='ocrx_word' id='word_1_207' title='bbox 747 2278 854 2355; x_wconf 87' lang='lat' dir='ltr'><strong><em>aliquid</em></strong></span> <span class='ocrx_word' id='word_1_208' title='bbox 872 2281 957 2337; x_wconf 88' lang='lat' dir='ltr'><strong><em>etiam</em></strong></span> <span class='ocrx_word' id='word_1_209' title='bbox 977 2278 1068 2351; x_wconf 87' lang='lat' dir='ltr'><strong><em>ultra,</em></strong></span> <span class='ocrx_word' id='word_1_210' title='bbox 1086 2279 1114 2337; x_wconf 81' lang='lat' dir='ltr'><strong><em>si</em></strong></span> 
     </span>
     <span class='ocr_line' id='line_1_26' title="bbox 116 2360 1112 2441; baseline -0.002 -20"><span class='ocrx_word' id='word_1_211' title='bbox 116 2380 157 2421; x_wconf 93' lang='lat' dir='ltr'><strong><em>ne</em></strong></span> <span class='ocrx_word' id='word_1_212' title='bbox 169 2362 296 2422; x_wconf 81' lang='lat' dir='ltr'><strong><em>cidnum</em></strong></span> <span class='ocrx_word' id='word_1_213' title='bbox 316 2362 460 2438; x_wconf 75' lang='lat' dir='ltr'><strong><em>quidem?</em></strong></span> <span class='ocrx_word' id='word_1_214' title='bbox 483 2360 577 2420; x_wconf 89' lang='lat' dir='ltr'><strong><em>adhuc</em></strong></span> <span class='ocrx_word' id='word_1_215' title='bbox 589 2360 672 2439; x_wconf 87' lang='lat' dir='ltr'><strong><em>plus,</em></strong></span> <span class='ocrx_word' id='word_1_216' title='bbox 689 2363 717 2421; x_wconf 84' lang='lat' dir='ltr'><strong><em>st&#39;</em></strong></span> <span class='ocrx_word' id='word_1_217' title='bbox 736 2362 811 2422; x_wconf 75' lang='lat' dir='ltr'><strong><em>nituit</em></strong></span> <span class='ocrx_word' id='word_1_218' title='bbox 825 2380 865 2422; x_wconf 83' lang='lat' dir='ltr'><strong><em>ec</em></strong></span> <span class='ocrx_word' id='word_1_219' title='bbox 880 2363 1023 2441; x_wconf 79' lang='lat' dir='ltr'><strong><em>priooto?</em></strong></span> <span class='ocrx_word' id='word_1_220' title='bbox 1048 2361 1112 2420; x_wconf 92' lang='lat' dir='ltr'><strong><em>ulti·</em></strong></span> 
     </span>
     <span class='ocr_line' id='line_1_27' title="bbox 116 2444 1113 2523; baseline 0.004 -21"><span class='ocrx_word' id='word_1_221' title='bbox 116 2461 193 2502; x_wconf 90' lang='lat' dir='ltr'><strong><em>mum</em></strong></span> <span class='ocrx_word' id='word_1_222' title='bbox 201 2453 376 2520; x_wconf 88' lang='lat' dir='ltr'><strong><em>retrorsum,</em></strong></span> <span class='ocrx_word' id='word_1_223' title='bbox 394 2444 471 2522; x_wconf 90' lang='lat' dir='ltr'><strong><em>quod</em></strong></span> <span class='ocrx_word' id='word_1_224' title='bbox 485 2444 560 2504; x_wconf 90' lang='lat' dir='ltr'><strong><em>idem</em></strong></span> <span class='ocrx_word' id='word_1_225' title='bbox 575 2461 592 2503; x_wconf 94' lang='lat' dir='ltr'><strong><em>a</em></strong></span> <span class='ocrx_word' id='word_1_226' title='bbox 607 2444 702 2522; x_wconf 89' lang='lat' dir='ltr'><strong><em>capite</em></strong></span> <span class='ocrx_word' id='word_1_227' title='bbox 717 2447 836 2523; x_wconf 92' lang='lat' dir='ltr'><strong><em>primum</em></strong></span> <span class='ocrx_word' id='word_1_228' title='bbox 852 2455 913 2520; x_wconf 90' lang='lat' dir='ltr'><strong><em>est,</em></strong></span> <span class='ocrx_word' id='word_1_229' title='bbox 929 2448 957 2506; x_wconf 70' lang='lat' dir='ltr'><strong><em>st·</em></strong></span> <span class='ocrx_word' id='word_1_230' title='bbox 967 2445 1043 2506; x_wconf 80' lang='lat' dir='ltr'><strong><em>ntttt</em></strong></span> <span class='ocrx_word' id='word_1_231' title='bbox 1055 2445 1113 2505; x_wconf 81' lang='lat' dir='ltr'><strong><em>t&#39;nt&#39;·</em></strong></span> 
     </span>
     <span class='ocr_line' id='line_1_28' title="bbox 119 2526 1154 2606; baseline 0.005 -18"><span class='ocrx_word' id='word_1_232' title='bbox 119 2530 234 2605; x_wconf 74' lang='lat' dir='ltr'><strong><em>quum?</em></strong></span> <span class='ocrx_word' id='word_1_233' title='bbox 276 2526 376 2605; x_wconf 91' lang='lat' dir='ltr'><strong><em>Itaque</em></strong></span> <span class='ocrx_word' id='word_1_234' title='bbox 387 2530 588 2605; x_wconf 88' lang='lat' dir='ltr'><strong><em>propositione</em></strong></span> <span class='ocrx_word' id='word_1_235' title='bbox 605 2528 684 2602; x_wconf 90' lang='lat' dir='ltr'><strong><em>visa,</em></strong></span> <span class='ocrx_word' id='word_1_236' title='bbox 707 2529 784 2606; x_wconf 88' lang='lat' dir='ltr'><strong><em>quud</em></strong></span> <span class='ocrx_word' id='word_1_237' title='bbox 801 2538 846 2588; x_wconf 91' lang='lat' dir='ltr'><strong><em>est</em></strong></span> <span class='ocrx_word' id='word_1_238' title='bbox 861 2529 1041 2604; x_wconf 87' lang='lat' dir='ltr'><strong><em>facillimum,</em></strong></span> <span class='ocrx_word' id='word_1_239' title='bbox 1065 2540 1154 2593; x_wconf 58' lang='lat' dir='ltr'><strong><em>codd</em></strong></span> 
     </span>
     <span class='ocr_line' id='line_1_29' title="bbox 118 2610 1111 2691; baseline 0.001 -22"><span class='ocrx_word' id='word_1_240' title='bbox 118 2612 258 2689; x_wconf 82' lang='lat' dir='ltr'><strong><em>gitemus,</em></strong></span> <span class='ocrx_word' id='word_1_241' title='bbox 275 2613 300 2669; x_wconf 88' lang='lat' dir='ltr'><strong><em>si</em></strong></span> <span class='ocrx_word' id='word_1_242' title='bbox 310 2612 373 2671; x_wconf 87' lang='lat' dir='ltr'><strong><em>fieri</em></strong></span> <span class='ocrx_word' id='word_1_243' title='bbox 387 2620 500 2689; x_wconf 89' lang='lat' dir='ltr'><strong><em>potest,</em></strong></span> <span class='ocrx_word' id='word_1_244' title='bbox 517 2610 584 2689; x_wconf 87' lang='lat' dir='ltr'><strong><em>quid</em></strong></span> <span class='ocrx_word' id='word_1_245' title='bbox 600 2611 730 2671; x_wconf 88' lang='lat' dir='ltr'><strong><em>naturale</em></strong></span> <span class='ocrx_word' id='word_1_246' title='bbox 745 2614 781 2672; x_wconf 91' lang='lat' dir='ltr'><strong><em>sit</em></strong></span> <span class='ocrx_word' id='word_1_247' title='bbox 796 2614 916 2691; x_wconf 90' lang='lat' dir='ltr'><strong><em>primum</em></strong></span> <span class='ocrx_word' id='word_1_248' title='bbox 931 2611 1111 2690; x_wconf 86' lang='lat' dir='ltr'><strong><em>responderi.</em></strong></span> 
     </span>
     <span class='ocr_line' id='line_1_30' title="bbox 117 2694 1112 2775; baseline -0.002 -20"><span class='ocrx_word' id='word_1_249' title='bbox 117 2694 150 2755; x_wconf 95' lang='lat' dir='ltr'><strong><em>ld</em></strong></span> <span class='ocrx_word' id='word_1_250' title='bbox 167 2697 208 2770; x_wconf 88' lang='lat' dir='ltr'><strong><em>si,</em></strong></span> <span class='ocrx_word' id='word_1_251' title='bbox 229 2704 362 2773; x_wconf 91' lang='lat' dir='ltr'><strong><em>tauquam</em></strong></span> <span class='ocrx_word' id='word_1_252' title='bbox 382 2712 430 2753; x_wconf 90' lang='lat' dir='ltr'><strong><em>res</em></strong></span> <span class='ocrx_word' id='word_1_253' title='bbox 450 2704 551 2770; x_wconf 82' lang='lat' dir='ltr'><strong><em>agatur</em></strong></span> <span class='ocrx_word' id='word_1_254' title='bbox 565 2702 595 2752; x_wconf 92' lang='lat' dir='ltr'><strong><em>et</em></strong></span> <span class='ocrx_word' id='word_1_255' title='bbox 608 2694 692 2754; x_wconf 87' lang='lat' dir='ltr'><strong><em>nobis</em></strong></span> <span class='ocrx_word' id='word_1_256' title='bbox 710 2697 781 2775; x_wconf 86' lang='lat' dir='ltr'><strong><em>ipsis</em></strong></span> <span class='ocrx_word' id='word_1_257' title='bbox 800 2696 995 2775; x_wconf 85' lang='lat' dir='ltr'><strong><em>respondendi</em></strong></span> <span class='ocrx_word' id='word_1_258' title='bbox 1010 2713 1112 2754; x_wconf 85' lang='lat' dir='ltr'><strong><em>neces·</em></strong></span> 
     </span>
     <span class='ocr_line' id='line_1_31' title="bbox 118 2778 1153 2855; baseline 0 -18"><span class='ocrx_word' id='word_1_259' title='bbox 118 2781 188 2837; x_wconf 86' lang='lat' dir='ltr'><strong><em>sitas</em></strong></span> <span class='ocrx_word' id='word_1_260' title='bbox 211 2781 263 2854; x_wconf 87' lang='lat' dir='ltr'><strong><em>sit,</em></strong></span> <span class='ocrx_word' id='word_1_261' title='bbox 284 2779 387 2838; x_wconf 91' lang='lat' dir='ltr'><strong><em>intueri</em></strong></span> <span class='ocrx_word' id='word_1_262' title='bbox 409 2778 558 2851; x_wconf 85' lang='lat' dir='ltr'><strong><em>uolumus,</em></strong></span> <span class='ocrx_word' id='word_1_263' title='bbox 585 2781 721 2838; x_wconf 87' lang='lat' dir='ltr'><strong><em>occurrit.</em></strong></span> <span class='ocrx_word' id='word_1_264' title='bbox 761 2780 792 2840; x_wconf 83' lang='lat' dir='ltr'><strong><em>si</em></strong></span> <span class='ocrx_word' id='word_1_265' title='bbox 813 2780 842 2840; x_wconf 87' lang='lat' dir='ltr'><strong><em>id</em></strong></span> <span class='ocrx_word' id='word_1_266' title='bbox 868 2797 925 2839; x_wconf 88' lang='lat' dir='ltr'><strong><em>uon</em></strong></span> <span class='ocrx_word' id='word_1_267' title='bbox 948 2780 1153 2855; x_wconf 76' lang='lat' dir='ltr'><strong><em>contigerit,at</em></strong></span> 
     </span>
     <span class='ocr_line' id='line_1_32' title="bbox 117 2861 1113 2941; baseline 0 -20"><span class='ocrx_word' id='word_1_268' title='bbox 117 2878 290 2939; x_wconf 88' lang='lat' dir='ltr'><strong><em>seponamus</em></strong></span> <span class='ocrx_word' id='word_1_269' title='bbox 311 2862 357 2937; x_wconf 87' lang='lat' dir='ltr'><strong><em>id,</em></strong></span> <span class='ocrx_word' id='word_1_270' title='bbox 384 2861 460 2940; x_wconf 91' lang='lat' dir='ltr'><strong><em>quod</em></strong></span> <span class='ocrx_word' id='word_1_271' title='bbox 481 2863 600 2938; x_wconf 91' lang='lat' dir='ltr'><strong><em>primum</em></strong></span> <span class='ocrx_word' id='word_1_272' title='bbox 621 2879 654 2921; x_wconf 90' lang='lat' dir='ltr'><strong><em>se</em></strong></span> <span class='ocrx_word' id='word_1_273' title='bbox 670 2863 822 2939; x_wconf 87' lang='lat' dir='ltr'><strong><em>obtulerit,</em></strong></span> <span class='ocrx_word' id='word_1_274' title='bbox 845 2872 873 2922; x_wconf 94' lang='lat' dir='ltr'><strong><em>et</em></strong></span> <span class='ocrx_word' id='word_1_275' title='bbox 889 2864 945 2941; x_wconf 91' lang='lat' dir='ltr'><strong><em>ipsi</em></strong></span> <span class='ocrx_word' id='word_1_276' title='bbox 964 2862 1113 2922; x_wconf 88' lang='lat' dir='ltr'><strong><em>nobiscum</em></strong></span> 
     </span>
     <span class='ocr_line' id='line_1_33' title="bbox 118 2944 1113 3023; baseline 0.001 -19"><span class='ocrx_word' id='word_1_277' title='bbox 118 2946 162 3004; x_wconf 88' lang='lat' dir='ltr'><strong><em>sic</em></strong></span> <span class='ocrx_word' id='word_1_278' title='bbox 177 2945 338 3023; x_wconf 88' lang='lat' dir='ltr'><strong><em>loquamur:</em></strong></span> <span class='ocrx_word' id='word_1_279' title='bbox 360 2945 434 3018; x_wconf 79' lang='lat' dir='ltr'><strong><em>Quid</em></strong></span> <span class='ocrx_word' id='word_1_280' title='bbox 449 2946 474 3004; x_wconf 88' lang='lat' dir='ltr'><strong><em>si</em></strong></span> <span class='ocrx_word' id='word_1_281' title='bbox 491 2944 548 3004; x_wconf 91' lang='lat' dir='ltr'><strong><em>lroc</em></strong></span> <span class='ocrx_word' id='word_1_282' title='bbox 562 2962 620 3004; x_wconf 89' lang='lat' dir='ltr'><strong><em>non</em></strong></span> <span class='ocrx_word' id='word_1_283' title='bbox 632 2944 732 3006; x_wconf 81' lang='lat' dir='ltr'><strong><em>esset?</em></strong></span> <span class='ocrx_word' id='word_1_284' title='bbox 752 2948 780 3007; x_wconf 90' lang='lat' dir='ltr'><strong><em>id</em></strong></span> <span class='ocrx_word' id='word_1_285' title='bbox 796 2949 897 3005; x_wconf 90' lang='lat' dir='ltr'><strong><em>iterum</em></strong></span> <span class='ocrx_word' id='word_1_286' title='bbox 913 2954 942 3005; x_wconf 92' lang='lat' dir='ltr'><strong><em>et</em></strong></span> <span class='ocrx_word' id='word_1_287' title='bbox 958 2948 1072 3005; x_wconf 88' lang='lat' dir='ltr'><strong><em>tertium</em></strong></span> <span class='ocrx_word' id='word_1_288' title='bbox 1083 2955 1113 3005; x_wconf 90' lang='lat' dir='ltr'><strong><em>et</em></strong></span> 
     </span>
     <span class='ocr_line' id='line_1_34' title="bbox 118 3028 1111 3108; baseline -0.003 -18"><span class='ocrx_word' id='word_1_289' title='bbox 118 3029 184 3090; x_wconf 91' lang='lat' dir='ltr'><strong><em>dum</em></strong></span> <span class='ocrx_word' id='word_1_290' title='bbox 199 3028 268 3088; x_wconf 89' lang='lat' dir='ltr'><strong><em>nihil</em></strong></span> <span class='ocrx_word' id='word_1_291' title='bbox 291 3033 327 3089; x_wconf 86' lang='lat' dir='ltr'><strong><em>sit</em></strong></span> <span class='ocrx_word' id='word_1_292' title='bbox 348 3030 461 3108; x_wconf 87' lang='lat' dir='ltr'><strong><em>reliqui.</em></strong></span> <span class='ocrx_word' id='word_1_293' title='bbox 504 3028 605 3107; x_wconf 89' lang='lat' dir='ltr'><strong><em>ltaque</em></strong></span> <span class='ocrx_word' id='word_1_294' title='bbox 623 3031 760 3089; x_wconf 83' lang='lat' dir='ltr'><strong><em>inferiora</em></strong></span> <span class='ocrx_word' id='word_1_295' title='bbox 780 3045 896 3107; x_wconf 89' lang='lat' dir='ltr'><strong><em>quoquc</em></strong></span> <span class='ocrx_word' id='word_1_296' title='bbox 911 3030 1111 3104; x_wconf 83' lang='lat' dir='ltr'><strong><em>scrutabimur,</em></strong></span> 
     </span>
     <span class='ocr_line' id='line_1_35' title="bbox 118 3113 1112 3192; baseline 0 -21"><span class='ocrx_word' id='word_1_297' title='bbox 118 3129 193 3190; x_wconf 91' lang='lat' dir='ltr'><strong><em>quae</em></strong></span> <span class='ocrx_word' id='word_1_298' title='bbox 214 3121 336 3173; x_wconf 89' lang='lat' dir='ltr'><strong><em>tractata</em></strong></span> <span class='ocrx_word' id='word_1_299' title='bbox 355 3113 515 3173; x_wconf 82' lang='lat' dir='ltr'><strong><em>faciliorem</em></strong></span> <span class='ocrx_word' id='word_1_300' title='bbox 530 3113 614 3172; x_wconf 86' lang='lat' dir='ltr'><strong><em>nobis</em></strong></span> <span class='ocrx_word' id='word_1_301' title='bbox 629 3113 751 3173; x_wconf 90' lang='lat' dir='ltr'><strong><em>iudicem</em></strong></span> <span class='ocrx_word' id='word_1_302' title='bbox 772 3114 800 3171; x_wconf 89' lang='lat' dir='ltr'><strong><em>in</em></strong></span> <span class='ocrx_word' id='word_1_303' title='bbox 817 3130 924 3172; x_wconf 89' lang='lat' dir='ltr'><strong><em>summa</em></strong></span> <span class='ocrx_word' id='word_1_304' title='bbox 943 3115 1112 3192; x_wconf 89' lang='lat' dir='ltr'><strong><em>quaestione</em></strong></span> 
     </span>
     <span class='ocr_line' id='line_1_36' title="bbox 79 3195 1154 3275; baseline 0.001 -17"><span class='ocrx_word' id='word_1_305' title='bbox 79 3248 82 3259; x_wconf 29' lang='grc' dir='ltr'><strong>ι</strong></span> <span class='ocrx_word' id='word_1_306' title='bbox 117 3195 235 3254; x_wconf 80' lang='lat' dir='ltr'><strong><em>facient.</em></strong></span> <span class='ocrx_word' id='word_1_307' title='bbox 277 3195 343 3255; x_wconf 91' lang='lat' dir='ltr'><strong><em>Non</em></strong></span> <span class='ocrx_word' id='word_1_308' title='bbox 365 3198 503 3257; x_wconf 90' lang='lat' dir='ltr'><strong><em>dissimile</em></strong></span> <span class='ocrx_word' id='word_1_309' title='bbox 527 3196 593 3256; x_wconf 91' lang='lat' dir='ltr'><strong><em>lruic</em></strong></span> <span class='ocrx_word' id='word_1_310' title='bbox 616 3205 661 3255; x_wconf 92' lang='lat' dir='ltr'><strong><em>est</em></strong></span> <span class='ocrx_word' id='word_1_311' title='bbox 682 3205 710 3255; x_wconf 94' lang='lat' dir='ltr'><strong><em>et</em></strong></span> <span class='ocrx_word' id='word_1_312' title='bbox 732 3195 801 3255; x_wconf 91' lang='lat' dir='ltr'><strong><em>illud</em></strong></span> <span class='ocrx_word' id='word_1_313' title='bbox 822 3206 1026 3275; x_wconf 87' lang='lat' dir='ltr'><strong><em>praeceptum,</em></strong></span> <span class='ocrx_word' id='word_1_314' title='bbox 1048 3206 1079 3255; x_wconf 93' lang='lat' dir='ltr'><strong><em>ut</em></strong></span> <span class='ocrx_word' id='word_1_315' title='bbox 1096 3207 1154 3261; x_wconf 70' lang='lat' dir='ltr'><strong><em>ate</em></strong></span> 
     </span>
     <span class='ocr_line' id='line_1_37' title="bbox 118 3278 1110 3359; baseline 0.001 -22"><span class='ocrx_word' id='word_1_316' title='bbox 118 3279 313 3338; x_wconf 86' lang='lat' dir='ltr'><strong><em>communibus</em></strong></span> <span class='ocrx_word' id='word_1_317' title='bbox 328 3281 363 3340; x_wconf 93' lang='lat' dir='ltr'><strong><em>ad</em></strong></span> <span class='ocrx_word' id='word_1_318' title='bbox 378 3282 495 3358; x_wconf 89' lang='lat' dir='ltr'><strong><em>propria</em></strong></span> <span class='ocrx_word' id='word_1_319' title='bbox 507 3282 677 3359; x_wconf 68' lang='lat' dir='ltr'><strong><em>veniamus.⁴</em></strong></span> <span class='ocrx_word' id='word_1_320' title='bbox 702 3278 778 3339; x_wconf 85' lang='lat' dir='ltr'><strong><em>Fere</em></strong></span> <span class='ocrx_word' id='word_1_321' title='bbox 794 3280 870 3339; x_wconf 90' lang='lat' dir='ltr'><strong><em>enim</em></strong></span> <span class='ocrx_word' id='word_1_322' title='bbox 885 3282 1043 3340; x_wconf 87' lang='lat' dir='ltr'><strong><em>communia</em></strong></span> <span class='ocrx_word' id='word_1_323' title='bbox 1060 3298 1110 3355; x_wconf 76' lang='lat' dir='ltr'><strong><em>ge·</em></strong></span> 
     </span>
    </p>
   </div>
   <div class='ocr_carea' id='block_1_3' title="bbox 116 3361 1111 3526">
    <p class='ocr_par' dir='ltr' id='par_1_4' title="bbox 116 3361 1111 3526">
     <span class='ocr_line' id='line_1_38' title="bbox 116 3361 1111 3443; baseline 0.002 -23"><span class='ocrx_word' id='word_1_324' title='bbox 116 3363 228 3422; x_wconf 86' lang='lat' dir='ltr'><strong><em>neralia</em></strong></span> <span class='ocrx_word' id='word_1_325' title='bbox 251 3371 324 3423; x_wconf 86' lang='lat' dir='ltr'><strong><em>sunt.</em></strong></span> <span class='ocrx_word' id='word_1_326' title='bbox 359 3361 529 3438; x_wconf 84' lang='lat' dir='ltr'><strong><em>Commune,</em></strong></span> <span class='ocrx_word' id='word_1_327' title='bbox 554 3363 727 3442; x_wconf 74' lang='lat' dir='ltr'><strong><em>Tyrannum</em></strong></span> <span class='ocrx_word' id='word_1_328' title='bbox 746 3366 876 3433; x_wconf 62' lang='lat' dir='ltr'><strong><em>occidit·</em></strong></span> <span class='ocrx_word' id='word_1_329' title='bbox 899 3364 1046 3443; x_wconf 89' lang='lat' dir='ltr'><strong><em>proprium</em></strong></span> <span class='ocrx_word' id='word_1_330' title='bbox 1070 3371 1111 3422; x_wconf 88' lang='lat' dir='ltr'><strong><em>ta-</em></strong></span> 
     </span>
     <span class='ocr_line' id='line_1_39' title="bbox 116 3443 1029 3526; baseline -0.002 -20"><span class='ocrx_word' id='word_1_331' title='bbox 116 3463 198 3523; x_wconf 82' lang='lat' dir='ltr'><strong><em>men,</em></strong></span> <span class='ocrx_word' id='word_1_332' title='bbox 217 3443 391 3526; x_wconf 75' lang='lat' dir='ltr'><strong><em>Tyrannum</em></strong></span> <span class='ocrx_word' id='word_1_333' title='bbox 404 3447 535 3514; x_wconf 72' lang='lat' dir='ltr'><strong><em>occidite</em></strong></span> <span class='ocrx_word' id='word_1_334' title='bbox 549 3447 800 3525; x_wconf 70' lang='lat' dir='ltr'><strong><em>mortonem,</em></strong></span> <span class='ocrx_word' id='word_1_335' title='bbox 815 3467 894 3510; x_wconf 79' lang='lat' dir='ltr'><strong><em>neor</em></strong></span> <span class='ocrx_word' id='word_1_336' title='bbox 907 3449 1029 3510; x_wconf 84' lang='lat' dir='ltr'><strong><em>occidit.</em></strong></span> 
     </span>
    </p>
   </div>
   <div class='ocr_carea' id='block_1_4' title="bbox 0 0 1226 3925">
    <p class='ocr_par' dir='ltr' id='par_1_5' title="bbox 0 0 1226 3925">
     <span class='ocr_line' id='line_1_40' title="bbox 0 0 1226 3925; baseline 0 0"><span class='ocrx_word' id='word_1_337' title='bbox 0 0 1226 3925; x_wconf 95' lang='lat' dir='ltr'><strong><em> </em></strong></span> 
     </span>
    </p>
   </div>
  </div>
 </body>
</html>
