2434 3925
163 198 225 261 tto
375 256 381 267 ,
472 208 509 261 ιι.
526 208 606 259 rur.
625 209 846 271 aamrmum

160 371 240 428 nont
251 362 383 445 socient,
396 362 476 427 inete
486 365 617 445 [πονοι
633 364 711 443 qnod
723 374 804 425 certe
814 380 872 425 non
887 372 957 443 eget
967 365 1160 444 probatione:

120 447 253 524 86de
267 467 483 529 conpunctum
502 456 565 526 ert,
587 466 785 528 conpascere
798 451 901 511 boene.
933 449 1054 523 Quidum
1070 450 1159 524 inec,

163 551 238 613 quac
255 533 305 593 vel
325 551 363 592 ex
385 533 480 594 caucia
496 532 545 593 vel
568 550 607 593 ex
622 532 813 593 efficientibus
829 532 966 608 diximus,
989 533 1086 594 alieno
1106 551 1159 592 uo

162 620 237 678 minc
251 625 357 677 uocant
378 609 511 695 ἐκβάσεις
531 616 560 675 id
581 625 627 676 cst
642 617 746 677 exitus.
786 615 859 676 Nam
874 635 930 678 nec
946 617 995 678 hic
1008 617 1087 677 aliud
1101 625 1159 677 tra
1177 634 1196 675 ,ι

164 710 266 775 otetur,
287 718 371 778 quam
387 700 453 777 quid
469 718 507 760 ex
521 716 638 779 quoquc
654 701 778 760 eveniat

245 784 430 863 Apposita
451 784 499 844 vel
522 786 776 863 comparativa
795 783 937 860 dicuntur,
958 802 1033 863 quac
1048 785 1158 845 minora
1198 850 1199 867 ἒ

164 887 202 930 ex
222 868 393 942 maioribus,
415 868 523 928 maiora
543 885 581 927 cx
597 868 771 953 minoribus,
794 871 873 946 paria
896 887 934 927 ex
956 867 1074 947 paribus
1090 884 1156 946 pro

122 954 240 1016 cibant.
278 950 466 1012 confirmatur
485 944 652 1012 coniectura
673 970 710 1011 cx
733 952 859 1050 maiore,
882 950 919 1013 st
940 955 1009 1030 quic
1028 954 1157 1013 coctile·
1199 1000 1201 1007 ι

162 1038 245 1117 qinon
257 1036 346 1116 fecit,
361 1035 457 1114 faciet
471 1043 499 1097 et
513 1035 648 1114 fonnem,-
666 1054 703 1094 cx
716 1037 843 1111 minore,
864 1034 923 1108 Qut
935 1037 1030 1115 facite
1045 1054 1087 1096 oc
1099 1055 1157 1115 pa

163 1122 225 1183 ιιιιιι
240 1122 390 1220 mentitur,
405 1120 575 1197 pciercbit,·
594 1137 632 1178 ex
649 1121 727 1197 pari,
751 1117 811 1192 Qui
824 1122 861 1182 οιι
876 1138 941 1181 rem
957 1120 1157 1181 indiccndom

162 1207 324 1285 pomonam
338 1204 475 1281 occepit,
492 1210 521 1264 et
534 1203 571 1266 ob
586 1203 750 1265 dicendum
761 1204 875 1283 [αιιιιιιι
889 1206 1089 1279 testinnonium
1103 1223 1158 1266 oc·

122 1290 262 1368 88cipiet
293 1287 365 1347 luris
389 1285 567 1347 confirmatio
582 1286 745 1347 huiusmodi
761 1297 822 1348 est
845 1306 883 1348 ex
902 1289 1028 1386 maiore,
1048 1285 1158 1348 Siod-

163 1375 293 1436 ultorum
301 1370 443 1436 occidere
453 1371 534 1445 ticet,
546 1379 575 1432 et
585 1372 660 1432 loric
670 1372 821 1440 caedere,·
833 1390 870 1432 cx
880 1373 1001 1448 minore,
1013 1370 1050 1432 st
1058 1372 1160 1451 forent

164 1467 346 1524 nocturnum
356 1455 668 1533 conuenientque
677 1457 845 1517 iatronem?
857 1474 895 1516 ex
905 1458 979 1536 pari,
992 1418 1080 1529 buce
1087 1473 1159 1534 poe

164 1562 207 1604 no
218 1542 370 1604 adunent
380 1538 602 1620 interfectorem
609 1541 712 1617 puteis
723 1541 806 1601 insta
818 1548 873 1616 eet,
888 1541 996 1602 eodem
1008 1541 1160 1600 odacrum

165 1627 294 1698 mettim·
316 1643 435 1704 quorum
460 1623 582 1684 omnium
604 1632 742 1685 tractatus
764 1634 898 1686 vereatur
919 1625 947 1683 in
970 1624 1157 1700 syllogismis„

123 1709 217 1776 ecllla
233 1711 325 1786 magia
341 1709 513 1770 finitionibus
529 1719 577 1770 aut
592 1705 776 1787 qualitatihus
787 1716 918 1788 prosunt,
935 1708 971 1769 Si
981 1709 1076 1770 robur
1091 1726 1158 1768 cor·

163 1796 294 1875 pontons
312 1793 421 1855 bonnm
441 1803 502 1869 est,
523 1812 584 1854 non
599 1795 700 1855 minuc
714 1793 855 1863 tonitam
869 1791 906 1853 st
917 1793 1032 1872 furtum
1048 1793 1159 1867 aceiae,

166 1880 264 1958 necyia
283 1879 499 1957 sacrileqinm
521 1876 558 1938 st
578 1878 761 1939 abstinentia
777 1879 892 1954 cintus,
913 1886 943 1937 et
956 1877 1160 1945 continentia,-

165 1961 201 2026 st
216 1964 348 2028 mundns
355 1964 549 2042 procidentia
563 1964 690 2041 renitor,
708 1960 953 2024 administranda
965 1960 1141 2041 respublica
1145 1981 1159 2031 ;

164 2046 201 2110 st
217 2050 324 2111 doinus
338 2046 503 2125 aedificari
516 2048 582 2107 cine
597 2049 716 2109 ratione
728 2066 788 2108 non
800 2053 917 2126 pateat,
938 2047 1014 2123 qnid
1037 2044 1161 2123 noento

124 2135 193 2197 90ci
207 2132 366 2194 novalium
382 2149 461 2192 cure
484 2138 513 2192 et
528 2129 707 2192 annonem?
738 2130 783 2191 Ac
798 2130 864 2190 mihi
881 2130 996 2209 quidem
1013 2128 1162 2188 sufficeret

166 2215 223 2275 hoc
247 2232 355 2292 genua,
377 2215 478 2274 sedin
501 2214 763 2293 speciensecatur.
808 2214 880 2274 Nam
904 2232 943 2273 cx
967 2212 1098 2292 pluribus
1123 2211 1163 2271 ad

167 2307 251 2358 urtam
266 2307 295 2358 et
312 2316 350 2357 ex
361 2315 416 2357 uno
429 2298 465 2358 ad
477 2298 570 2376 plura,
588 2297 679 2376 (unde
696 2306 741 2357 eet
759 2294 848 2371 onoc
861 2299 964 2373 cernet,
980 2306 1009 2358 et
1019 2297 1162 2375 saepius)

152 2391 197 2451 ,et
220 2399 258 2441 cx
279 2390 361 2460 parte
382 2382 417 2443 ad
437 2390 527 2441 totum
548 2391 635 2441 etex
658 2400 768 2458 genere
792 2382 828 2442 ad
852 2384 997 2460 speciem,
1019 2389 1049 2440 ct
1071 2398 1109 2439 ex
1124 2395 1162 2437 eo

168 2466 245 2544 quod
263 2465 390 2525 continet
405 2464 440 2524 ad
455 2465 483 2524 id
499 2465 576 2546 quod
594 2467 766 2541 continetur,
782 2475 831 2525 aut
845 2483 883 2525 ex
900 2463 1111 2525 difficilioribus
1125 2462 1163 2522 ad

167 2549 299 2610 faciliora
320 2558 349 2612 et
370 2567 408 2609 ex
423 2549 511 2626 longe
525 2550 628 2628 positis
651 2550 687 2609 ad
703 2552 840 2628 propiora
855 2559 885 2609 ct
900 2550 935 2609 ad
953 2550 1062 2623 omnia,
1086 2564 1165 2625 quae

126 2640 159 2696 91
167 2642 267 2693 contra
284 2631 359 2706 hacc
373 2642 456 2708 sunt,
479 2632 580 2694 eadem
595 2635 707 2693 ratione
727 2642 895 2710 argumenta
911 2633 1060 2692 ducuntur.
1091 2631 1166 2691 Sunt

168 2718 287 2777 enimet
310 2716 382 2776 haec
397 2717 505 2777 maiora
528 2726 558 2777 et
577 2717 687 2778 minora
709 2726 757 2778 aut
779 2727 860 2777 certe
882 2718 938 2776 vim
952 2716 1074 2775 similem
1089 2713 1163 2774 obti-

168 2810 246 2877 nent,
263 2818 337 2879 quac
353 2801 378 2859 ei
393 2818 616 2879 persequamur,
634 2801 729 2861 nullae
745 2802 799 2861 crit
816 2819 851 2861 ca
867 2800 1038 2860 concidendi
1050 2798 1165 2859 modus.

167 2884 277 2948 Infinita
300 2894 345 2945 eut
369 2886 443 2945 enim
463 2902 559 2944 rerum
585 2885 779 2965 comparatio,
807 2886 990 2959 iucundiora,
1016 2884 1166 2960 graviora,

168 2971 260 3047 magis
274 2970 460 3044 necessaria,
478 2968 659 3045 honestiora,
677 2970 803 3029 utiliora.
836 2969 894 3028 Sed
910 2971 1051 3027 mittamus
1069 2967 1167 3044 plura,

127 3061 205 3118 itue
226 3054 254 3113 in
276 3070 339 3112 eam
360 3054 465 3132 ipsum,
490 3070 574 3130 quam
588 3055 660 3126 vita,
676 3051 881 3130 loquacitatem
897 3052 1029 3112 incidam.
1058 3050 1167 3111 Exem-

168 3135 282 3216 plorum
298 3152 413 3215 quoque
428 3136 464 3196 ad
478 3136 551 3196 hacc
563 3136 688 3196 infinitus
701 3146 746 3197 est
761 3154 907 3212 numerus,
923 3135 976 3195 ced
990 3135 1168 3214 paucissima

168 3221 315 3297 attingam.
346 3218 392 3279 Ex
407 3221 516 3280 maiore
534 3237 588 3299 pro
606 3218 748 3297 Caecina,
772 3219 861 3293 Quod
882 3220 1038 3282 exercitae
1059 3234 1168 3279 armo-

169 3311 215 3367 toe
234 3311 345 3380 nocet,
368 3304 403 3364 id
424 3303 655 3366 advocationem
675 3323 736 3365 non
757 3306 910 3366 uidebitur
932 3305 1084 3365 monisse?
1119 3299 1169 3360 Ex

169 3387 302 3449 faciliore
320 3388 347 3445 in
364 3383 495 3448 clodium
510 3396 540 3447 et
556 3385 727 3463 Curionem,
748 3385 797 3450 Ac
809 3390 897 3465 cide,
920 3407 962 3448 an
982 3387 1077 3467 [acite
1095 3384 1170 3464 fieri

128 3473 369 3555 compotatores,
383 3488 452 3533 cun
465 3472 495 3532 ie
507 3471 612 3551 [actuo
627 3489 689 3533 non
704 3473 760 3549 cit,
780 3473 831 3534 cui
851 3480 883 3533 tu
900 3471 1086 3534 concessisti.
1120 3467 1171 3529 Eu
