2434 3925
299 290 389 340 msc.
409 290 559 342 ‚aaaron
581 291 649 338 mc.
672 291 724 355 111,
752 285 817 339 aa.
993 276 1051 338 135

60 446 280 509 Lacedaemone
295 446 389 507 studia
405 448 561 507 litterarum
575 462 660 522 quarn
677 444 798 504 Athenis
815 439 941 505 bonores
959 464 1051 505 mere·

61 532 184 606 buntur,
213 531 278 608 plus
301 532 437 608 patientia
459 549 494 590 ac
506 529 654 590 tortitudo.
699 528 794 607 Rapta
815 531 915 589 vivere
937 530 1051 608 quibus·

62 615 129 675 dam
146 614 312 687 honestum,
335 615 397 674 aliis
420 632 489 675 cura
510 613 615 689 legum.
658 609 819 689 Frugalitas
842 615 917 692 apud
936 614 1051 688 Sybari·¹

62 708 108 758 tas
130 698 250 758 forsitan
272 697 338 757 odio
355 698 447 773 foret,
469 696 616 757 veteribus
634 697 769 757 Romanis
786 715 922 757 summurn
942 698 1051 757 luxuria

63 784 182 841 crimen.
216 781 324 843 Eadem
338 782 366 839 in
383 781 502 859 singulis
520 782 689 841 differentia.
723 780 846 841 Maximo
861 782 940 840 lavet
955 779 1052 857 iudex,
1060 792 1093 843 25

64 867 114 942 qui
133 864 187 924 sibi
204 865 346 924 dicentem
363 866 495 925 assentiri
512 874 601 943 putat.
637 864 716 925 Idem
734 867 875 944 praecipit
892 866 963 925 illud
982 884 1051 944 quo·
1144 909 1147 913 ι

64 966 140 1026 quc,
163 948 257 1027 (quod
280 966 346 1008 mox
362 947 513 1009 Cornelius
531 947 636 1009 Celsus
659 967 751 1027 prope
767 968 854 1029 supra
876 950 989 1009 modurn
1010 952 1051 1007 in·

62 1033 154 1109 vasit)
179 1034 245 1110 quia
266 1035 303 1091 sit
325 1035 463 1111 quaedam
484 1032 635 1093 virtutibus
657 1051 692 1094 ac
710 1035 784 1092 vitiis
802 1035 948 1109 vicinitas,
970 1043 1051 1092 uten-

63 1116 131 1177 dum
141 1118 270 1193 proxima
283 1117 459 1177 derivatione
470 1117 634 1193 verborum,
652 1125 683 1176 ut
700 1135 753 1197 pro
770 1119 923 1177 temerario
936 1119 1051 1193 sortem,

62 1217 118 1279 pro
137 1200 259 1277 prodigo
283 1201 449 1277 liberalem,
476 1220 529 1280 pro
552 1218 639 1263 avaro
662 1219 779 1279 parcum
801 1219 952 1268 vocemus;
978 1218 1052 1279 quae

64 1282 167 1345 eadem
183 1286 267 1343 etiam
289 1294 389 1345 contra
405 1286 511 1346 valent.
546 1285 630 1359 Quod
647 1285 761 1363 quidem
780 1294 888 1358 orator,
904 1285 932 1344 id
951 1295 995 1344 est
1009 1287 1052 1344 vir

62 1367 174 1442 bouus,
192 1386 334 1446 nunquam
350 1369 449 1445 faciet,
468 1369 523 1428 nisi
537 1368 613 1429 forte
627 1370 767 1428 communi
784 1370 905 1429 utilitate
921 1369 1049 1428 ducetur.

147 1450 307 1511 laudantur
322 1461 417 1514 autem
433 1453 542 1512 urbes
559 1452 691 1511 similiter
709 1463 794 1530 atque
811 1453 951 1514 homines.
982 1451 1094 1514 Namtd

63 1551 119 1613 pro
141 1544 262 1613 parente
284 1545 328 1595 est
351 1537 492 1612 conditor,
509 1545 545 1618 'et
565 1536 681 1596 multum
702 1538 879 1597 auctoritatis
900 1537 983 1596 allent
1002 1554 1052 1595 vc·

63 1627 167 1694 tustas,
188 1628 219 1678 ut
240 1619 294 1695 his,
318 1620 365 1698 qui
389 1630 466 1681 terra
488 1622 619 1681 dicuntur
642 1621 711 1688 orti;
736 1631 765 1680 et
787 1623 908 1681 virtutes
930 1639 965 1680 ac
984 1621 1052 1680 vitia

64 1703 143 1762 circa
160 1720 208 1762 res
225 1712 324 1780 gestas
341 1704 440 1764 eadem
459 1722 532 1782 quac
553 1705 581 1762 in
604 1704 740 1780 singulis,
762 1705 811 1764 illa
829 1706 957 1782 propria,
978 1722 1052 1781 quae

64 1802 102 1846 ex
123 1786 182 1846 loci
204 1788 347 1864 positione
368 1804 403 1848 ac
418 1790 572 1849 munitione
588 1797 663 1848 sunt.
696 1784 784 1847 Cives
801 1788 858 1848 illis
882 1798 912 1847 ut
934 1787 1052 1847 bomini·
1093 1778 1104 1872 ε’

62 1869 117 1930 bus
140 1870 225 1930 liberi
246 1872 355 1931 decori

147 1952 202 2014 Est
219 1953 281 2015 laus
303 1965 332 2015 et
353 1973 521 2054 operum,
544 1955 572 2015 in
592 1953 694 2034 quibus
712 1954 821 2030 honor,
841 1901 966 2030 utilitas,
989 1953 1051 2033 pul·
1059 1964 1094 2021 at

64 2038 212 2114 chritudo,
236 2049 337 2099 auctor
358 2040 485 2118 spectari
507 2040 593 2100 solet.
626 2041 726 2101 Honor
745 2049 775 2099 ut
797 2040 825 2098 in
846 2038 976 2117 templis,
998 2040 1051 2097 uti-

61 2122 138 2182 litas
151 2131 181 2181 ut
204 2124 232 2181 in
249 2125 346 2197 muris,
370 2123 551 2203 pulchritudo
569 2124 618 2183 vel
640 2132 740 2184 auctor
757 2125 919 2202 utrobique.
954 2121 1009 2182 Est
1024 2131 1053 2182 et

63 2206 248 2282 locorum,
262 2208 365 2305 ’qualis
388 2208 503 2269 Siciliae
527 2209 602 2286 apud
625 2205 814 2284 Ciceronem,
838 2206 989 2285 inquibus
1015 2210 1051 2265 si·

62 2290 169 2349 militer
187 2292 314 2389 speciem
338 2300 368 2350 et
393 2293 542 2351 utilitatem
566 2293 720 2360 intuemur;
742 2293 871 2371 speciem
893 2292 1050 2366 maritimis,

62 2374 175 2453 planis,
198 2376 338 2443 amoenis;
366 2366 515 2435 utilitatem
538 2375 718 2452 salubribus,
741 2376 892 2436 fertilibus.
938 2375 1001 2434 Erit
1023 2383 1053 2434 ct

63 2458 204 2518 dictorum
223 2451 407 2518 bonestorum
424 2459 622 2538 factorumque
639 2460 700 2520 laus
715 2461 870 2559 generalis,
891 2461 945 2519 erit
962 2468 991 2519 et
1006 2478 1051 2518 re·

62 2559 124 2600 rurn
148 2543 237 2601 onruis
259 2543 344 2603 modi.
383 2542 453 2602 Nam
476 2552 504 2602 et
525 2545 617 2603 somni
639 2553 669 2603 et
686 2545 784 2604 mortis
808 2545 935 2622 scriptas
951 2544 1095 2605 laudes28

64 2634 93 2684 et
115 2625 291 2704 quorundam
312 2625 461 2686 amedicis
483 2626 622 2687 ciborum.

146 2709 262 2788 Itaque,
292 2719 324 2769 ut
351 2726 407 2769 non
432 2712 566 2771 consensi
589 2710 646 2771 hoc
667 2711 839 2771 laudativum
860 2727 950 2788 genus
974 2712 1052 2770 circa

63 2792 157 2852 solam
177 2794 288 2853 versari
309 2794 422 2854 honesti
452 2796 670 2872 quaestionem,
699 2797 742 2855 sic
767 2794 903 2874 qualitate
930 2796 1051 2854 maxime

64 2878 204 2936 contineri
227 2886 312 2954 puto;
335 2896 494 2956 quanquam
512 2887 571 2937 tres
588 2887 678 2938 status
699 2880 798 2938 ornnes
817 2877 922 2937 cadere
945 2878 973 2936 in
995 2879 1052 2938 hoc

63 2975 138 3037 opus
159 2962 281 3039 possint,
306 2962 408 3039 hisque
428 2979 509 3020 usum
528 2959 561 3020 G.
578 2960 733 3022 Gaesarem
748 2964 776 3020 in
793 2961 981 3038 vituperando
998 2960 1051 3022 Ca·

60 3049 130 3102 tone
153 3046 295 3104 notaverit
311 3043 425 3105 Giccro.
470 3045 572 3105 'lotum
599 3055 693 3105 autern
720 3044 806 3106 habet
831 3045 939 3122 aliquid
959 3047 1057 3106 simile

61 3129 218 3272 suqsoriis,
246 3130 313 3208 qnia
334 3129 505 3208 plerumque
528 3129 630 3190 eadem
654 3126 714 3189 illic
735 3130 850 3190 suaderi
874 3128 922 3188 hic
943 3130 1051 3191 laudari

61 3228 96 3270 so
110 3220 167 3272 ent.

284 3366 327 3416 DE
341 3365 506 3419 SUASORIA
522 3366 564 3416 ET
579 3364 832 3420 PROSOPOPOEIA.

143 3445 221 3506 vill.
246 3447 521 3509 Deliberativas
541 3467 656 3527 quoque
674 3450 762 3509 nriror
779 3448 972 3528 aquibusdam
987 3447 1051 3507 sola

59 3529 182 3592 utilitate
206 3531 307 3592 linitas.
359 3531 404 3592 Ac
432 3534 456 3592 si
479 3532 545 3611 quid
566 3533 657 3601 iubis
680 3551 763 3592 unum
786 3535 868 3612 sequi
889 3539 1049 3614 oporteret,
