2434 3925
163 236 221 297 134
468 245 504 291 u.
522 243 599 290 aaa.
616 242 835 302 pumannum

157 406 287 462 viventes
311 396 463 476 aliquando
485 395 647 472 laudamus,
673 396 725 456 sed
748 395 824 474 qnod
844 415 908 456 rara
929 396 1002 457 haec
1024 402 1145 460 occasio

159 495 220 561 est,
241 493 272 543 ut
291 482 394 542 referri
415 482 527 558 possint
547 480 633 539 divini
654 480 779 540 honores
802 489 831 539 et
847 481 963 541 decreta
979 492 1015 541 et.
1025 482 1145 560 publice

119 578 270 633 uastatuae
293 567 476 626 constitutae.
528 562 606 622 luter
632 583 706 641 quae
731 566 938 624 numeraverim
964 567 1146 642 ingeniorum

157 660 355 724 monumenta,
372 666 445 726 quae
463 647 588 706 saeculis
604 647 804 725 probarentur.
835 646 907 708 Nam
922 649 1051 726 quidam,
1068 653 1146 711 sieut

156 736 328 809 Menander,
354 733 474 792 iustiora
501 739 683 809 posterorum
706 750 789 810 qaam
813 749 883 792 suae
909 735 1011 792 aetatis
1038 733 1147 794 iudicia

157 829 222 880 sunt
243 818 400 879 consecuti.
443 815 575 874 Allerunt
599 815 712 876 laudem
738 812 821 875 liberi
847 816 1030 893 parentibus,
1055 817 1147 877 urbes

158 901 370 976 conditoribus,
385 900 476 979 ⁸leges
497 898 653 974 latoribus,
679 908 756 960 artes
785 900 980 959 inventoribus
1008 917 1064 961 nec
1088 920 1148 961 non

156 990 283 1046 instituta
305 1001 420 1063 quoque
438 982 619 1057 auctoribus,
645 985 685 1042 uti
707 1001 723 1042 a
743 983 834 1042 Numa
855 984 985 1043 traditum
1006 983 1077 1044 deos
1095 1003 1148 1046 eo·

158 1071 237 1147 lere,
252 1089 269 1130 a
285 1067 434 1129 Publicola
449 1066 545 1125 fasces
560 1066 671 1144 populo
689 1069 874 1126 summittere.

115 1163 149 1218 19
239 1153 294 1227 Qui
319 1153 409 1211 omnis
434 1152 518 1210 etiam
540 1152 568 1208 in
588 1152 869 1228 vituperatione
897 1152 968 1211 ordo
990 1152 1149 1230 constabit,

157 1247 264 1298 tantum
286 1239 314 1297 in
337 1235 489 1295 diuersum:
533 1232 604 1293 Nam
626 1243 654 1293 et
682 1234 825 1312 turpitudo
848 1239 963 1311 generis
985 1236 1148 1315 opprobrio

157 1321 252 1380 multis
273 1320 341 1395 fuit,
366 1327 395 1378 et
417 1317 555 1394 quosdam
572 1317 688 1377 claritas
704 1321 768 1396 ipsa
788 1320 915 1378 notiores
935 1320 1012 1379 circa
1032 1322 1101 1379 vitia
1117 1331 1149 1381 et

157 1407 265 1464 invisos
280 1403 372 1479 magis
389 1401 474 1475 fecit,
498 1410 527 1460 et
548 1403 576 1460 in
591 1400 775 1478 quibusdam,
798 1412 829 1461 ut
848 1405 876 1461 in
896 1402 997 1463 Paride
1013 1404 1150 1463 traditum

158 1497 219 1564 est,
247 1487 395 1565 praedicta
417 1486 577 1563 pernicies,
605 1495 635 1545 et
661 1487 792 1563 corporis
819 1503 854 1545 ac
875 1486 1005 1546 fortunae
1029 1486 1148 1564 quibas-

158 1571 221 1631 dam
238 1570 312 1630 mala
328 1577 539 1646 contemptum,
560 1571 634 1628 sicut
655 1568 820 1643 Thersitae,
839 1569 1011 1648 adquisiere,
1029 1570 1148 1647 quibus-

159 1655 223 1714 dam
244 1654 322 1714 bona
340 1654 417 1712 vitiis
433 1662 567 1731 corrupta
584 1653 678 1712 odium
695 1653 865 1728 attulerunt,
888 1663 918 1713 ut
936 1653 1023 1714 Nirea
1044 1654 1148 1714 imbel-

115 1738 230 1814 aulen,
255 1736 419 1797 Plisthenen
440 1737 611 1814 impudicam
632 1754 649 1796 a
668 1738 763 1814 poetis
784 1738 958 1814 accepimus.
1007 1736 1043 1796 Et
1062 1740 1149 1797 animi

157 1822 275 1881 totidem
295 1823 378 1894 vitia,
405 1829 475 1898 quot
495 1822 616 1879 virtutes
638 1830 719 1896 sunt,
746 1839 800 1880 nec
822 1823 911 1879 minus
935 1839 1018 1898 quam
1041 1823 1069 1879 in
1084 1821 1147 1881 lau-

158 1905 240 1967 dibus
261 1904 368 1983 duplici
389 1905 500 1965 ratione
522 1913 687 1965 tractantur.
732 1903 769 1963 Et
794 1913 861 1984 post
886 1914 1005 1964 mortem
1033 1906 1147 1966 adiecta

158 1988 326 2068 quibusdam
341 1990 493 2066 ignominia
509 1997 570 2064 est,
592 1998 623 2048 ut
645 1988 768 2063 Maelio,
790 1991 870 2048 cuius
894 1990 993 2050 domus
1011 1989 1076 2049 solo
1097 2007 1147 2048 ae·

159 2083 259 2152 quatu,
282 2072 440 2151 Marcoque
455 2071 577 2145 blanlio,
600 2074 680 2131 cuius
695 2090 900 2150 praenomena
921 2072 1026 2133 familia
1047 2075 1146 2150 inpo-

115 2166 264 2221 austeram
279 2165 442 2234 exemptum
459 2165 512 2215 est.
533 2155 585 2226 ¹Et
599 2165 734 2234 parentes
749 2156 888 2216 malorum
906 2157 1024 2216 odimus.
1051 2156 1087 2215 Et
1100 2164 1147 2216 est

159 2239 353 2301 conditoribus
375 2239 484 2298 urbium
506 2238 626 2314 infame,
657 2241 835 2301 contraxisse
856 2240 979 2317 aliquam
1001 2241 1147 2318 pernicio-

158 2343 219 2383 sam
236 2326 341 2383 ceteris
359 2331 486 2399 gentem,
503 2321 594 2400 qualis
611 2331 655 2382 est
668 2325 775 2401 primus
787 2322 919 2383 Iudaicae
932 2324 1146 2401 superstitionis

159 2416 274 2474 auctor:
301 2416 330 2465 et
348 2405 541 2466 Gracchorum
556 2406 639 2483 leges
654 2407 778 2473 invisae;
804 2416 833 2465 et
852 2409 876 2465 si
894 2407 969 2484 quod
987 2416 1032 2467 est
1047 2424 1146 2464 exem·

158 2491 238 2570 plum
250 2489 378 2550 deforme
396 2491 521 2568 posteris
537 2491 679 2565 traditam,
696 2490 782 2568 quale
798 2490 965 2549 libidinosus
981 2492 1025 2549 vir
1039 2489 1148 2549 Perses

117 2578 187 2637 abiu
208 2574 328 2633 muliere
344 2571 438 2633 Samia
454 2575 602 2632 instituere
624 2592 708 2633 ausus
724 2574 828 2633 dicitur
842 2576 959 2652 primas.
991 2574 1049 2634 Sed
1063 2575 1091 2631 in
1102 2574 1147 2631 vi·

143 2657 289 2739 ,ventibus
310 2674 425 2736 quoque
447 2657 549 2716 iudicia
573 2656 714 2717 hominum
730 2657 809 2716 velut
826 2667 991 2735 argumenta
1007 2665 1071 2716 sunt
1083 2673 1147 2715 mo·

158 2760 234 2816 rum,
259 2750 288 2800 et
308 2740 400 2801 honos
420 2750 467 2801 aut
490 2742 642 2817 ignominia
663 2758 761 2801 veram
783 2759 851 2800 esse
871 2741 984 2801 laudem
1003 2740 1051 2800 vel
1070 2742 1147 2799 vitu·

159 2827 338 2905 perationem
358 2824 471 2903 probat.
569 2847 571 2852 ’

118 2916 153 2970 23
240 2908 386 2967 lnteresse
402 2918 495 2967 tamen
510 2907 684 2968 Aristoteles
698 2916 794 2986 putat,
808 2907 857 2967 ubi
874 2908 998 2986 quidque
1014 2905 1148 2966 laudetur

161 3001 208 3051 aat
224 2993 411 3071 vituperetur.
456 2991 527 3051 Nam
543 2991 692 3070 plurimun
707 2992 813 3067 refert,
836 2993 883 3069 qui
904 2993 959 3051 sint
974 2991 1147 3051 audientium

160 3092 270 3152 mores,
286 3094 359 3153 quae
372 3075 487 3154 publice
504 3085 621 3153 recepta
640 3077 807 3153 persuasio,
824 3085 854 3134 ut
868 3075 917 3136 illa
934 3077 1054 3134 manime
1070 3092 1148 3152 quae

160 3157 282 3237 probant
298 3177 363 3217 esse
378 3162 407 3218 in
422 3177 476 3234 eo,
495 3161 542 3236 qai
557 3158 733 3233 laudabitur,
751 3159 883 3234 credant,
898 3169 946 3218 aut
962 3160 990 3218 in
1006 3175 1059 3232 eo,
1077 3174 1146 3216 eon·

161 3250 204 3301 tra
227 3258 311 3318 quem
332 3242 475 3318 dicemus,
500 3260 533 3301 ea
555 3260 630 3320 quae
653 3242 782 3301 oderant.
827 3242 869 3302 lta
890 3261 947 3302 non
963 3241 1077 3303 dubium
1091 3244 1149 3301 erit

119 3332 154 3386 24
162 3325 309 3400 iudicium,
326 3327 402 3402 quod
418 3328 575 3385 orationem
589 3328 794 3404 praecesserit.
833 3325 964 3403 lpsorum
979 3327 1063 3385 etiam
1079 3341 1146 3402 per·

162 3408 308 3468 miscenda
335 3408 397 3467 laus
426 3427 556 3488 semper,
582 3427 645 3468 nam
670 3410 698 3469 id
724 3408 875 3469 benivolos
903 3408 986 3477 facit;
1012 3409 1146 3487 quotiens

163 3503 256 3554 autem
271 3492 332 3552 fieri
349 3494 471 3572 poterit,
496 3510 560 3554 cum
580 3494 716 3555 maurice
734 3493 855 3555 utilitate
869 3493 1021 3572 iungenda.
1052 3490 1147 3554 hlium
