2434 3925
53 116 67 147 N

316 215 788 282 susc.onsnon.n1e.1v,e.4„
990 205 1049 268 185

68 375 151 452 cidit,
167 374 377 455 interpellatio,
391 376 567 435 interventus
581 373 717 448 alieuius,
732 373 876 434 tumultus.
907 373 990 435 Unde
1005 373 1092 442 lli-17

67 461 164 520 cero'ui
178 478 293 539 quoque
307 461 335 518 in
349 461 514 537 prooemio,
531 477 594 518 oum
608 459 719 527 diceret
736 474 789 535 pro
804 457 921 534 Milone,
940 458 1052 535 digredi

3 606 4 625 ,
65 542 118 603 luit
132 562 266 619 necesse,
282 552 312 603 ut
325 545 388 620 ipsa
403 543 589 617 oratiuncula,
605 559 742 619 quorsus
758 550 813 615 εει,
830 550 919 620 patet.
952 542 1052 602 Potest

65 636 159 687 autem
173 627 260 706 paulo
275 628 389 704 longius
405 629 502 701 exire,
529 629 576 704 qui
590 634 744 704 praeparat
762 624 869 703 aliquid
885 635 949 685 aute
964 643 1051 703 quae·

65 713 187 793 ationem
209 722 238 771 et
253 714 300 790 qui
315 711 410 770 linitae
424 710 586 788 probationi
604 709 683 768 velut
696 707 967 768 commendationem
981 710 1051 770 adii-

66 796 113 854 cit.
146 794 248 873 Atqui
268 814 306 855 ex
319 794 412 855 media
427 795 567 872 erumpit,
583 794 641 853 cito
658 792 736 853 adid
753 792 849 861 redire
863 790 961 869 dehet,
977 793 1051 853 unde

64 878 197 939 devertit.

407 1031 451 1082 DE
468 1028 710 1083 PROPOSITIONE.

148 1124 197 1186 lv.
227 1128 297 1187 Sunt
316 1129 363 1205 qui
381 1127 535 1186 narrationi
557 1125 856 1204 propositionem
882 1124 1053 1202 subiungant

64 1219 197 1289 tanquam
218 1220 328 1289 partem
351 1210 491 1271 iudicialis
513 1211 665 1285 materiae,
687 1210 732 1268 cui
754 1211 880 1286 opinioni
901 1210 1051 1287 respoudi-

63 1313 136 1353 mus.
178 1293 247 1354 llilri
273 1304 366 1355 autem
392 1295 552 1372 propositio
577 1293 690 1353 videtur
713 1295 804 1351 omnis
831 1292 1052 1353 confirmationis

63 1380 190 1454 initium,
211 1378 288 1455 quod
307 1395 363 1437 uon
381 1377 465 1437 modo
480 1379 509 1436 in
523 1377 699 1437 ostendenda
717 1378 886 1454 quaestione
901 1377 1052 1455 principali

64 1462 116 1521 sed
131 1478 329 1540 nonnunquam
351 1463 435 1521 etiarn
455 1462 484 1519 in
498 1460 617 1538 singuiis
633 1463 806 1537 argumentis
821 1463 889 1539 poni
904 1460 980 1521 solet
994 1479 1051 1521 ma·

63 1547 198 1622 ximeque
218 1547 246 1605 in
267 1546 327 1622 his,
350 1563 423 1623 quae
446 1538 649 1624 ἐπιχειρήματα
668 1554 816 1603 vocantur.
852 1545 911 1604 Sed
928 1563 1002 1604 uuuo
1016 1545 1052 1604 de

64 1630 163 1706 priore
180 1629 329 1707 loquimur.
359 1629 401 1691 Ea
416 1646 473 1688 non
486 1645 601 1706 semper
615 1630 655 1687 uti
666 1645 788 1688 necesse
805 1637 859 1687 est.
888 1627 1051 1706 Aliquando
1064 1644 1081 1696 a

64 1714 139 1772 enim
155 1715 217 1772 sine
231 1716 430 1792 propositione
449 1730 563 1790 quoque
579 1714 648 1771 satis
662 1711 841 1771 manifestum
858 1721 919 1786 εει,
943 1712 1052 1789 quidin

65 1799 235 1874 quaestione
255 1806 402 1872 versetur,
425 1799 521 1874 utique
544 1798 567 1854 si
590 1798 714 1854 narratio
730 1794 768 1853 ibi
783 1795 866 1853 linem
881 1793 983 1870 hahet,
1005 1794 1053 1854 uhi

64 1881 172 1939 initium
187 1883 333 1958 quaestio;
350 1880 440 1955 adeo,
457 1879 652 1957 utaliquando
668 1877 853 1954 subiungatur
867 1880 1053 1955 expositioni,-

65 1982 140 2042 quae
155 1965 231 2038 solet
246 1967 274 2025 iu
293 1967 465 2042 argumentis
481 1983 547 2024 esse
563 1981 669 2022 summa
685 1961 838 2022 collectio:
860 1959 956 2038 Haeo,
973 1964 1053 2024 siem

64 2050 203 2128 apposui,
224 2051 269 2111 ita
281 2060 368 2127 perta
387 2056 471 2126 sont,
485 2051 622 2117 iudicem
635 2049 799 2108 insidiator
814 2055 978 2125 superatus
996 2055 1052 2123 cot,

64 2135 95 2193 oi
109 2133 193 2193 vieto
207 2135 254 2193 oio
267 2134 316 2194 vel
324 2134 427 2211 potius
446 2150 594 2211 oppressu
614 2133 724 2192 virtute
737 2130 876 2192 audacio
890 2138 943 2192 cst.
976 2129 1082 2195 Nona

64 2232 206 2293 uunquam
223 2233 295 2275 vero
310 2217 394 2278 valde
408 2217 484 2277 utilis
498 2226 557 2291 est,
580 2215 629 2275 ubi
644 2234 692 2275 res
708 2214 823 2274 delendi
837 2230 894 2273 non
908 2222 1006 2292 potest
1023 2222 1052 2272 ct

65 2300 101 2359 dc
117 2299 174 2358 fine
190 2302 348 2379 quaeritur,
363 2311 393 2361 ut
407 2319 460 2380 pro
478 2319 531 2376 eo,
554 2302 602 2378 qui
617 2300 766 2378 pecuniam
779 2300 917 2377 privatam
933 2299 968 2358 de
983 2306 1052 2357 tcm-

64 2383 115 2461 plo
139 2383 266 2447 sustulit:
295 2385 458 2465 Sacrilepii
477 2388 598 2464 opiter,
621 2387 660 2443 de
678 2384 841 2461 sacrilegio
855 2383 1032 2460 cognoscitis
1039 2404 1053 2451 ,·

65 2476 96 2529 ut
111 2463 199 2530 iudex
216 2469 367 2547 intelligat,
383 2469 411 2528 id
426 2488 509 2529 uuum
524 2486 591 2528 esse
607 2466 696 2526 officii
712 2467 766 2541 sui,
789 2483 948 2543 quaerere,
963 2482 998 2525 an
1012 2465 1051 2541 id,

66 2555 144 2631 quod
159 2552 307 2629 obiicitur,
333 2554 515 2630 sacrilegium
529 2553 575 2611 sit.
614 2549 685 2609 ltem
703 2551 732 2609 in
750 2552 843 2609 causis
859 2549 990 2610 obscuris
1005 2556 1081 2614 autc

65 2636 285 2714 multiplicibus;
306 2655 362 2696 nec
383 2655 497 2715 semper
511 2643 633 2714 propter
648 2634 705 2693 hoc
721 2633 829 2710 solum,
858 2643 888 2693 ut
909 2635 946 2693 sit
968 2649 1054 2692 causa

66 2718 205 2794 lucidior,
227 2720 278 2780 sed
295 2720 445 2798 aliquando
461 2721 560 2792 etiam,
581 2726 612 2778 ut
632 2720 722 2794 magis
736 2726 860 2777 moveat.
893 2715 990 2776 Movet
1005 2734 1053 2775 au·

66 2811 134 2876 tem,
151 2804 176 2862 si
185 2804 315 2881 protinus
327 2802 514 2863 subtexantur
522 2802 628 2880 aliqua,
641 2820 715 2879 quae
726 2804 846 2880 prosint.
872 2798 937 2862 tec
947 2806 1055 2878 operte

64 2887 195 2965 scripto„
205 2894 267 2961 est,
288 2895 321 2948 ut
332 2889 527 2965 peregrinos,
551 2887 604 2963 qui
618 2904 736 2947 murum
750 2885 943 2959 accenderit,
960 2889 1055 2944 morte

65 2970 229 3041 multotum
244 2974 439 3049 peregrinum
453 2979 481 3033 te
495 2989 561 3032 ease
575 2978 692 3031 certum
706 2977 769 3035 ectr
790 2970 861 3046 quin
876 2967 1055 3028 accenderis

65 3072 202 3130 morum,
223 3073 282 3115 uon
309 3057 486 3132 quaeram,-
506 3055 581 3132 quid
594 3060 748 3134 superest,
773 3053 832 3112 nisi
849 3060 882 3112 ut
903 3058 933 3111 te
949 3051 1055 3129 puniri

66 3139 227 3215 oporteat?
260 3137 339 3197 llaec
368 3141 440 3198 enirn
465 3138 629 3217 propositio
659 3136 871 3197 confessionem
897 3134 1054 3194 adversarii

66 3222 171 3298 premit
186 3229 224 3280 ⁴ot
243 3222 450 3299 quodammodo
471 3220 611 3283 iudicandi
626 3237 736 3281 ‘moram
756 3218 847 3295 tollit,
875 3236 930 3278 neo
949 3219 1055 3278 indicat

69 3306 268 3379 quaestionem
283 3305 367 3365 iudici
383 3306 434 3365 sed
451 3307 575 3366 adiuvat.

150 3387 221 3447 Sunt
243 3397 336 3464 autem
357 3392 570 3468 propositiones
592 3397 623 3448 ει
641 3386 787 3464 simplices
808 3392 837 3444 et
855 3383 986 3463 duplices
1006 3382 1082 3444 velo

67 3470 257 3550 multiplices,
278 3473 354 3550 quod
372 3473 475 3534 accidit
494 3489 552 3533 non
567 3489 624 3532 uno
645 3470 742 3531 modo.
771 3468 843 3531 Nam
857 3477 886 3529 et
899 3467 983 3548 plura
998 3468 1052 3526 cri·
