2434 3925
155 163 217 225 264
467 169 826 231 murcomannum

156 331 234 410 cepit
253 329 420 406 imaginem,
441 336 471 386 ut
494 328 619 387 diceret:
641 322 682 386 Et
700 325 959 386 dulcesmerienc
978 324 1178 385 mussei-

113 425 205 481 catur
225 410 346 491 Arpos?
373 411 432 471 Ubi·
448 427 520 469 vero
540 412 724 470 miseratione
745 425 818 486 opus
840 410 908 468 erit:
929 408 1013 467 nobis
1036 426 1101 483 ea,
1131 408 1176 466 de

156 497 258 577 quibus
273 513 441 574 queremur,
462 495 604 554 accidisse
625 493 774 553 credamus
789 501 875 569 atque
893 492 921 550 id
937 495 1031 552 animo
1048 501 1174 550 nostm

155 582 388 662 persuadeamus.
418 577 479 638 Nos
500 580 540 638 illi
555 581 658 653 simus,
679 578 884 654 quos-gravia,
904 578 1039 652 indigna,
1058 577 1172 635 tristia

154 682 258 744 passos
274 676 441 743 queremur,
462 680 518 721 nec
542 679 658 738 agamus
676 678 737 719 rem
758 661 838 737 quasi
853 659 975 719 alienam
996 660 1052 719 sed
1071 678 1170 719 assu-

155 767 262 809 mamus
276 760 429 826 parumper
442 745 521 805 illum
532 746 672 805 dolorem.
705 744 747 803 lta
765 743 902 819 dicemus,
919 745 1035 820 quaein
1047 753 1168 802 nostro

114 833 240 898 assimili
256 850 323 891 casu
339 831 441 891 dicturi
459 847 598 889 essemus.
629 827 695 887 Vidi
709 845 766 903 ego
782 845 872 904 saepe
889 828 1047 887 histriones
1064 837 1166 905 atque

156 915 330 990 comoedos,
355 932 417 974 cnm
433 931 469 971 en
485 913 580 990 aliquo
595 913 730 988 graviore
744 920 810 970 actu
825 928 978 988 personam
993 912 1164 988 deposuis-

155 1008 235 1075 sent,
257 999 360 1058 dentes
377 996 469 1057 adhuc
490 997 600 1072 egredi.
645 994 754 1068 Quodsi
774 995 802 1053 in
823 995 925 1055 alienis
944 996 1063 1072 scriptis
1090 994 1164 1054 sola

155 1076 345 1163 pronuntiatio
360 1082 399 1141 ita
415 1080 496 1139 falsis
512 1080 624 1138 accedit
639 1077 804 1139 affectibus:
825 1079 899 1154 vquid
920 1096 974 1137 nos
995 1079 1160 1154 iaciemus,

157 1169 204 1245 qni
218 1166 267 1225 illa
283 1166 412 1242 cogitare
427 1162 563 1223 debemus
585 1171 614 1221 et
633 1164 743 1221 moveri
764 1163 983 1239 periclitantium
997 1164 1065 1222 vice
1082 1179 1160 1240 pos-

114 1247 271 1315 susumus?
308 1248 366 1308 Sed
396 1249 424 1306 in
444 1247 543 1307 schola
565 1263 681 1324 qnoque
701 1245 788 1305 rebus
813 1248 884 1323 ipsis
910 1247 986 1305 allici
1012 1247 1161 1306 convenit

157 1351 264 1410 easque
279 1350 363 1391 veras
378 1331 433 1390 sihi
450 1331 575 1407 lingere,
593 1330 651 1389 hoc
663 1332 754 1405 magis
770 1330 846 1407 quod
860 1330 919 1390 illic
938 1338 969 1389 ut
984 1330 1158 1406 litigatores

156 1418 298 1493 loquimur
316 1415 494 1492 frequentius
514 1431 596 1491 quarn
619 1422 649 1473 ut
670 1413 811 1474 advocati.
857 1412 963 1472 Orbum
984 1416 1100 1489 agimus
1125 1421 1157 1471 et

155 1499 322 1575 naufragum
344 1507 373 1558 et
394 1498 617 1575 periclitantem,
639 1514 758 1574 quorum
779 1498 897 1558 induere
915 1515 1056 1575 personas
1081 1496 1154 1574 'quid
1182 1540 1190 1558 .

157 1584 267 1658 attinet,
282 1583 337 1641 nisi
350 1582 469 1642 affectus
485 1578 672 1642 assumimus?
700 1581 780 1640 llaec
790 1581 991 1640 dissimulanda
1006 1578 1075 1639 mihi
1091 1597 1151 1638 non

157 1668 286 1741 fuerunt,
305 1665 407 1744 quihus
423 1667 502 1743 ipse,
520 1673 754 1742 quantuscunque
770 1682 831 1724 sum
847 1675 894 1724 aut
909 1665 958 1740 iui,
974 1667 1150 1742 pervenisse

156 1768 202 1810 me
218 1750 252 1811 ad
268 1750 383 1828 aliquod
398 1766 501 1809 numen
520 1751 626 1825 ingenii
642 1749 744 1815 eredo;
767 1749 933 1826 frequenter
954 1757 1048 1807 motus
1072 1765 1147 1821 sum,

156 1843 186 1894 ut
201 1852 245 1893 me
260 1850 317 1894 non
332 1834 465 1895 lacrimae
480 1833 573 1894 sulum
592 1832 842 1911 deprehenderent
862 1833 915 1892 sed
930 1832 1025 1911 pallor
1039 1840 1069 1891 et
1082 1831 1147 1890 veri

157 1919 256 1979 similis
269 1918 362 1979 dolor.

578 2002 622 2051 DE
640 2000 721 2051 RISU.

239 2082 288 2143 lll.
317 2083 389 2145 Huic
409 2084 523 2144 diversa
546 2085 647 2159 uirtus,
669 2101 742 2161 quae
759 2084 868 2141 risum
883 2082 984 2142 iudicis
1002 2081 1142 2141 mouendo

157 2177 186 2227 et
202 2166 271 2226 illos
286 2170 383 2229 tristes
403 2167 489 2226 solvit
504 2167 625 2226 allectus
642 2177 671 2226 et
690 2169 811 2227 animum
827 2165 862 2226 ab
879 2168 1035 2225 intentione
1049 2183 1143 2224 rernm

157 2252 325 2328 frequenter
340 2253 442 2310 avertit
459 2258 487 2309 et
499 2250 652 2329 aliquando
669 2253 753 2310 etiam
768 2251 861 2309 reficit
876 2259 904 2308 et
919 2267 935 2308 a
950 2251 1079 2308 satietate
1092 2248 1140 2308 vel

157 2352 174 2392 a
188 2331 355 2409 fatigatione
369 2343 497 2393 renovat.
528 2334 639 2407 Quanta
654 2336 690 2394 sit
704 2343 797 2395 autem
812 2335 840 2394 in
859 2351 893 2392 ea
912 2333 1138 2407 difficultas,

156 2417 206 2476 vel
227 2415 282 2476 duo
304 2418 424 2476 manime
445 2426 592 2493 oratores,
617 2419 691 2478 alter
711 2418 839 2478 Graecae
860 2418 933 2476 alter
952 2416 1065 2477 Latinae
1079 2417 1138 2476 elo·

129 2508 145 2559 2
159 2501 291 2577 quentiae
306 2502 462 2578 principes,
480 2502 595 2562 docent.
623 2501 695 2560 Nam
705 2502 838 2580 plerique
852 2501 1038 2560 Demostheni
1052 2500 1138 2561 lacul-

156 2593 244 2642 tatem
259 2584 387 2643 defuisse
403 2584 485 2643 huius
511 2585 554 2642 rei
570 2586 706 2660 credunt,
723 2584 856 2645 Ciceroni
871 2584 994 2644 modum.
1026 2582 1137 2643 Nec‘vi·

157 2667 219 2727 deri
246 2676 343 2744 potest
368 2668 496 2730 noluisse
518 2668 747 2743 Demosthenes,
774 2671 853 2728 cuius
874 2686 965 2746 panca
993 2667 1136 2727 admodum

157 2751 233 2812 dicta
259 2770 315 2810 nec
341 2770 410 2811 sane
439 2753 544 2811 ceteris
570 2754 631 2812 eius
657 2752 806 2812 virtutibus
826 2753 1030 2830 respondentia
1049 2751 1135 2828 palam

157 2834 326 2911 ostendunt,
351 2853 409 2894 non
437 2835 619 2913 displicuisse
647 2837 689 2896 illi
710 2839 792 2895 iocos
815 2837 868 2897 sed
893 2853 950 2895 non
975 2837 1133 2911 contigisse.

129 2916 265 2980 3Noster
286 2935 358 2979 uero
378 2935 435 2978 non
455 2919 549 2979 solum
567 2929 648 2979 extra
663 2920 766 2980 iudicia
782 2920 877 2980 sedin
892 2921 963 2998 ipsis
979 2922 1060 2979 etiam
1074 2935 1133 2978 ora·

157 3002 280 3061 tionibus
307 3002 419 3063 habitus
446 3012 491 3062 est
511 3004 611 3063 nimius
631 3005 705 3062 risus
729 3004 889 3064 affectator.
925 3002 993 3062 hlihi
1017 2997 1130 3079 quidem,

157 3085 219 3142 sive
233 3085 262 3145 id
276 3096 357 3145 recte
375 3086 468 3146 iudico
489 3088 551 3146 sive
570 3104 669 3147 amore
694 3088 845 3147 immodico
866 3088 1014 3166 praecipui
1036 3087 1061 3145 in
1076 3086 1131 3145 elo·

158 3169 272 3243 quentia
286 3171 340 3228 viri
349 3169 453 3245 labor,
469 3171 538 3229 mira
554 3170 693 3247 quaedam
707 3172 735 3228 in
750 3189 786 3230 eo
801 3173 915 3235 videtur
928 3172 1018 3230 luisse
1031 3169 1130 3229 urbani·

128 3258 210 3312 atas.
237 3250 308 3310 Nam
324 3254 395 3314 etin
415 3269 546 3312 sermone
562 3253 706 3312 cotidiano
721 3255 808 3314 multa
824 3264 853 3313 et
867 3257 896 3314 in
911 3253 1129 3314 altercationibus

157 3343 186 3393 et
209 3335 418 3411 interrogandis
437 3336 557 3395 testibus
578 3337 660 3414 plura
681 3354 763 3415 quam
784 3340 933 3417 quisquam
949 3337 1018 3397 dixit
1036 3337 1127 3411 faede,

158 3428 187 3480 et
206 3420 269 3499 ipsa
291 3418 358 3497 illa,
381 3436 454 3499 quae
470 3429 536 3480 sunt
550 3422 580 3481 in
593 3420 715 3481 Verrem
729 3422 804 3483 dicta
821 3422 969 3501 frigidius,
992 3421 1051 3481 ahie
1067 3420 1127 3480 assi·
