2434 3925
134 177 176 239 52
450 189 808 249 usamentum

135 345 258 422 denique
274 346 366 405 omnia
383 344 456 403 baec
474 345 510 404 ad
529 345 680 404 utilitatem
697 361 845 404 causarum
867 345 958 405 solam
971 345 1131 409 referenda

135 437 209 488 suut.
254 426 338 487 Cultu
356 446 428 487 vero
447 437 532 505 atque
547 437 647 487 ornatu
663 447 696 487 se
716 445 832 507 quoque
856 429 1034 489 commendat
1050 433 1131 508 ipse,

136 515 184 591 qui
201 511 286 586 dicit,
303 520 332 570 et
348 515 376 571 in
389 514 494 571 ceteris
512 512 644 571 iudicium
659 511 823 587 doctorum,
842 513 870 571 in
885 512 941 572 boc
957 530 1028 572 vero
1042 517 1131 573 etiam

106 595 303 674 3popularem
320 596 433 655 laudem
453 596 533 673 petit.
572 594 636 655 Nec
656 595 776 654 fortibus
791 595 876 654 modo
896 595 949 654 sed
971 599 1057 656 etiam
1072 599 1130 657 ful·

134 678 267 756 gentibus
283 681 367 739 armis
383 679 541 757 proeliatur
561 681 589 737 in
605 697 692 738 causa
708 677 811 738 Cicero
828 678 968 747 Cornelii;
998 682 1047 759 qui
1069 699 1131 741 non

133 772 306 822 consecutus
324 772 404 821 esset
423 762 554 822 doceudo
575 762 698 822 iudicem
719 772 825 823 tantum
841 772 869 821 et
888 763 996 822 utiliter
1014 764 1131 823 demum

132 863 167 906 ac
181 845 279 906 Latine
300 849 512 926 perspicueque
534 846 673 921 diceudo,
694 855 725 905 ut
739 847 862 924 populus
878 847 1020 906 Romanus
1039 849 1129 907 admi·

132 931 270 989 rationem
295 949 374 990 suam
399 947 456 989 nou
482 930 687 989 acclamatione
713 939 818 989 tautum
841 930 894 990 sed
920 933 1004 990 etiam
1022 931 1130 1008 plausu

133 1014 326 1073 confiteretur.
366 1013 529 1078 Sublimitas
545 1014 678 1090 profecto
694 1022 723 1072 et
737 1014 946 1090 magnificentia
962 1016 1082 1074 etnitor
1100 1024 1131 1074 et

103 1100 288 1158 tauctoritas
309 1100 453 1175 expressit
475 1096 554 1156 illum
576 1098 732 1173 fragorem.
771 1096 834 1157 Nec
855 1106 911 1157 tam
930 1098 1045 1157 insolita
1064 1099 1130 1158 laus

132 1190 211 1239 esset
226 1190 382 1258 prosecuta
397 1182 556 1255 dicentem,
575 1182 599 1239 si
614 1183 716 1241 usitata
732 1190 761 1240 et
782 1183 886 1241 ceteris
907 1182 1007 1241 similis
1023 1182 1131 1241 fuisset

133 1267 236 1324 oratio.
277 1264 372 1341 Atque
396 1282 453 1341 ego
472 1264 540 1323 illos
556 1265 661 1340 credo,
680 1266 729 1342 qui
752 1264 884 1339 aderant,
910 1283 965 1324 uec
984 1268 1129 1341 sensisse,

59 1379 61 1381 v
132 1348 199 1426 quid
221 1347 366 1423 facerent,
391 1366 446 1407 nec
469 1356 573 1426 sponte
592 1349 756 1425 iudicioque
777 1349 935 1427 plausisse;
969 1350 1021 1408 sed
1046 1350 1131 1409 velut

130 1439 226 1490 mente
247 1438 348 1508 captos
368 1441 414 1506 et,
448 1448 504 1509 quo
526 1441 625 1491 esseut
646 1434 675 1491 in
704 1432 788 1507 loco,
811 1435 929 1509 ignaros
950 1434 1083 1510 erupisse
1100 1436 1131 1493 iu

130 1514 206 1590 bunc
224 1515 380 1591 voluptatis
395 1515 537 1574 affectum.

102 1610 120 1663 ὃ
214 1598 272 1657 Sed
287 1616 323 1655 ne
340 1616 445 1658 causae
461 1591 574 1676 quidem
589 1617 688 1677 parum
704 1599 816 1659 confert
830 1598 906 1658 idem
920 1598 967 1659 hic
985 1600 1129 1659 orationis

130 1689 256 1741 ornatus.
293 1679 381 1757 Nam,
405 1685 452 1760 qui
472 1682 595 1742 libenter
610 1684 740 1758 audiunt,
763 1692 792 1742 et
813 1685 904 1759 magis
925 1683 1074 1743 attendunt
1097 1693 1129 1744 et

129 1764 241 1825 facilius
254 1765 390 1841 eredunt,
405 1767 575 1845 plerumque
590 1770 653 1844 ipsa
665 1767 859 1826 delectatione
876 1769 1039 1845 capiuntur,
1053 1783 1127 1825 uon·

127 1867 269 1926 uunquam
284 1850 470 1909 admiratione
486 1850 660 1909 auferuntur.
697 1849 769 1909 Nam
788 1859 818 1909 et
833 1850 940 1909 ferrum
955 1850 1038 1909 affert
1055 1867 1127 1908 ocu·

130 1933 166 1993 lis
178 1934 298 1993 terroris
313 1934 436 2013 aliquid,
449 1943 478 1993 et
492 1933 608 1994 fulmina
623 1936 685 2011 ipsa
696 1951 754 1993 nou
768 1942 824 1994 tam
839 1951 891 1993 uos
905 1933 1126 2011 confunderent,

97 2019 154 2086 fisi
171 2019 215 2077 vis
231 2035 331 2077 eorum
345 2027 451 2078 tautum
466 2035 522 2076 nou
537 2021 621 2078 etiam
637 2020 700 2096 ipse
715 2018 813 2094 fulgor
829 2021 985 2077 timeretur.
1018 2016 1126 2077 Recte·

129 2119 186 2179 que
208 2099 311 2161 Cicero
333 2101 378 2162 his
399 2104 470 2179 ipsis
491 2101 527 2161 ad
549 2101 665 2161 Brutum
684 2100 781 2161 verbis
806 2103 927 2179 quadam
947 2103 976 2160 in
999 2101 1127 2179 epistola

129 2184 245 2244 scribit:
269 2184 349 2246 Nom
362 2187 579 2262 eloquentium,
602 2202 683 2262 quoe
696 2187 930 2246 admirationem
943 2203 1003 2245 mom
1023 2184 1127 2259 tabet,

128 2269 243 2329 nullam
261 2271 376 2330 iudico.
419 2268 548 2330 Eandem
565 2268 740 2328 Aristoteles
764 2286 879 2347 quoque
900 2267 1052 2348 petendam
1067 2285 1126 2326 ma·

127 2353 204 2411 xime
218 2361 306 2429 putat.

212 2436 270 2495 Sed
289 2435 336 2496 bic
353 2445 469 2497 ornatus
488 2437 632 2514 (repetam
646 2437 735 2515 enim)
755 2435 846 2494 virilis
863 2444 892 2494 et
910 2435 994 2495 fortis
1016 2442 1045 2494 et
1060 2453 1126 2495 san·

129 2526 192 2578 ctus
207 2520 243 2578 sit
258 2521 313 2579 nec
329 2519 516 2579 effeminatam
528 2520 675 2580 levitatem
690 2529 719 2579 et
733 2519 799 2578 fuco
816 2520 979 2578 ementitum
994 2518 1127 2577 colorem

99 2606 222 2678 iamet,
243 2605 381 2680 sanguine
403 2612 432 2663 et
455 2602 562 2662 viribus
585 2605 684 2662 niteat.
728 2603 791 2661 Hoc
811 2612 906 2697 autem
926 2602 999 2661 adeo
1025 2620 1126 2660 verum

130 2697 190 2761 est,
207 2695 252 2762 ut,
276 2705 338 2746 cum
351 2688 379 2744 in
394 2687 448 2746 hac
463 2689 590 2746 maxime
599 2695 682 2765 parte
698 2688 754 2745 sint
770 2688 864 2745 vicina
879 2685 1029 2745 virtutibus
1044 2686 1125 2760 vitia,

129 2772 228 2846 etiam,
246 2773 293 2848 qui
309 2772 384 2830 vitiis
400 2779 529 2845 utuntur,
545 2772 678 2830 virtutum
693 2781 785 2829 tamen
800 2771 835 2828 iis
850 2787 953 2828 nomen
968 2772 1125 2846 imponant.

100 2896 104 2903 ·
130 2853 226 2927 Quare
245 2872 328 2914 nemo
347 2872 384 2913 ex
400 2855 542 2931 corruptis
560 2853 650 2928 dicat,
673 2872 718 2913 me
739 2855 879 2912 inimicum
897 2871 963 2911 esse
985 2852 1062 2911 culte
1082 2850 1124 2910 di-

130 2938 269 2997 centibus.
305 2937 370 2997 Non
386 2938 459 2998 bane
476 2955 542 2997 esse
558 2939 691 2997 virtutem
711 2954 806 3014 nego,
828 2937 880 2996 sed
904 2936 961 2996 illis
985 2953 1047 2994 eam
1066 2951 1125 2994 nou

100 3021 233 3080 8tribuo.
275 3021 320 3081 An
342 3039 399 3098 ego
420 3022 535 3081 fuuduru
559 3021 709 3080 cultiorem
724 3029 837 3099 putem,
858 3023 887 3079 in
904 3036 961 3098 quo
976 3019 1043 3078 mihi
1059 3020 1123 3096 quis

130 3104 288 3164 ostenderit
302 3106 359 3165 lilia
375 3115 404 3165 et
416 3106 507 3165 violas
523 3114 552 3164 et
567 3122 737 3179 anemonas,
753 3105 848 3163 foutes
858 3112 1027 3180 surgentes,
1039 3119 1124 3179 quam

129 3187 177 3247 ubi
193 3188 278 3266 plena
292 3191 396 3249 messis
413 3198 460 3248 aut
471 3207 577 3265 graves
594 3189 688 3248 fructu
704 3189 778 3247 vites
795 3184 899 3248 erunt?
920 3186 1048 3246 sterilem
1062 3184 1124 3262 pla·

130 3281 224 3331 tanum
240 3281 395 3350 tonsasque
406 3282 515 3346 myrtos
528 3290 612 3350 quam
622 3274 748 3331 maritam
763 3271 868 3331 ulmum
883 3280 912 3330 et
922 3270 1029 3329 uberes
1041 3269 1122 3327 oleas

129 3351 382 3434 praeoptaverim?
413 3354 542 3415 Habeant
561 3355 610 3415 illa
626 3355 743 3422 divitem
767 3355 851 3422 licet;
878 3354 944 3431 quid
960 3361 1074 3425 essent,
1098 3352 1123 3410 si

105 3439 210 3501 faliud
230 3438 299 3499 nibil
318 3436 475 3499 baberent?
513 3438 655 3499 Nullusne
679 3456 749 3515 ergo
773 3439 856 3498 etiam
878 3436 1025 3514 frugiferis
1046 3434 1123 3495 adbi-
