2434 3925
358 207 450 258 msr.
462 207 611 257 ouuuoa.
623 208 692 257 mu.
709 208 762 275 1x,
774 207 801 259 1.
1036 191 1077 261 89

79 378 201 444 quoque
218 371 361 441 verteret,
380 380 479 423 omues
495 363 602 440 ligurus
619 365 648 423 in
658 361 756 423 verbis
774 367 841 422 esse
856 363 1001 433 dixeruut;
1024 364 1080 444 illi,

80 449 152 527 quia
162 446 251 509 verba
266 447 354 510 rebus
369 448 669 522 accommodarentur,
686 449 826 524 omuesjn
837 449 980 511 sensibus.
1004 448 1080 522 Qua·

79 550 146 601 rum
171 540 293 610 utraque
307 531 466 592 'manifesta
495 531 640 591 cavillatio
666 539 720 590 εει.
760 529 831 590 Nam
852 541 883 591 ut
904 532 1005 592 eadem
1024 534 1123 601 dioilo

80 616 184 677 solent
208 617 295 675 aliter
316 624 403 695 atque
425 616 524 690 aliter,
547 624 700 693 manetque
719 632 821 674 seusus
839 615 1004 676 elocutione
1021 635 1080 678 mu·

79 709 156 761 tata:
186 702 225 760 ita
250 700 341 777 ligura
362 702 521 760 sentcntiae
543 699 642 777 plures
667 698 777 758 habere
800 698 956 760 verborum
975 700 1082 778 figuras

72 792 192 864 potest.
233 782 286 843 llla
308 793 353 843 est
368 785 442 844 cuim
458 785 551 862 posita
566 785 594 842 iu
611 781 799 861 concipienda
816 786 991 860 cogitatione
1008 784 1082 846 baec

80 871 112 928 iu
139 868 326 943 enuntianda,
354 867 407 928 sed
435 868 668 946 frequentissime
691 875 811 926 coeunt:
836 877 866 927 ut
885 870 915 927 iu
935 868 993 927 hoc
1013 867 1083 930 lam

80 957 166 1026 iant,
184 951 361 1026 Dolabella,
381 968 480 1030 aeque
495 972 542 1013 me
563 953 608 1012 tui
627 966 726 1028 sueque
747 960 866 1013 tuorum
886 953 1017 1014 liberum
1031 987 1082 1014 -—.

82 1034 158 1096 Nam
169 1037 262 1095 oratio
276 1053 293 1095 a
307 1035 402 1096 iudice
417 1053 531 1113 aversa,
543 1036 572 1094 in
589 1036 746 1103 sementim
761 1037 897 1097 iamiam
908 1045 938 1095 et
953 1037 1083 1099 liberum

82 1121 114 1180 in
130 1118 229 1179 verbis
242 1128 308 1178 sunt
322 1121 479 1180 schemata.

169 1201 248 1263 luter
261 1203 399 1281 plurimos
414 1205 503 1279 enim,
523 1202 599 1281 quod
611 1203 715 1278 sciam,
732 1219 905 1262 consensum
918 1212 979 1279 est,
995 1204 1123 1272 tuas1r

83 1288 149 1349 eius
167 1304 235 1346 esse
257 1296 402 1365 partes,
432 1288 578 1363 διανοίας,
606 1287 635 1347 11
652 1295 697 1346 εει
716 1288 820 1347 mentis
840 1287 888 1347 vel
909 1306 1012 1348 sensus
1034 1290 1082 1349 vel

84 1372 309 1446 sententiarum,
325 1388 389 1431 nam
404 1372 447 1431 his
466 1371 595 1431 omuibus
611 1371 703 1431 modis
719 1371 825 1432 dictum
839 1380 900 1440 est;
924 1382 953 1432 et
972 1370 1082 1447 λέξεως,

84 1456 115 1516 11
140 1464 186 1515 εει
206 1455 361 1515 verborum
385 1455 433 1515 vel
459 1456 591 1516 dictionis
610 1455 659 1514 vel
680 1454 852 1514 elocutionis
872 1456 921 1516 vel
943 1458 1082 1516 sermonis

85 1538 136 1599 vel
162 1540 315 1606 cratiouis;
345 1548 463 1599 namet
488 1541 614 1600 variatur
641 1547 670 1598 et
694 1538 764 1598 nihil
788 1540 888 1600 refert.
931 1538 1082 1601 Cornelius
1091 1550 1125 1605 18

87 1632 183 1684 tamen
204 1622 306 1683 Celsus
334 1623 431 1683 adiicit
451 1623 550 1684 verbis
578 1631 608 1682 ct
634 1624 783 1682 sententiis
809 1623 915 1699 figuras
940 1625 1081 1699 colorum,

86 1708 172 1767 nimia
191 1707 325 1785 proiecto
350 1708 483 1767 novitatis
504 1707 659 1784 cupiditate
675 1705 786 1766 ductus.
827 1706 898 1767 Nam
916 1711 979 1785 quis
1000 1709 1082 1785 igno·

86 1809 172 1852 rasse
192 1792 331 1852 eruditum
351 1791 458 1869 alioqui
479 1792 571 1850 virum
593 1789 708 1864 credat,
736 1789 851 1850 colores
877 1800 905 1850 et
925 1794 1081 1851 sententias

87 1893 191 1935 sensus
207 1871 295 1935 esse?
333 1873 429 1947 Quare
443 1877 517 1935 sicut
532 1892 644 1934 omnem
662 1875 820 1934 orationem
830 1875 873 1935 -ita
887 1873 994 1951 figuras
1011 1892 1081 1953 quo·

87 1978 146 2039 qne
158 1961 270 2020 versari
286 1977 409 2019 necesse
425 1969 470 2020 est
483 1961 512 2021 ln
525 1977 612 2019 seusu
629 1966 658 2018 ει
672 1960 701 2018 iu
714 1957 821 2018 verbis.

172 2043 210 2104 Ut
234 2061 306 2103 vero
331 2054 430 2105 natura
453 2047 533 2122 prius
549 2052 601 2103 -est
626 2045 782 2120 concipere
807 2042 899 2103 animo
925 2060 974 2103 res
1000 2052 1125 2121 quam19

89 2128 251 2188 enuntiare:
276 2130 316 2188 ita
341 2128 378 2187 de
404 2130 439 2188 iis
465 2128 563 2205 liguris
581 2136 647 2187 aute
673 2136 718 2186 εει
733 2126 924 2205 loquendum,
954 2143 1028 2205 qnae
1046 2126 1081 2187 ad

86 2219 212 2272 mentem
230 2213 387 2290 pertiueut;
415 2229 532 2291 quarum
553 2211 667 2289 quidem
687 2211 794 2270 utilitas
819 2229 881 2271 cnm
901 2229 1003 2288 magna
1023 2218 1082 2271 tum

87 2295 240 2374 multiplex
259 2298 288 2355 in
302 2295 382 2355 nullo
401 2313 458 2355 nou
478 2297 616 2355 orationis
635 2313 726 2374 opere
746 2295 795 2356 vel
813 2295 971 2356 clarissime
991 2294 1079 2354 lucet.

88 2379 160 2440 Nam
171 2381 225 2439 etsi
240 2381 352 2441 minime
364 2380 476 2439 videtur
487 2381 633 2458 pertinere
648 2378 907 2457 adprobationem,
922 2397 978 2458 qua
989 2378 1081 2456 ligura

89 2464 214 2543 quidque
235 2464 360 2525 dicatur:
384 2464 453 2524 iacit
467 2473 562 2524 tamen
576 2463 739 2539 credibilia,
762 2482 837 2542 quae
852 2463 986 2540 dicimus,
1010 2472 1040 2522 at
1053 2463 1082 2522 iu

89 2549 197 2608 animos
212 2548 352 2622 iudicum,
369 2566 425 2626 qua
439 2566 496 2607 nou
510 2548 697 2624 observatur,
715 2548 826 2626 irrepit.
865 2546 993 2626 Namque
1008 2555 1038 2606 ut
1053 2548 1124 2612 inno

89 2649 229 2695 armorum
247 2633 401 2691 certamine
417 2633 556 2692 adversos
571 2632 645 2691 ictus
661 2641 690 2691 et
706 2640 801 2692 rectas
815 2649 850 2692 ac
861 2633 1005 2711 simplices
1024 2647 1082 2688 ma·

90 2733 142 2775 nus
162 2733 227 2775 cum
245 2716 345 2776 videre
359 2723 418 2775 tum
435 2718 520 2776 etiam
541 2732 647 2776 cavere
665 2733 700 2775 ac
724 2715 896 2795 propulsare
918 2714 1003 2774 facile
1025 2720 1081 2788 εει,

89 2817 211 2860 aversae
231 2808 384 2877 tectaeque
405 2801 496 2859 miuus
517 2808 582 2858 sunt
606 2799 823 2875 observabiles,
843 2807 872 2858 et
893 2797 969 2858 aliud
985 2805 1081 2856 osteu-

90 2884 183 2958 disse,
206 2901 290 2962 quam
310 2893 411 2961 petas,
434 2884 503 2943 artis
526 2892 586 2942 est:
611 2886 654 2943 sic
673 2885 782 2958 oratio,
808 2898 883 2959 quae
905 2889 967 2940 astu
990 2888 1080 2954 caret,

91 2967 219 3047 pondere
243 2967 329 3027 modo
350 2976 379 3028 ει
402 2965 525 3045 impulsu
543 2968 717 3044 proeliatur:
743 2965 886 3043 simulanti
905 2965 1082 3042 variantique

90 3059 209 3112 conatus
226 3052 254 3111 iu
270 3051 361 3112 latera
376 3059 461 3129 atque
479 3051 506 3109 in
521 3059 605 3127 terga
620 3051 768 3110 incurrere
782 3049 863 3109 datur
878 3057 907 3107 et
920 3065 997 3108 arma
1013 3066 1081 3107 avo·

91 3152 157 3196 care
181 3143 211 3194 et
234 3134 315 3195 velut
338 3145 406 3195 nutu
433 3134 546 3195 lallare.
589 3133 650 3195 Iam
671 3151 743 3193 vero
764 3133 885 3192 affectus
902 3130 970 3192 nihil
989 3132 1079 3209 magis
1088 3142 1123 3199 21

90 3218 175 3278 ducit.
219 3216 291 3278 Nam
304 3220 328 3277 si
342 3219 439 3294 frons,
455 3218 548 3293 oculi,
563 3236 662 3280 marrus
676 3218 792 3277 multum
806 3214 840 3276 ad
855 3225 961 3275 motum
976 3218 1080 3276 animo-

90 3320 150 3362 rum
169 3302 283 3363 valent:
306 3297 412 3381 quanto
427 3303 492 3381 plus
508 3303 645 3362 orationis
660 3302 750 3377 ipsius
767 3300 863 3360 vultus
883 3298 977 3374 adid,
1005 3295 1081 3377 quod

92 3385 209 3446 efficere
230 3386 390 3462 tendimus,
414 3382 612 3465 compositus?
659 3384 811 3445 Plurimum
830 3392 924 3444 tamen
945 3384 980 3443 ad
1004 3400 1080 3442 com·

91 3469 298 3532 mendationem
314 3470 399 3546 iacit,
415 3470 478 3529 siva
493 3471 522 3530 lu
542 3467 727 3532 conciliandis
742 3468 854 3545 agentis
870 3466 997 3527 moribus
1018 3465 1089 3525 sive'

134 3560 140 3576 '
405 3562 409 3589 l
