2434 3925
158 178 200 242 ut
470 195 507 241 u.
525 193 603 240 rus.
623 193 845 252 cururmunut

158 346 333 422 erraverint,
360 348 454 407 statim
471 348 667 425 corrigentur;
692 356 720 406 at
736 346 867 407 indoctus
883 319 1036 407 illc'etiam
1050 347 1160 425 proba·

157 432 199 492 bit
214 433 340 491 fortasse
354 432 459 492 vitiosa
477 441 505 491 et
521 432 641 509 placere
663 431 843 491 audientibus
863 432 969 491 iudicio
985 448 1039 491 suo
1056 441 1158 508 coget.

118 517 201 580 lusit
216 531 289 593 ergo
303 523 361 575 tam
378 515 544 595 eloquentia
560 534 644 594 quam
661 515 788 574 moribus
804 517 1085 593 praestantissimus,
1110 518 1161 594 qui

158 600 194 660 ad
210 600 363 661 Phoenicis
377 599 522 660 Homerici
537 600 702 677 exemplum
718 600 818 660 dicere
834 618 869 660 ac
883 601 984 660 iacere
998 600 1114 660 doceat.

248 753 292 803 ott
308 753 419 805 Puluis
437 754 524 805 APUD
542 752 721 803 RHETOREM
739 753 1061 805 uxuucuuuuuoutuus

241 849 290 909 tv.
318 849 391 910 lliuc
406 851 476 925 iam,
496 867 567 928 quas
583 851 690 929 primas
708 848 883 908 inducendo
900 858 998 927 partes
1010 849 1160 910 rhetorum

158 942 266 1013 putem,
281 935 398 995 tradere
414 935 558 1012 incipiam,
574 933 663 994 dilata
677 951 833 1012 parumper
844 933 893 992 illa
906 951 981 1012 quae
993 933 1056 993 sola
1068 934 1160 1011 vulgo

157 1025 279 1079 vocatur
294 1027 358 1078 arte
372 1018 528 1079 rhetorica.
563 1017 608 1078 Ac
624 1018 692 1084 mibi
709 1027 889 1096 opportunus
907 1020 1030 1077 maxime
1043 1018 1161 1077 videtur

157 1101 306 1179 ingressus
322 1102 359 1162 ab
377 1121 424 1178 eo,
444 1105 524 1163 cuius
542 1102 650 1181 aliquid
669 1102 761 1179 simile
777 1103 852 1180 apud
865 1104 1069 1179 grammaticos
1085 1121 1161 1181 puer

130 1186 302 1249 tdidicerit.
341 1186 379 1247 Et
400 1189 466 1267 quia
486 1190 695 1261 narrationum,
714 1195 842 1265 'excepta
865 1204 921 1265 qua
948 1189 976 1244 in
992 1188 1087 1245 causis
1104 1188 1159 1245 uti·

158 1288 230 1345 mur,
249 1280 309 1331 tres
326 1273 491 1350 accepimus
507 1273 638 1350 species,
655 1270 796 1344 fabulam,
816 1289 890 1350 quae
907 1279 1040 1329 versatur
1057 1272 1085 1329 in
1100 1279 1158 1330 tra·

157 1354 271 1431 goediis
289 1363 376 1433 atque
400 1355 587 1430 carminibus,
609 1373 667 1415 nou
690 1373 706 1415 a
727 1356 850 1414 veritate
866 1354 952 1413 modo
970 1354 1126 1415 sedetiam
1143 1373 1159 1414 a

158 1439 250 1498 torma
265 1440 395 1498 veritatis
410 1449 534 1507 remota;
550 1450 765 1517 argumentum,
787 1439 866 1517 quod
886 1438 989 1498 falsum
1011 1440 1064 1499 sed
1084 1456 1158 1498 vero

158 1523 252 1581 simile
274 1524 444 1583 comoediae
467 1524 586 1601 lingunt3
608 1524 773 1598 historiam,
795 1525 902 1602 inqua
927 1532 972 1581 est
993 1532 1097 1600 gestae
1115 1524 1158 1581 rei

159 1608 320 1684 expositio;
339 1609 532 1684 grammaticis
548 1617 643 1667 autem
657 1609 790 1687 poeticas
806 1607 951 1668 dedimus:
969 1607 1044 1684 apud
1060 1607 1157 1666 rheto-

157 1708 219 1749 rem
240 1692 346 1751 iuitium
369 1693 407 1751 sit
426 1693 628 1768 historica,
651 1702 730 1752 tanto
752 1692 899 1751 robustior
920 1701 1027 1768 quanto
1047 1694 1156 1752 verior.

129 1775 217 1841 ssed
232 1776 366 1836 narrandi
384 1777 499 1856 quidem
516 1794 591 1856 quae
607 1776 691 1836 uobis
709 1778 816 1855 optima
831 1777 905 1835 ratio
921 1775 1071 1851 videatur,
1098 1785 1158 1835 turn

158 1858 432 1936 demonstrabimus,
457 1879 520 1920 cum
541 1860 578 1920 de
601 1861 729 1932 iudiciali
750 1870 833 1939 parte
855 1859 994 1919 dicemus.
1041 1859 1158 1919 interim

157 1943 314 2007 admonere
330 1945 401 2006 illud
417 1954 460 2006 sat
473 1954 535 2021 est,
557 1954 588 2005 ut
612 1947 649 2006 sit
670 1965 705 2007 ca
722 1964 818 2024 neque
834 1943 914 2004 arida
930 1960 1050 2022 prorsus
1068 1954 1156 2023 atque

157 2029 268 2106 ieiuna,
287 2031 374 2109 (nam
398 2031 465 2111 quid
491 2049 564 2108 opus
587 2039 650 2091 erat
672 2040 779 2090 tantum
801 2030 901 2090 studiis
923 2028 1031 2088 laboris
1047 2031 1156 2108 impen-

157 2113 239 2190 dere,
258 2116 282 2173 si
297 2133 346 2174 res
362 2116 451 2174 uudas
468 2125 555 2194 atque
571 2117 717 2174 inornatas
733 2115 861 2175 iudicare
879 2114 948 2172 satis
970 2111 1156 2194 ridereturi)

156 2213 253 2277 neque
274 2216 373 2257 rursus
396 2200 513 2258 sinuosa
534 2209 563 2258 et
584 2200 733 2259 arcessitis
753 2197 1013 2275 descriptionibus,
1039 2198 1068 2256 iu
1083 2217 1156 2277 quas

131 2283 291 2361 aplerique
307 2283 463 2342 imitatione
479 2285 614 2361 poeticae
627 2284 762 2343 licentiae
773 2282 923 2356 ducuntur,
942 2282 1082 2342 lasciviat,
1106 2280 1156 2341 Vi·

158 2367 226 2426 tium
238 2375 404 2445 utrumque;
423 2369 505 2446 peius
519 2377 614 2428 tamen
628 2368 709 2443 illud,
723 2368 801 2446 quod
817 2386 854 2426 ex
869 2368 965 2445 iuopia
982 2383 1066 2444 quam
1078 2367 1156 2445 quod

159 2469 197 2510 ex
212 2451 297 2529 copia
312 2452 399 2510 venit.
430 2450 502 2511 Nam
518 2453 545 2511 iu
561 2453 659 2531 pueris
677 2454 771 2512 oratio
786 2452 919 2530 perfecta
935 2468 989 2511 uec
1006 2452 1084 2527 exigi
1100 2469 1155 2510 nec

158 2536 270 2614 sperari
285 2544 400 2613 potest;
422 2536 525 2596 melior
547 2546 642 2596 autem
663 2536 775 2596 indoles
797 2537 874 2595 laeta
890 2537 1086 2613 generosique
1105 2552 1154 2594 co·

129 2625 239 2679 tuctus
256 2628 284 2678 et
297 2619 344 2678 vel
361 2620 444 2698 plura
461 2622 536 2679 iusto
555 2622 724 2698 concipiens
739 2622 851 2680 interim
867 2621 994 2698 spiritus.
1025 2618 1089 2677 Nec
1105 2638 1156 2677 uu·

158 2721 242 2782 quam
257 2722 303 2763 me
321 2704 407 2763 iubis
424 2704 563 2775 discentis
579 2707 659 2764 aunis
676 2705 819 2779 offendat,
842 2703 949 2782 siquid
967 2703 1154 2781 superfuerit.

158 2786 232 2861 Quin
248 2788 318 2866 ipsis
330 2787 498 2848 doctoribus
513 2788 571 2848 boc
587 2808 654 2848 esse
670 2790 871 2863 curae'velim,
889 2797 919 2847 ut
931 2796 1047 2847 teneras
1061 2787 1156 2847 adbuc

156 2880 267 2932 mentes
283 2889 364 2931 more
387 2875 527 2932 nutricum
548 2873 664 2932 mollius
682 2875 759 2934 alant
776 2883 806 2933 et
823 2874 920 2933 satiari
935 2872 1016 2931 velut
1030 2870 1157 2949 quodam

156 2956 330 3027 iucundioris
348 2956 517 3035 disciplinae
533 2957 609 3017 lacte
627 2960 780 3035 patiantur.
813 2958 875 3018 Erit
897 2955 967 3017 illud
983 2955 1097 3034 plenius
1113 2956 1155 3013 in·

156 3040 239 3100 terim
255 3057 379 3120 corpus,
401 3042 477 3120 quod
499 3059 567 3100 mox
583 3042 680 3102 adulta
696 3052 775 3102 aetas
796 3043 944 3119 astringat.
989 3039 1062 3098 lliuc
1084 3057 1156 3117 spes

127 3123 281 3185 broboris.
313 3124 435 3186 blaciem
451 3143 574 3204 namque
591 3134 621 3185 et
636 3125 826 3186 infirmitatem
847 3129 1039 3205 inposterum
1054 3124 1173 3185 minari·

156 3208 234 3268 solet
254 3211 384 3287 protinus
409 3210 539 3269 omnibus
562 3209 696 3269 membris
719 3229 878 3289 expressus
901 3211 1003 3270 inians.
1041 3207 1156 3266 Audeat

155 3293 229 3353 haec
251 3301 332 3352 aetas
353 3293 436 3371 plura
457 3303 487 3353 ct
508 3294 634 3354 iuveniat
656 3303 685 3353 et
706 3295 830 3355 inventis
847 3295 988 3372 gaudeat,
1011 3292 1068 3349 siut
1083 3290 1155 3351 licet

156 3377 207 3438 illa
221 3394 279 3437 uon
296 3378 367 3436 satis
382 3380 461 3437 sicca
477 3379 589 3436 iuterim
606 3396 641 3437 ac
656 3396 770 3438 severa.
806 3378 907 3439 Facile
929 3375 1086 3437 remedium
1108 3384 1154 3434 est

128 3462 310 3532 iubentutis;
330 3462 440 3523 sterilia
454 3462 534 3522 nullo
551 3461 652 3522 labore
668 3463 828 3523 vincuntur.
859 3463 913 3524 llla
930 3462 997 3522 mihi
1009 3461 1037 3518 in
1053 3460 1153 3537 pueris
