2434 3925
307 212 396 262 ruso.
411 212 559 261 onuuon.
571 212 640 260 uns.
652 213 702 278 111,
713 210 739 265 o.
758 210 784 265 7.
985 200 1040 262 131

45 368 159 431 redire
174 368 284 437 liceat·
305 367 394 429 teres
406 385 482 431 som.
524 364 602 426 ldem
617 374 718 442 status,
735 369 782 446 qui
798 370 827 427 in
841 368 1043 446 petitione-ab·

45 452 155 519 dieati;
192 453 337 530 quaeritur
359 451 449 527 euim,
481 468 523 510 on
544 452 640 528 possit
662 469 729 512 esee
752 453 842 513 terea
870 451 1043 514 obdicetur.

46 535 196 596 Obiieitur
215 537 400 595 communiter
426 552 443 594 a
467 533 593 608 duobus,
622 533 736 596 ltedire
757 537 841 597 sits·
828 557 860 597 ιιι
879 537 1028 614 fomrlrom
1036 548 1087 600 102
1126 597 1127 604 ,

46 640 110 683 noo
126 621 208 692 lieet
224 639 284 680 oon
299 621 377 681 enim
393 627 484 697 poter
497 620 563 679 sine
576 618 681 678 tiberis
695 620 834 680 decessit.
871 621 953 681 Sed
944 640 972 681 ιιι
987 621 1045 681 hoo

47 705 172 783 propria
190 706 311 782 quisque
327 721 425 762 eorum
443 705 612 781 quaestione
627 704 741 761 nitetur.
772 702 857 763 Alter
868 708 941 764 enim
956 705 1043 778 diest

48 788 216 848 abdicatum
236 804 352 865 quoque
374 790 448 845 inter
464 787 572 846 liberos
590 803 675 860 esse,
698 795 727 845 et
749 798 943 864 argumentum
958 789 1045 848 ducet

48 891 88 932 ex
103 873 187 950 ipsa,
205 889 259 948 qua
275 870 444 949 repellitur‚'
460 869 542 947 lege;
559 887 768 947 supervacuum
783 873 856 931 enim
872 872 962 932 luisse
977 889 1043 952 pro-

47 955 146 1016 hiberi
163 957 251 1032 patris
272 954 355 1013 bonis
378 953 555 1028 abdicatum,
579 956 603 1012 si
630 962 710 1013 esset
732 971 850 1015 numero
872 957 1044 1024 alienorum;

48 1058 128 1099 nuno
145 1038 276 1117 quintilli
292 1042 353 1098 iure
371 1039 480 1097 iuturus
502 1038 588 1096 luerit
608 1039 735 1098 intestati
755 1038 860 1115 lueres,
884 1043 1046 1119 oppositam

50 1141 120 1183 esse
138 1122 252 1200 legem,
275 1140 348 1201 quae
367 1131 461 1181 tamen
478 1139 535 1180 non
549 1122 578 1181 id
594 1121 716 1198 efficiat,
737 1123 773 1182 n'e
792 1124 867 1183 lilius
883 1127 920 1183 sit
941 1125 1044 1184 sedne

49 1207 151 1267 lueres.
184 1208 279 1266 Status
297 1206 430 1281 finitivus,
448 1203 529 1279 Quid
543 1207 581 1266 sit
592 1205 698 1283 filios?
727 1205 838 1268 Rursus
854 1209 957 1268 nothus
974 1210 1088 1269 eis-103

51 1289 117 1350 dem
135 1289 247 1366 colligit
262 1291 453 1367 argumentis,
479 1306 535 1347 non
551 1291 612 1347 sine
628 1288 728 1350 liberis
744 1301 853 1370 patrem
870 1293 1045 1364 decessisse,

53 1373 158 1451 quibus
174 1375 203 1433 in
218 1375 356 1451 petitione
372 1391 439 1431 usus
459 1383 513 1448 est,
527 1382 558 1432 ut
575 1372 714 1451 probaret
731 1394 798 1435 esse
810 1395 843 1436 se
858 1377 954 1436 lilium.
984 1376 1047 1435 Nisi

53 1458 130 1517 lorte
147 1466 176 1516 et
192 1457 239 1516 hio
257 1457 410 1516 linitionem
426 1466 538 1528 movet,
560 1452 608 1517 An
629 1459 718 1521 liberi
737 1462 797 1520 sint
817 1461 907 1521 etiam
925 1479 986 1520 ooo
1004 1462 1046 1521 te-

52 1542 172 1619 pitr'mi?
203 1537 312 1600 Cadent
335 1557 407 1618 ergo
428 1544 456 1600 in
480 1559 562 1601 unam
578 1545 804 1603 controversiam
818 1543 866 1603 vel
882 1544 1049 1622 specialiter

56 1625 111 1685 duo
141 1624 261 1702 legitimi
287 1635 377 1684 status
400 1627 502 1703 scripti
529 1633 557 1684 et
582 1628 739 1687 uoluntatis
761 1636 790 1686 et
811 1627 997 1704 syllogismos
1019 1635 1048 1686 et

55 1719 209 1786 praeterea
225 1708 323 1784 linitio,
341 1709 464 1769 veltres
480 1708 533 1784 illi,
552 1714 599 1790 qui
614 1721 713 1771 natura
725 1711 780 1770 soli
792 1720 865 1785 sunt,
882 1714 1048 1770 coniectura

54 1794 209 1871 inscripto
225 1801 254 1851 st
272 1793 430 1868 voluntate,
451 1794 574 1872 qualitas
591 1798 620 1854 in
635 1795 824 1871 syllogismo,
841 1803 886 1870 et,
904 1813 977 1872 quae
995 1811 1048 1872 per
1153 1815 1156 1819 “

55 1895 88 1936 se
103 1885 151 1936 est
167 1885 284 1954 aperta,
302 1877 402 1936 linitio.

131 1957 234 2022 'Causa
248 1979 363 2040 quoque
380 1971 408 2021 et
420 1961 558 2024 iudicatio
575 1973 604 2023 et
617 1965 765 2024 continens
788 1971 832 2021 est
847 1964 876 2021 in
891 1963 965 2022 omni
979 1970 1091 2037 ge·104

55 2064 125 2107 nere
141 2063 299 2105 oausamm.
330 2045 409 2108 Nihil
426 2051 499 2108 enim
511 2050 624 2122 dicitur,
642 2050 686 2107 oui
701 2064 758 2106 non
772 2048 838 2106 insit
853 2049 926 2106 ratio
945 2054 974 2104 et
991 2063 1047 2122 quo

55 2131 190 2191 iudicium
204 2129 347 2189 referatur
364 2142 392 2192 et
408 2133 485 2211 quod
506 2150 566 2191 rem
583 2135 704 2191 maxime
720 2133 874 2191 contineat.
909 2130 968 2190 Sed
983 2130 1049 2206 quia

56 2217 148 2293 magis
172 2213 246 2273 haee
272 2214 419 2275 variantur
439 2218 467 2275 in
491 2215 586 2276 litibus
612 2226 641 2275 et
660 2217 724 2275 lere
742 2215 845 2275 tradita
862 2223 927 2273 sunt
949 2212 984 2273 ab
1001 2214 1048 2288 iis,

57 2300 103 2376 qui
118 2298 157 2358 de
174 2296 356 2360 iudicialibus
372 2302 466 2359 causis
484 2300 579 2378 aliqua
596 2308 829 2378 composuerunt,
848 2300 875 2357 in
891 2299 969 2358 illam
983 2314 1049 2376 par-

57 2389 112 2524 heim
132 2381 435 2459 trassamundum,
456 2385 522 2489 quia
536 2387 566 2444 in
579 2386 632 2444 tria
648 2401 757 2461 genera
772 2401 873 2443 oausas
889 2383 984 2456 divisi,
1003 2397 1048 2440 or·

85 2483 152 2525 uem
167 2481 283 2544 sequar

233 2584 237 2592 ’
294 2620 337 2669 oo
355 2619 465 2671 uuunu
484 2620 525 2669 ιιι
542 2619 814 2674 vrnuounuuronu.

134 2705 205 2776 vu.
235 2716 280 2776 Ae
295 2718 473 2794 potissimum
487 2717 621 2793 incipiam
637 2716 673 2775 ab
689 2733 740 2792 ea,
757 2733 831 2794 quae
846 2722 959 2775 constat
974 2713 1050 2772 lan·

60 2797 99 2857 de
120 2818 156 2859 ae
180 2801 473 2878 vituperatione.
511 2798 595 2872 Quod
622 2818 714 2877 genus
741 2800 854 2860 videtur
874 2797 1051 2857 Aristoteles

60 2891 144 2960 atque
166 2901 231 2942 eum
250 2892 368 2943 secutus
386 2882 603 2961 Theophrastus
622 2891 737 2962 aparte
752 2882 907 2960 negotiali,
930 2880 987 2939 hoo
1006 2889 1052 2939 est

58 2970 254 3049 πραγματικῇ,
263 2968 423 3027 removisse
436 2976 581 3045 totamque
590 2967 626 3027 ad
638 2968 720 3027 solos
731 2969 876 3028 auditores
887 2963 1051 3040 relegam,

61 3059 90 3109 et
108 3051 136 3110 ld
157 3051 219 3109 eius
237 3052 376 3125 nominis,
399 3051 477 3129 quod
498 3050 534 3110 ab
552 3053 745 3111 ostentatione
759 3050 881 3124 ducitur,
904 3050 1052 3126 proprium

17 3136 20 3209 l
60 3142 112 3193 est.
145 3133 204 3194 Sed
223 3152 286 3193 unos
304 3134 450 3194 Romanus
472 3136 557 3195 etiam
577 3137 703 3212 negotiis
725 3134 782 3194 hoo
801 3150 901 3192 munus
921 3133 1079 3192 inseruitu

18 3238 19 3241 ¹
59 3215 128 3276 Nam
150 3227 178 3277 et
202 3218 340 3278 funebres
362 3218 542 3279 laudationes
562 3220 689 3297 pendent
710 3217 879 3295 frequenter
898 3234 936 3276 ex
953 3216 1051 3293 aliquo

19 3300 175 3378 publico
191 3302 289 3362 oilioio
306 3311 392 3380 atque
409 3320 447 3363 ex
462 3301 713 3363 senatusoousulto
732 3300 945 3378 magistratibus
961 3315 1053 3377 saepe

21 3385 240 3469 mandantur,
258 3395 287 3445 et
303 3386 421 3446 laudare
437 3396 541 3447 testem
555 3386 604 3446 vel
620 3394 719 3445 eontra
737 3387 863 3462 pertinet
878 3385 913 3445 ad
926 3399 1051 3442 momen·

21 3490 23 3603 ι1
21 3474 114 3528 tum
137 3469 324 3547 iudiciorum,
347 3471 461 3548 stipsis
478 3472 563 3530 etiarn
579 3472 638 3528 reis
654 3469 722 3529 dare
739 3466 1007 3587 laudatorepſtricet,
1023 3472 1053 3527 et

23 3654 25 3713 l
