2434 3925
287 180 823 251 nisu.onnuos.n1s.t¹‚a.a.4.5.
996 168 1054 232 193

65 353 116 406 aut
135 337 346 418 inveniendum,
369 341 445 420 quod
467 356 571 400 causae
592 348 696 417 postea
717 341 885 399 accesserit.
927 337 1084 413 Quorumt

64 430 91 489 si
112 427 183 487 nihil
205 430 274 487 erit:
297 426 366 485 licet
387 436 480 485 tamen
495 424 593 484 dicere
613 423 717 483 multos
733 423 901 484 iudiciorum
917 443 1001 484 casus
1019 426 1055 487 ad

64 514 163 589 inique
189 506 428 589 pronuntiandum
454 507 553 567 valere
581 507 706 585 ideoque
730 507 888 567 damnatum
909 508 1054 585 Rutilium,

65 595 217 656 absolutos
239 592 370 653 Clodium
389 602 476 670 atque
494 590 652 651 Catilinam.
687 590 819 668 Rogandi
835 593 919 651 etiam
934 594 1054 669 iudices,

64 688 96 739 ut
123 696 184 738 rem
211 681 307 757 potius
334 679 495 736 intueantur
515 677 622 753 ipsam,
649 693 733 753 quam
759 676 930 735 iuriiurando
960 677 1054 737 alieno

64 781 148 823 suum
166 764 283 823 donent.
327 761 475 820 Adversus
491 759 622 819 consulta
644 767 738 818 autem
751 768 867 817 senatus
886 769 916 819 et
937 761 1082 826 decretas

64 848 225 926 principum
245 845 294 904 vel
316 847 529 922 magistratuum
548 842 706 902 remedium
726 842 833 902 nullum
854 852 914 919 est,
934 847 988 903 nisi
1008 852 1056 904 aut

63 932 180 991 inuenta
199 928 446 1008 quantulacunque
463 944 567 987 causae
583 927 743 986 differentia
759 934 807 986 aut
825 926 919 1005 aliqua
935 928 982 987 v'el
1005 945 1055 987 eo·

61 1013 184 1074 rundem
209 1013 258 1073 vel
290 1013 416 1072 eiusdem
444 1013 597 1089 potestatis
619 1009 761 1084 homiuum
782 1013 927 1087 posterior
949 1014 1055 1072 consti·

62 1099 148 1173 tutio,
167 1115 240 1176 quae
255 1098 292 1156 sit
306 1097 395 1175 priori
411 1097 567 1163 eontraria;
587 1111 661 1172 quae
680 1094 706 1153 si
719 1093 849 1170 deerunt,
865 1095 901 1155 lis
918 1112 975 1155 non
990 1098 1053 1155 erit.

344 1262 387 1312 DE
406 1262 496 1312 FAMA
511 1260 619 1320 ATQUE
637 1260 780 1313 RUMORE.

148 1356 198 1418 ΠΙ.
230 1358 370 1420 Famam
391 1369 477 1437 atque
497 1375 663 1418 rumores
686 1376 754 1437 pars
770 1359 860 1420 altera
884 1377 1055 1420 consensum

64 1442 189 1504 civitatis
205 1453 233 1503 et
250 1444 330 1503 velut
344 1443 488 1522 publicum
509 1445 701 1502 testimonium
715 1453 817 1519 vocat,
839 1444 930 1504 altera
945 1462 1054 1504 sermo·

62 1545 131 1587 nem
146 1529 207 1586 sine
224 1526 284 1588 ullo
298 1535 378 1587 certo
391 1537 508 1586 auctore
521 1526 692 1605 dispersum,
711 1529 756 1586 cui
772 1527 933 1604 malignitas
947 1528 1054 1588 initium

63 1612 191 1686 dederit,
213 1613 417 1671 incrementum
434 1610 603 1678 credulitas;
626 1609 702 1686 quod
714 1611 785 1670 nulli
799 1628 856 1669 non
873 1615 957 1675 etiam
974 1614 1053 1672 inno-

65 1697 230 1756 centissimo
242 1697 335 1774 possit
345 1695 478 1755 accidere
490 1694 776 1754 fraudciuimicorum
788 1692 1052 1772 falsavulgantium.

63 1779 205 1858 Exempla
219 1782 351 1857 utrinque
370 1796 428 1838 non
442 1778 571 1839 deerunt.

430 1944 472 1997 DE
488 1944 685 1997 tondendus.

147 2045 197 2104 tv.
228 2045 308 2105 Sicut
328 2047 356 2105 in
377 2046 571 2105 tormentis
596 2061 729 2125 qucum,
758 2046 805 2122 qui
826 2053 870 2103 est
890 2045 972 2104 locus
995 2045 1053 2104 ire·

65 2131 283 2210 cluentissimus,
306 2147 369 2188 curu
390 2146 457 2208 pars
476 2126 567 2188 altera
584 2131 781 2210 quaestionem
799 2147 868 2188 vera
883 2128 989 2188 fatendi
1003 2147 1052 2187 ne·

65 2215 231 2273 cessitatem
244 2222 342 2288 vocet,
364 2214 454 2273 altera
475 2231 565 2291 saepe
592 2215 677 2272 etiam
699 2231 814 2272 oausam
835 2212 907 2273 ialsa
929 2212 1052 2288 dicendi,

65 2297 142 2375 quod
165 2297 229 2356 aliis
252 2299 387 2375 patientia
409 2297 495 2358 facile
517 2297 802 2357 mendacium-faciat
822 2297 885 2357 aliis
906 2297 1053 2356 infirmitas

63 2382 269 2441 necessarium.
300 2380 374 2454 Quid
390 2384 490 2441 attinet
505 2381 540 2441 de
555 2381 599 2441 his
614 2378 717 2459 plura?
746 2381 852 2442 Plenae
868 2390 933 2440 sunt
948 2384 1052 2441 oratio-

64 2482 116 2524 nes
138 2474 268 2524 veterum
290 2482 324 2524 ac
344 2482 493 2524 novorum.
544 2464 691 2538 Quaedam
720 2473 814 2525 tamen
844 2467 871 2526 in
894 2465 948 2525 hac
969 2473 1079 2545 pariet

65 2557 147 2608 erunt
158 2551 275 2627 propria
288 2550 425 2627 cuiusque
437 2549 503 2608 litis.
533 2548 604 2609 Nam
617 2551 679 2608 sive
692 2548 727 2608 de
739 2548 869 2609 habenda
885 2552 1054 2628 quaestione

64 2640 181 2709 agetur:
204 2632 354 2711 plurimum
365 2635 504 2709 intererit,
524 2635 586 2712 quis
602 2642 632 2694 et
647 2650 731 2711 quem
746 2632 874 2712 postulet
893 2633 1054 2693 antoderat
1083 2711 1085 2716 Α

65 2724 95 2774 et
117 2717 146 2774 in
166 2734 250 2793 quem
272 2725 301 2775 et
323 2736 360 2776 ex
381 2734 437 2795 qua
457 2735 558 2784 causa;
583 2718 646 2776 sive
665 2719 720 2776 iarn
744 2719 798 2777 erit
815 2717 924 2780 habita:
947 2721 1010 2796 quis
1027 2719 1056 2775 ei
1130 2713 1132 2722 ‘

65 2799 234 2877 praefuerit,
253 2801 315 2878 quis
332 2810 360 2860 et
376 2800 519 2882 quomodo
534 2802 571 2860 sit
586 2809 690 2875 tortus,
704 2800 881 2861 incredibilia
898 2802 1002 2860 dixerit
1019 2818 1054 2859 an
1073 2825 1077 2830 ’

64 2884 186 2942 intense
206 2887 379 2960 constantia,
396 2886 631 2963 perseveraverit
644 2886 672 2943 in
688 2901 741 2960 eo,
758 2884 834 2968 quod
849 2893 1001 2962 coeperat,
1018 2902 1053 2944 an

63 2967 171 3045 aliquid
187 2967 288 3028 dolore
303 2969 426 3044 mutarit,
445 2969 534 3047 prima
545 2978 627 3047 parte
644 2970 819 3047 quaestionis
830 2986 866 3027 an
876 2971 1053 3047 procedente

64 3052 204 3112 cruciatu.
240 3052 321 3125 Quae
337 3055 468 3131 utrinque
486 3062 541 3113 tam
563 3053 670 3112 infinita
694 3061 759 3113 sunt
781 3069 864 3130 quam
879 3055 942 3131 ipsa
957 3071 1053 3113 rerum

61 3135 200 3196 varietas.
652 3177 654 3180 .

454 3251 496 3301 DE
515 3250 665 3303 TABULIS.

146 3344 182 3401 V.
214 3342 321 3405 Contra
339 3345 482 3405 tabulas
500 3364 616 3425 quoque
632 3364 722 3425 saepe
738 3347 887 3407 dicendum
903 3355 965 3422 est,
990 3364 1053 3406 cnm

63 3429 298 3579 aesopum?
318 3429 414 3489 reielli
434 3430 487 3491 sed
505 3432 590 3502 etiam
610 3433 742 3492 accusari
763 3432 975 3576 sciamulsaesse
996 3431 1053 3490 usi·
