2434 3925
346 163 850 279 rusn.onnuon.n1n.r11,o.t.
1059 200 1097 261 35

95 370 202 452 ferreo
215 369 369 431 iacentum
379 370 578 448 muqistrctae
591 368 738 447 clliqaoit.
772 366 825 426 llic
840 368 904 446 quia
921 375 966 426 est
975 366 1098 444 ,verbum

97 453 129 515 in
152 454 220 530 lege
242 452 467 532 deprebensae,
492 455 563 513 satis
580 454 666 512 etiam
682 451 872 529 significatum
892 451 1021 527 videtur,
1041 469 1099 511 non

100 539 242 598 contineri
258 538 325 614 lege
340 538 394 597 nisi
410 539 525 597 noxium
539 536 656 598 sermm.

184 621 243 681 Sed
263 629 308 695 ut,
326 621 374 699 qui
394 620 541 680 voluntate
556 623 677 694 nitetur,
696 619 850 697 scriptum,
868 621 1001 696 quotiens
1017 630 1127 700 pote-9

98 707 154 781 rit',
175 705 317 765 infirmare
336 703 470 765 debebit:
497 706 552 778 ita,
573 706 621 782 qui
642 704 779 780 scriptum
800 702 940 778 tuebitur,
963 705 1099 765 adiuvare

99 808 134 849 se
152 790 238 849 etiam
253 789 401 849 voluntate
417 788 577 867 temptabit.
604 787 637 846 ln
651 788 829 847 testamentis
846 795 874 846 et
889 788 939 847 illa
954 788 1098 864 accidunt,

97 882 131 933 ut
144 873 277 933 voluntas
300 873 451 932 manifesta
476 874 529 948 sit,
549 874 688 949 scripturn
711 870 782 931 nibil
806 872 858 930 sit:
886 881 916 931 ιιι
939 869 969 930 ἰιι
992 871 1098 931 iudicio

100 955 244 1031 Curiano,
268 958 297 1016 in
316 959 380 1033 quo'
396 965 464 1017 nota
483 954 514 1016 L.
533 954 631 1015 Crassi
647 964 676 1015 et
691 954 853 1015 Scaevolae
871 955 924 1015 luit
941 958 1097 1016 contentio.

99 1040 275 1100 Substitutus
296 1039 382 1099 heres
406 1049 485 1118 erat,
510 1040 535 1098 si
553 1048 702 1118 postumus
725 1047 791 1098 ante
809 1039 917 1098 tutelae
940 1057 1030 1099 annos
1048 1041 1097 1101 de·
1108 1049 1141 1101 10

99 1125 250 1184 cessisset.
293 1122 357 1184 Non
377 1134 421 1183 est
436 1133 528 1185 natus.
573 1123 729 1201 Propinqui
744 1121 820 1182 bona
833 1122 889 1182 sibi
906 1123 1097 1184 vindicabant.

99 1206 172 1281 Quis
188 1206 345 1284 dubitaret,
366 1211 434 1286 quin
454 1226 489 1268 ea
511 1207 645 1266 voluntas
664 1206 767 1266 luisset
787 1209 935 1283 testantis,
955 1218 985 1267 ut
1001 1210 1025 1267 is
1042 1226 1099 1268 non

99 1300 167 1351 nato
189 1291 248 1351 lilio
269 1291 356 1350 beres
379 1301 476 1367 esset,
494 1293 543 1370 qui
561 1286 697 1350 mortuo?
717 1291 770 1351 sed
784 1309 841 1350 non
855 1293 1024 1369 scripserat.
1067 1292 1138 1356 ldll

98 1392 234 1454 quoque,
257 1375 334 1453 quod
357 1376 424 1436 buic
444 1377 618 1436 contrarium
637 1384 698 1449 est,
720 1376 824 1435 accidit
841 1394 948 1454 nuper,
969 1385 999 1436 ιιι
1019 1387 1100 1437 esset

97 1460 253 1537 scriptum,
278 1458 355 1537 quod
376 1468 532 1538 appareret
552 1460 725 1536 scriptorem
743 1459 888 1519 noluisse:
916 1460 971 1533 Qui
990 1470 1098 1521 sester-

97 1544 168 1602 tium
181 1560 321 1602 nummum
339 1544 463 1622 quinque
475 1543 555 1617 milia
570 1542 736 1619 legaverat,
757 1561 820 1602 cum
835 1544 1017 1620 emendaret,
1032 1545 1098 1604 sub·
1158 1545 1160 1554 ’

98 1626 165 1687 latis
177 1628 319 1687 sestertiis
334 1629 469 1702 nummis,
487 1629 608 1704 arqeoti
619 1628 722 1704 pondo
737 1628 850 1705 posuit,
867 1631 1000 1707 quiaque
1014 1631 1100 1691 milio

97 1720 272 1771 manserunt.
316 1709 459 1790 Apparuit
473 1720 583 1786 tamen,
607 1711 739 1788 quinque
751 1713 853 1790 pondo
875 1712 935 1771 dari
956 1713 1097 1789 voluisse,

99 1795 165 1874 quia
186 1794 236 1854 ille
253 1797 282 1855 in
297 1804 418 1872 argento
436 1793 535 1872 legato
556 1794 659 1853 modus
674 1803 704 1853 et
721 1794 862 1854 inauditus
878 1804 940 1854 erat
961 1805 990 1855 et
1004 1798 1097 1864 incre·

98 1877 205 1938 dibilis.
250 1878 310 1939 Sub
329 1879 386 1939 boc
407 1888 482 1939 statu
496 1877 653 1955 generales
669 1886 734 1937 sunt
755 1880 959 1956 quaestiones,
982 1863 1139 1958 Sbriptoli

98 1980 136 2022 an
156 1963 305 2024 voluntate
331 1964 461 2024 standum
485 1965 538 2040 sit,
565 1961 647 2036 Quae
672 1960 759 2022 luerit
776 1963 928 2023 scribentis
948 1961 1097 2032 voluntas;

96 2055 236 2106 tractatus
260 2063 359 2107 omnes
384 2047 528 2128 qualitatis
550 2055 599 2108 aut
623 2047 824 2124 coniecturae,
852 2046 1007 2126 dequibus
1027 2049 1098 2108 satis

98 2130 204 2191 dictum
220 2130 353 2192 arbitror.

422 2265 526 2318 Lacus
549 2265 767 2318 conabantur.

181 2377 244 2439 Vll.
274 2378 436 2440 Proximum
457 2390 502 2442 est
524 2381 560 2441 de
584 2380 733 2458 legibus
755 2380 959 2440 contrariis
979 2380 1095 2455 dicere,

99 2463 164 2541 quia
187 2464 262 2524 inter
283 2481 382 2524 omnes
403 2462 513 2525 Artium
535 2466 694 2544 scriptores
716 2466 858 2539 constitit,
884 2466 913 2523 in
934 2464 1097 2525 Antinomia

98 2546 172 2606 duos
187 2565 255 2608 esse
270 2550 371 2627 scripti
387 2557 417 2608 et
432 2550 587 2610 voluntatis
603 2557 708 2615 statum
728 2567 823 2627 neque
840 2550 995 2616 immerito;
1020 2550 1095 2627 quia,

99 2648 163 2690 cum
186 2630 236 2691 lex
257 2631 317 2709 legi
338 2631 451 2709 obstet,
475 2636 608 2713 utrinque
635 2642 735 2692 contra
760 2634 897 2711 scriptum
920 2633 1040 2705 dicitur,
1068 2641 1097 2690 et

97 2716 229 2793 quaestio
242 2724 287 2775 est
298 2716 334 2776 de
349 2716 510 2784 voluntate;
533 2718 561 2776 in
578 2726 699 2796 utraque
715 2717 743 2776 id
760 2716 927 2793 ambigitur,
947 2735 983 2776 an
998 2717 1097 2793 utique

96 2797 147 2857 illa
166 2796 233 2875 lege
250 2800 287 2859 sit
304 2801 449 2860 utendum.
494 2799 630 2860 Omnibus
647 2810 741 2860 autem
755 2801 935 2861 manifestum
951 2809 1011 2873 est,
1027 2807 1124 2858 nun-2

97 2899 181 2959 quarn
207 2900 274 2942 esse
298 2883 394 2961 legem
420 2884 480 2961 legi
505 2887 677 2944 contrariam
699 2887 762 2945 iure
782 2885 862 2962 ipso:
893 2886 976 2961 quia,
1003 2884 1028 2940 si
1054 2882 1095 2942 di·

95 2983 211 3025 versum
229 2967 273 3027 ius
289 2977 386 3044 esset,
407 2968 529 3028 alterum
548 2968 641 3028 altero
661 2966 866 3045 abrogaretun
888 2967 941 3027 sed
959 2985 1011 3026 eas
1026 2984 1095 3026 casu

96 3048 194 3109 collidi
210 3060 239 3109 et
255 3061 372 3111 eventu.

180 3131 361 3196 Colliduntur
376 3143 471 3199 autem
487 3144 535 3196 aut
552 3154 640 3215 pares
655 3137 729 3195 inter
744 3153 793 3209 se,
816 3143 847 3194 nt
863 3136 887 3194 si
903 3136 984 3214 optio
999 3144 1093 3211 tyran-

94 3216 205 3277 nicidae
217 3212 253 3277 ‘et
268 3220 321 3279 viri
338 3219 422 3279 fortis
441 3230 658 3298 comparentur,
681 3216 795 3297 utrique
815 3219 897 3294 data,
920 3219 997 3298 quod
1012 3219 1093 3293 uelit,

94 3302 212 3379 petendi
227 3311 388 3380 potestate;
405 3303 453 3364 hic
466 3306 648 3379 meritorum,
666 3304 822 3380 temporis,
839 3305 957 3381 praemii
974 3303 1092 3362 collatio

95 3394 154 3453 est;
175 3394 222 3444 aut
237 3404 337 3445 secum
355 3388 452 3465 ipsae,
474 3396 505 3447 ut
519 3388 638 3448 duorum
657 3386 788 3462 fortium,
805 3387 924 3447 duorum
940 3386 1121 3461 tyrannici-3

94 3467 210 3545 darum,
238 3469 355 3530 duarum
375 3480 538 3550 raptarum,
566 3473 594 3531 in
623 3469 725 3549 quibus
751 3488 808 3532 non
831 3478 929 3550 potest
951 3488 1017 3529 esse
1040 3468 1096 3529 alia

834 3551 935 3615 .3*
