2434 3925
346 203 436 253 lusu.
453 202 602 254 aaaron.
620 204 689 251 um.
707 203 785 271 v111,
800 200 828 256 3.
1042 193 1083 253 55

87 355 189 418 xlsse?
212 356 249 418 lit
264 356 348 433 alibi,
367 356 469 437 Caput
481 358 624 438 appamia,
644 376 713 419 cum
727 376 763 419 aa
778 358 971 437 carnificans.
1001 359 1084 421 Unde

86 443 200 503 interim
220 442 294 520 grati
317 441 413 501 idiotis
437 442 571 520 lepores:
598 441 692 521 qualis
713 450 758 501 εει
784 442 835 501 ille
859 443 935 522 apud
960 442 999 503 lll.
1018 443 1126 509 Tul-m

88 526 156 586 lium
178 526 285 601 Punic,
313 527 457 608 quicum
482 528 598 587 maiora
623 544 730 587 amare
753 526 925 601 cubitabat,
955 536 999 603 et,
1030 524 1083 589 Gn.

87 608 228 688 Flauius,
251 610 303 688 qui
317 611 472 671 amnicum
486 611 590 677 omas
604 609 744 687 confiuit,
767 619 796 669 et
816 626 870 688 pro
885 608 993 671 llilone
1013 611 1084 672 illud

87 691 210 756 chatu
221 693 326 771 Rufio,
343 693 372 752 et
384 690 726 755 EruciucAntanr'aater.
750 692 782 752 ld
792 702 887 753 tamen
901 695 930 752 iu
941 693 1083 755 declama·

86 776 197 837 toribus
213 787 258 838 est
273 776 426 837 notabilius
444 777 611 854 laudarique
626 795 671 836 me
686 793 777 856 puero
794 777 924 853 solebat,
940 777 990 838 Da
997 781 1085 858 patri

83 879 215 941 pauemc
241 871 270 921 et
290 863 318 921 in
340 860 459 937 codem,
481 859 583 922 Etiam
605 880 712 923 canem
729 864 845 939 pascis.
886 861 946 922 Res
971 862 1126 940 quidemtt

86 945 244 1024 praecipue
260 948 289 1005 in
303 945 412 1005 scholis
428 963 536 1022 anceps
548 944 600 1006 sed
615 944 784 1022 frequenter
800 963 887 1006 causa
902 946 993 1022 risus,
1009 965 1084 1006 nunc

85 1031 272 1107 utiquacum
282 1029 356 1089 baec
367 1030 537 1088 exercitatio
549 1029 653 1106 procul
664 1046 681 1088 a
691 1027 815 1089 veritate
827 1031 956 1090 seiuncta
970 1029 1085 1090 laboret

85 1112 246 1172 incredibili
266 1113 420 1173 verborum
440 1111 554 1173 lastidio
573 1130 608 1172 ac
624 1109 679 1171 sibi
700 1129 831 1189 magnam
845 1122 956 1194 partem
973 1131 1084 1174 sermo·
1118 1113 1120 1120 ’

84 1198 131 1256 nis
146 1195 310 1260 absciderit.

65 1369 74 1380 ,
172 1323 242 1385 Cum
266 1326 322 1385 sint
342 1335 437 1386 autem
456 1324 546 1386 verba
568 1326 704 1405 propria,
727 1325 811 1403 licta,
833 1328 985 1388 translata:
1015 1343 1127 1407 pro-24

86 1410 158 1490 priis
182 1409 349 1486 dignitatem
367 1409 415 1469 dat
436 1411 651 1488 antiquitas.
700 1409 831 1488 Namque
858 1420 887 1472 et
910 1413 1084 1474 sanctiorem

4 1539 7 1544 .
87 1502 117 1553 et
131 1494 222 1571 magis
238 1490 430 1554 admirabilem
447 1494 555 1554 iaciunt
570 1496 747 1571 orationem,
771 1496 873 1573 quibus
890 1513 947 1555 nou
963 1497 1084 1574 quilibet

85 1577 173 1638 fuerit
187 1595 304 1655 usurus,
327 1594 421 1655 eoque
438 1587 604 1637 ornamento
620 1579 751 1639 acerrimi
771 1580 868 1639 iudicii
887 1579 918 1639 P.
935 1579 1083 1658 Vergilias

84 1662 171 1721 unice
188 1670 233 1721 est
250 1680 328 1721 usus.
376 1658 435 1723 otti
455 1662 529 1723 enim
544 1670 574 1720 et
588 1663 735 1739 quianam
755 1671 784 1722 et
798 1665 868 1724 mile
882 1672 912 1722 et
924 1682 1003 1743 pone
1019 1665 1125 1744 pclti

84 1746 184 1810 lacent
205 1753 405 1836 etnaspergunt
425 1742 520 1823 illam,
544 1766 618 1826 quae
633 1748 718 1807 etiarn
734 1748 764 1805 in
778 1747 898 1824 picturis
919 1756 964 1808 est
978 1750 1082 1825 gratis·

83 1834 172 1906 sima,
187 1833 337 1893 vetustatis
349 1831 543 1892 inimitabilem
558 1833 612 1890 arti
626 1832 834 1891 auctoritatem.
873 1830 932 1891 Sed
948 1832 1084 1893 utendum

82 1915 188 1992 modo,
212 1933 268 1977 nec
285 1933 322 1976 ex
342 1915 447 1976 ultimis
466 1914 595 1976 tenebris
611 1914 779 1995 repetenda.
819 1911 904 1977 Salis
919 1923 964 1976 est
982 1925 1082 1986 vetum

83 1999 154 2079 quid
167 2018 291 2061 necesse
307 2008 368 2075 est,
389 2017 514 2078 quaeso,
531 1999 631 2060 dicere
645 1998 783 2078 oppida?
796 2016 853 2078 quo
868 2000 913 2058 usi
927 2008 993 2059 sunt
1012 2000 1082 2078 pdo-

82 2084 142 2145 lum
164 2093 296 2163 tempore
319 2092 419 2142 nostro
444 2085 629 2163 superiores,
659 2098 782 2159 vereor,
807 2092 839 2143 ut
860 2084 915 2142 iam
935 2100 989 2142 nos
1007 2083 1083 2144 ferat

84 2168 252 2247 quisquam
286 2176 366 2228 certe
392 2168 561 2247 anteperia,
592 2168 673 2226 cuius
697 2165 797 2226 eadem
825 2167 995 2243 significatio
1025 2174 1081 2242 est,

81 2269 168 2311 nemo
182 2252 236 2311 nisi
251 2251 417 2311 ambitiosus
432 2260 537 2311 utetm.
563 2246 736 2311 aerumnas
752 2250 818 2328 quid
834 2267 907 2328 opus
923 2248 990 2311 est‘l
1005 2247 1125 2316 tan-26*

63 2384 65 2388 ,
82 2352 168 2414 quam
186 2353 285 2414 pamm
299 2336 353 2411 sit,
369 2337 396 2403 si
412 2333 521 2395 dicatur
538 2334 615 2412 quod
632 2332 787 2394 borridum.
819 2333 901 2395 Reor
915 2335 1082 2410 tolerabile,

81 2426 206 2482 autumo
220 2419 376 2495 tragicum,
391 2420 509 2498 prolem
524 2418 651 2478 dicemus
662 2419 690 2477 in
700 2435 803 2493 versu,
819 2417 871 2479 sed
880 2420 1030 2499 prosapia
1040 2419 1082 2478 in·

83 2502 203 2563 sulsum.
234 2501 308 2576 Quid
323 2500 431 2563 multa?
455 2511 532 2562 totus
547 2519 640 2580 prope
655 2509 777 2562 mutatus
793 2511 839 2561 est
853 2519 959 2562 sermo.
986 2502 1124 2577 Quae-27

82 2586 148 2647 dam
163 2596 256 2646 tamen
275 2586 367 2647 adhoc
386 2595 487 2647 vetera
507 2593 651 2645 vetustate
670 2587 739 2664 ipsa¹
747 2586 854 2663 gratius
870 2587 977 2662 nitent,
994 2604 1081 2664 quae·

82 2669 148 2730 dam
159 2680 188 2730 et
198 2671 364 2730 necessario
377 2670 488 2748 iuterim
499 2679 656 2745 sumuntur,
667 2688 849 2748 nunccupare
859 2678 889 2728 et
897 2670 964 2748 fari
968 2692 983 2743 ς
993 2669 1081 2730 multa

81 2754 140 2814 alia
160 2756 246 2814 etiam
266 2754 414 2814 audentius
436 2753 524 2814 inseri
544 2762 666 2831 possunt
688 2753 741 2814 sed
765 2755 803 2812 ita
828 2753 954 2829 demum,
976 2755 1081 2812 sinon

81 2846 222 2917 appareat
238 2837 399 2906 affectati03
421 2837 449 2897 iu
463 2853 548 2914 quam
561 2836 683 2896 mirifice
698 2836 861 2917 Vergilius:

167 2932 389 2997 Gariutba‘arum
403 2936 595 2996 amatoriae
613 2935 797 3011 verboram,
1086 2931 1122 2985 28

168 3017 361 3099 Tbucyab'des
376 3016 559 3091 Britannus,
579 3015 701 3080 Atticae
718 3018 832 3096 tebrae,

168 3100 234 3164 Tau
246 3103 410 3179 Gallicum,
424 3103 501 3178 min,
524 3103 573 3179 al,
595 3104 705 3180 apinae
717 3102 797 3162 male
810 3099 856 3161 illi
868 3099 928 3168 ultr
1092 3100 1109 3138 *

164 3184 215 3248 lta
229 3188 330 3248 amnia
343 3188 404 3248 ista
419 3186 515 3248 cerba
536 3186 657 3246 mucua't
669 3184 774 3263 fratri.
1124 3262 1126 3271 y

81 3280 198 3343 Cimber
217 3282 264 3342 hic
283 3283 350 3359 fuit,
371 3301 387 3343 a
408 3300 465 3362 quc
480 3283 598 3342 tratrem
613 3288 743 3340 necatum
765 3279 820 3339 boc
836 3278 986 3340 Ciceronis
1003 3280 1121 3340 dictott

81 3375 208 3426 notatum
229 3375 290 3441 est,
310 3366 494 3428 Germanum
519 3362 641 3427 Cimber
659 3362 780 3426 accidit.
823 3363 886 3425 Nec
902 3366 992 3424 minus
1010 3370 1079 3422 noto
1134 3366 1137 3373 '

82 3450 236 3512 Sallustius
253 3450 457 3528 epigrammate
471 3450 640 3510 incessitur:
