2434 3925
183 203 242 267 158
267 250 270 256 .
481 214 518 266 na
539 217 618 266 ran.
640 215 859 277 omnrmrnnr

179 389 243 435 non
257 370 393 449 intelligi:
414 389 514 432 rerum
531 372 596 449 qnia
618 368 693 429 istud
709 388 767 430 non
781 370 958 448 negligentia
979 372 1083 441 iudicis
1098 392 1157 435 con

138 457 263 532 38tingit
275 455 331 518 sed
344 472 453 515 errore.
485 455 564 516 Dixit
579 457 654 514 enim
669 453 851 514 adversarius
867 464 896 513 et
906 455 1031 515 fortasse
1047 475 1172 534 persua-

179 541 230 607 sit;
251 539 336 597 nobis
358 555 430 620 opus
452 547 497 598 est
518 540 580 598 eins
601 538 715 597 diversa
731 538 882 614 opinione,
905 556 979 616 qnae
994 542 1095 601 mutari
1110 559 1172 602 non

179 628 294 699 potest,
318 623 371 681 nisi
393 623 474 685 illum
490 622 644 682 fecerimus
660 620 695 680 ad
713 637 747 679 ea
764 639 837 698 quae
853 621 980 680 dicemus
997 623 1121 684 docilem
1139 636 1172 685 et

179 707 324 765 intentum.
362 705 436 778 Quid
452 722 526 782 ergo
541 702 605 764 est?
637 704 827 764 lmminuenda
843 705 982 782 quaedam
1000 717 1029 766 et
1044 707 1169 769 levanda

179 798 208 848 et
228 790 310 866 quasi
332 789 542 848 contemnenda
565 807 648 862 esse,
672 788 839 862 consentio,
861 789 897 847 ad
913 790 1110 851 remittendam
1126 794 1169 851 in·

178 874 332 931 tentionem
357 873 474 947 iudicis,
505 889 588 948 quam
601 872 776 938 'adversario
797 879 941 949 praestat,
971 881 1001 932 nt
1021 874 1092 934 lecit
1112 893 1168 952 pro

137 955 290 1032 39Ligario
309 954 424 1014 Cicero.
469 954 543 1029 Quid
566 956 640 1014 enim
665 953 770 1032 agebat
785 954 861 1014 alind
884 956 974 1015 ironia
994 955 1059 1032 illa,
1082 977 1169 1036 quam

178 1048 209 1098 nt
229 1037 339 1098 Caesar
362 1039 452 1097 minus
472 1040 500 1097 in
526 1049 587 1097 rem
612 1047 747 1117 tanquam
771 1054 828 1099 non
857 1055 961 1098 novam
984 1039 1169 1101 intenderet?

179 1122 253 1195 Quid
267 1139 321 1199 pro
333 1118 444 1197 Caelio,
464 1140 547 1200 quam
562 1130 592 1180 nt
608 1140 657 1180 res
673 1123 877 1199 expectatione
891 1123 984 1181 minor
997 1124 1169 1184 videretur?

260 1204 367 1264 Verum
385 1224 422 1264 ex
439 1205 499 1279 bis,
515 1222 590 1283 quae
607 1207 825 1283 proposuimus,
847 1206 924 1267 alind
937 1208 965 1265 in
981 1207 1037 1268 alio
1056 1225 1168 1285 genere

137 1298 285 1352 locausae
301 1289 459 1353 desiderari
474 1289 567 1367 palam
583 1297 639 1347 est.
677 1287 819 1348 Genera
836 1305 925 1367 porro
941 1308 1089 1352 causarum
1104 1293 1168 1369 plu·

179 1373 240 1431 rimi
257 1373 380 1449 quinque
394 1372 534 1447 iecerunt,
547 1371 707 1447 honestum,
723 1371 839 1446 humile,
856 1373 976 1433 dubium
984 1374 1034 1435 rel
1047 1393 1168 1455 anceps,

179 1454 353 1530 admirabile,
370 1456 537 1516 obscurum:
554 1455 582 1515 id
597 1465 643 1515 est
657 1455 785 1532 ἔνδοξον,
799 1450 914 1532 ἄδοξον,
927 1450 1099 1535 ἀμφίδοξον,
1111 1481 1170 1521 κοι-

179 1533 312 1619 ράδοξον,
328 1534 653 1618 δυσπαρακολούθητον.
679 1538 853 1612 Quibusdam
864 1548 945 1600 recte
957 1541 1070 1601 ridetur
1082 1544 1171 1602 adiici

136 1631 270 1700 41tnrpe,
288 1622 364 1700 quod
382 1623 429 1683 alii
444 1621 551 1697 humili,
571 1623 620 1682 alii
636 1623 793 1683 admirabili
804 1623 965 1683 subiiciunt.
989 1624 1168 1693 Admirabile

178 1714 271 1765 antem
283 1716 406 1782 vocant,
420 1707 497 1785 quod
513 1714 558 1764 est
568 1715 686 1783 praeter
698 1707 861 1784 opinionem
874 1708 1015 1767 hominum
1030 1712 1167 1771 constitu·

178 1799 245 1848 tum.
275 1788 306 1848 ln
322 1791 437 1867 ancipiti
449 1792 570 1851 maxime
581 1790 745 1850 benivolum
756 1791 889 1866 indicem,
907 1793 935 1850 in
947 1790 1071 1852 obscuro
1088 1793 1167 1852 doci-

178 1873 244 1947 lem,
260 1874 289 1932 in
303 1873 400 1933 humili
416 1883 552 1935 attentum
563 1892 668 1951 parare
682 1873 829 1934 debemus.
857 1873 928 1934 Nam
942 1873 1093 1935 honestum
1105 1879 1167 1956 qui·

178 1957 242 2017 dem
259 1960 294 2018 ad
312 1959 542 2020 conciliationem
558 1959 627 2020 satis
644 1977 697 2037 per
713 1977 746 2019 se
762 1958 857 2034 valet,
872 1957 1030 2020 admirabili
1046 1970 1075 2020 et
1091 1963 1167 2038 turpi

135 2049 168 2102 42
179 2043 314 2102 remediis
325 2059 398 2120 opus
415 2052 468 2102 est.
494 2042 538 2102 Eo
551 2042 665 2122 quidam
676 2043 824 2104 exordium
835 2044 863 2102 in
877 2042 946 2103 duas
962 2043 1088 2104 dividunt
1101 2062 1166 2122 par·

177 2134 233 2200 tes,
252 2128 438 2204 principium
453 2136 482 2186 et
496 2129 742 2201 insinuationem,
764 2129 850 2187 nteit
870 2128 899 2185 in
918 2127 1066 2205 principiis
1085 2138 1167 2187 recta

177 2208 389 2268 benivolentiae
410 2220 439 2270 et
459 2210 624 2270 attentionis
653 2211 826 2288 postulatio,
854 2228 928 2289 qnae
954 2228 1021 2270 esse
1042 2213 1070 2271 in
1090 2213 1166 2290 turpi

178 2310 283 2351 causae
303 2310 414 2368 genere
434 2311 491 2353 non
510 2296 620 2373 possit;
643 2294 795 2354 insinuatio
820 2303 954 2372 surrepat
972 2296 1088 2370 animis,
1106 2313 1164 2356 ma-

176 2377 252 2435 xime
277 2374 325 2434 ubi
345 2376 425 2435 frons
451 2395 557 2436 causae
577 2392 636 2436 non
651 2379 721 2451 satis
736 2377 859 2437 honesta
876 2386 936 2453 est,
956 2377 1004 2438 rel
1028 2380 1093 2456 quia
1116 2397 1166 2438 res

177 2460 213 2517 sit
229 2459 357 2536 improba
372 2460 501 2538 vel‘qnia
518 2460 678 2520 bominibus
697 2479 796 2539 parum
812 2461 965 2538 probetur:
987 2471 1034 2522 aut
1050 2464 1074 2520 si
1090 2462 1168 2521 iacie

177 2559 293 2620 quoque
315 2545 378 2621 ipsa
401 2545 539 2622 premitur
562 2544 611 2605 vel
633 2544 774 2605 invidiosa
797 2546 980 2605 consistentis
997 2563 1034 2604 ex
1049 2546 1167 2605 diverso

134 2626 292 2703 43patroni
314 2635 361 2686 aut
386 2629 475 2705 patris
496 2627 545 2687 vel
561 2626 717 2688 miserabili
737 2629 831 2703 senis,
855 2630 954 2703 caeci,
976 2629 1100 2688 infantis.
1130 2626 1168 2688 Et

176 2710 291 2788 quidem
313 2708 415 2788 quibus
438 2710 576 2771 adversus
598 2710 673 2770 baec
686 2712 778 2771 modis
798 2713 836 2772 sit
854 2712 1039 2786 medendum,
1061 2710 1166 2771 verbo·

175 2794 235 2852 sins
249 2794 362 2853 tradunt
376 2796 568 2872 materiasque
585 2794 640 2854 sibi
655 2795 710 2873 ipsi
730 2796 838 2873 lingunt
856 2804 885 2854 et
902 2795 1061 2856 admoram
1076 2797 1167 2855 actio·

174 2895 240 2936 num
255 2887 480 2955 prosequuntnr;
496 2879 548 2938 sed
561 2877 628 2953 bae,
646 2896 709 2938 cum
724 2881 850 2945 oriantur
865 2898 903 2938 ex
918 2881 1029 2952 causis,
1048 2896 1167 2957 quarum

175 2962 291 3038 species
309 2963 448 3040 consequi
464 2978 562 3021 omues
574 2980 631 3022 non
646 2979 809 3039 possumus,
827 2964 880 3021 nisi
896 2962 1073 3040 generaliter
1089 2978 1166 3022 eom·

132 3044 397 3122 adprehenduntur,
414 3048 443 3105 in
465 3046 601 3105 inlinitum
617 3054 681 3106 snut
698 3046 901 3107 extrahendae.
934 3046 1030 3119 Quare
1045 3046 1166 3122 singulis

176 3128 325 3188 eonsilium
347 3149 384 3190 ex
405 3130 522 3208 propria
545 3131 657 3189 ratione
677 3138 821 3189 nascetur.
858 3128 932 3190 lllud
956 3131 983 3189 in
1003 3130 1166 3188 universum

175 3215 392 3290 praeceperim,
408 3222 438 3272 ut
453 3213 488 3273 ab
504 3213 564 3288 bis,
581 3231 656 3290 quae
673 3213 808 3278 laedunt,
825 3214 861 3273 ad
876 3232 926 3287 ea,
944 3231 1018 3292 qnae
1034 3220 1164 3291 prosunt,

174 3294 359 3372 refugiamus.
402 3298 433 3356 Si
463 3315 550 3356 causa
571 3295 781 3371 laborabimus,
803 3314 929 3374 persona
952 3296 1119 3361 subveniat;
1141 3296 1166 3353 si

174 3387 318 3457 persona,
335 3398 435 3447 cansa:
451 3382 476 3439 si
491 3380 577 3455 nihil,
594 3380 671 3458 quod
687 3393 740 3437 nos
756 3380 885 3455 adiuvet,
903 3381 967 3456 erit,
983 3396 1164 3457 quaeramus,

174 3464 241 3542 quid
261 3464 455 3525 adversarium
477 3464 587 3534 laedam
608 3481 673 3525 nam
695 3471 725 3523 ut
742 3462 870 3542 optabile
886 3472 947 3541 est,
967 3463 1034 3542 plns
1056 3462 1165 3523 iavoris
