2434 3925
488 193 525 241 Μ.
537 191 616 242 ΕΑΒ.
632 189 852 251 octrumum

441 346 483 398 DE
501 344 626 398 FIGURIS
642 346 904 399 SENTENTIARUM.

256 428 292 489 ll.
324 427 404 505 Ergo
422 431 468 488 cni
484 428 568 488 latius
584 429 740 507 complecti
755 428 998 488 conformationes
1013 428 1190 489 verborum

174 534 209 576 ac
224 514 427 572 sententiarum
450 513 609 590 placuerit,
628 513 726 587 habet,
743 513 820 591 quod
836 521 990 589 sequatur,
1012 531 1074 572 nec
1099 514 1186 573 aflir·

120 606 121 609 ’
173 617 252 659 mare
274 598 379 671 ausim,
396 598 547 674 quicquam
570 614 637 655 esse
656 596 775 664 melius;
799 597 852 655 sed
872 595 946 654 haec
967 597 1002 656 ad
1025 599 1184 674 propositi

174 684 230 741 mei
244 674 383 740 rationem
405 680 494 756 legat.
524 679 594 737 Nam
617 680 684 738 milri
707 679 743 738 de
767 680 810 738 his
834 682 1114 739 sententiarum
1136 681 1180 739 li·

173 766 275 843 guris
293 764 391 823 dicere
406 765 434 820 in
451 766 542 822 animo
560 772 622 838 est,
647 781 720 842 quae
742 764 777 822 ab
793 764 844 822 illo
860 764 984 841 simplici
998 764 1092 823 modo
1104 766 1177 824 indi·

175 849 257 909 candi
281 847 434 914 recedunt;
461 847 537 924 qnod
563 847 638 906 idem
665 847 761 927 mqltis
787 848 959 907 doctissimis
985 849 1057 906 viris
1086 849 1176 908 video
1210 876 1211 917 γ

145 934 330 1011 tplaouisse.
362 928 461 990 Omnia
478 940 573 989 tamen
588 931 654 1005 illa,
676 932 762 989 ctiam
786 949 860 1008 quae
875 940 939 989 sunt
954 930 1078 990 alterius
1097 933 1177 992 modi
1210 936 1211 1009 l

174 1018 288 1091 lumina,
305 1015 378 1074 adeo
395 1024 459 1073 sunt
473 1016 593 1074 virtutes
610 1015 765 1089 orationis,
781 1023 811 1074 ut
827 1016 888 1073 sine
902 1016 937 1073 iis
951 1014 1029 1074 nulla
1044 1016 1178 1092 intelligi
1210 1026 1211 1053 i

173 1102 236 1160 iere
258 1100 350 1177 possit
371 1101 474 1157 oratio.
510 1097 581 1157 Nam
605 1099 751 1196 quomodp
772 1099 859 1158 iudex
884 1099 984 1158 doceri
1006 1108 1131 1176 potest,
1156 1100 1178 1158 si

174 1185 248 1244 desit
266 1183 384 1242 illustris
400 1182 582 1260 explanatio,
604 1183 782 1259 propositio,
806 1184 976 1259 promissio,
991 1182 1111 1259 linitio,
1131 1201 1179 1242 se·

173 1268 297 1341 iunctio,
321 1268 464 1343 expositio
484 1267 644 1325 sententiae
664 1283 750 1340 suae,
772 1267 892 1325 rationis
916 1276 982 1345 apta
1005 1268 1179 1342 conclusio,

174 1350 377 1430 praemunitio,
400 1350 571 1424 similitudo,
590 1310 767 1427 exemplum,
786 1351 920 1426 digestio,
939 1350 1179 1425 distributio,'1n-

98 1506 100 1509 ,
174 1434 358 1512 terpellatio,
394 1433 604 1511 interpellantis
635 1435 792 1532 coercitio,
829 1436 992 1509 contentio,
1022 1437 1177 1511 purgatio,
1210 1446 1211 1451 ’

145 1514 287 1582 ὃΙιιιίοἱ)
325 1515 399 1589 Quid
413 1534 484 1576 vero
508 1519 567 1593 agit
588 1519 701 1576 omnino
724 1518 890 1594 eloquentia
909 1478 1046 1577 detrdctis
1070 1520 1176 1597 ampli·

175 1600 277 1661 licandi
299 1602 500 1677 minuendique
525 1598 705 1661 rationibus?
735 1600 860 1674 Quarum
879 1603 960 1679 prior
975 1601 1126 1662 desiderat
1143 1603 1175 1661 il-

175 1687 231 1746 lam
256 1684 320 1762 plus
342 1702 426 1762 quam
446 1686 559 1745 dixeris·
576 1685 831 1762 significationem,
853 1685 881 1744 id
902 1693 947 1744 est
975 1684 1121 1761 ἔμφασιν,
1146 1695 1174 1744 et

175 1769 399 1847 superlationem
422 1771 551 1828 veritatis
575 1779 605 1828 et
624 1771 840 1836 traiectionem;
865 1769 940 1828 haec
968 1769 1061 1828 altera
1090 1778 1171 1828 exte·

175 1854 347 1927 nuationem,
364 1854 679 1933 deprecationemque
706 1851 761 1925 Qui
785 1853 905 1912 allectus
929 1862 1011 1911 erunt
1031 1853 1082 1912 vel
1104 1870 1170 1912 con-

176 1938 253 1998 citati
269 1937 398 1997 detracta
413 1954 488 1997 voce
510 1936 618 2013 libera,
642 1926 827 1997 effrenatiore
849 1937 1012 2035 iracundia,
1036 1935 1169 2014 obiurga-

174 2025 263 2096 tione,
280 2023 443 2099 optatione,
463 2019 669 2081 execratione?
681 2022 730 2081 vel
747 2021 789 2080 illi
811 2022 950 2096 mitiores,
970 2023 1022 2079 nisi
1036 2021 1169 2080 adiuvan-

45 2169 48 2176 ,
175 2116 219 2165 ιιι
234 2106 494 2181 commendatione,
513 2106 727 2180 conciliatione,
746 2106 782 2165 ad
794 2105 966 2165 hilaritatem
978 2102 1170 2183 impulsione?

145 2189 257 2266 lQuae
277 2189 432 2248 delectatio
455 2150 503 2248 adt
523 2190 600 2266 quod
622 2189 807 2248 mediocriter
826 2189 928 2248 saltem
949 2189 1028 2247 docti
1048 2188 1170 2247 hominis

175 2273 323 2332 iudicium:
351 2272 405 2331 nisi
430 2273 486 2332 alia
508 2274 682 2349 repetitione
707 2273 764 2332 alia
788 2275 1013 2332 commoratione
1037 2272 1170 2349 infigere,

175 2356 287 2432 digredi
303 2375 318 2415 a
334 2374 365 2414 rc
382 2364 411 2414 et
426 2357 520 2416 redire
536 2359 572 2417 ad
588 2358 769 2435 propositum
784 2374 866 2415 sunm
884 2358 996 2424 scierit;
1017 2371 1170 2415 removere

174 2457 250 2514 ase,
267 2441 294 2498 in
310 2440 394 2499 alium
406 2441 555 2508 traiicere;
573 2458 648 2517 quae
664 2440 863 2517 relinquenda,
877 2458 951 2518 quae
964 2439 1171 2499 contemnenda

175 2524 241 2598 sint,
261 2519 409 2582 iudicare?
438 2522 533 2582 Motus
552 2533 597 2582 est
619 2525 647 2583 in
667 2524 710 2583 his
731 2526 868 2583 orationis
887 2533 973 2601 atque
989 2533 1086 2598 actus,
1109 2524 1169 2601 qui-

175 2606 229 2665 bus
249 2604 387 2666 detractis
410 2607 485 2665 iacet
510 2615 539 2666 et
561 2607 643 2667 velut
672 2609 798 2684 agitante
820 2625 926 2685 corpus
952 2608 1052 2685 spiritu
1079 2616 1168 2665 caret.

149 2690 258 2764 tQuae
280 2708 344 2749 cum
365 2690 470 2749 adesse
492 2690 615 2766 debent,
644 2700 702 2751 tum
723 2692 902 2768 disponenda
923 2700 1009 2770 atque
1033 2689 1170 2749 varianda

176 2784 250 2850 sunt,
267 2783 297 2833 ut
313 2773 483 2856 auditorem,
501 2774 577 2853 quod
595 2777 623 2834 in
639 2775 742 2836 [idibus
764 2775 826 2834 fieri
840 2776 986 2860 videmus,
1005 2775 1079 2832 omni
1097 2790 1168 2833 sono

174 2820 327 2919 mulceant
354 2857 462 2917 Verum
477 2876 511 2918 ea
532 2859 702 2937 plerumque
719 2868 800 2918 recta
815 2868 880 2918 sunt
898 2877 953 2917 nec
970 2877 1002 2916 se
1019 2857 1126 2933 lingunt
1140 2867 1169 2916 et

176 2942 356 3003 confitentur.
389 2942 547 3002 Admittunt
562 2952 674 3019 autem,
692 2952 722 3002 nt
737 2941 811 3019 dixi,
827 2942 954 3019 figuras,
977 2942 1054 3020 quod
1069 2942 1118 3001 vel
1131 2959 1168 3000 ex

175 3027 304 3102 proxima
320 3019 419 3085 doceri
436 3036 542 3104 potest

146 3116 164 3171 6
259 3108 333 3182 Quid
344 3127 419 3169 enim
429 3118 486 3171 tam
498 3127 647 3169 commune
665 3128 749 3189 quam
765 3112 1008 3186 interrogare
1022 3109 1070 3168 vel
1086 3127 1167 3186 per-

177 3187 343 3252 contari?
388 3193 460 3252 Nam
486 3202 611 3271 utroque
638 3196 742 3253 utimur
770 3194 982 3268 indifferenter,
1011 3208 1167 3270 quanquam

176 3274 297 3335 alterum
318 3277 457 3336 noscendi
478 3277 599 3337 alterum
623 3279 761 3354 arguendi
784 3280 877 3354 gratia
898 3278 1011 3337 videtur
1030 3275 1165 3336 adhiberi.

176 3358 215 3417 At
233 3377 268 3418 ea
283 3376 348 3433 res,
368 3368 548 3439 utrocunque
563 3358 667 3420 dicitur
683 3362 784 3436 modo,
808 3362 893 3420 etiam
914 3360 1065 3438 multiplex
1082 3358 1167 3419 hahet

175 3443 302 3503 schema.
334 3441 504 3520 lncipiamus
521 3445 595 3503 enim
611 3445 647 3504 ab
662 3447 714 3522 iis,
739 3444 841 3524 quibus
858 3446 954 3504 acrior
968 3462 1002 3504 ac
1017 3442 1165 3502 vehemen-
