2434 3925
148 205 211 271 bod
473 219 510 266 n.
521 218 600 266 nnn.
616 217 837 278 ammomum

150 372 310 437 efficiendis
324 374 428 435 melior
441 375 545 435 artifex
560 373 704 448 creditor,
725 375 754 433 in
776 373 866 434 ebore
882 391 956 434 vero
973 375 1083 453 longe
1102 379 1170 439 eiua

150 459 307 533 aemulum,
329 460 378 519 rel
400 461 425 518 si
443 458 513 518 nihil
533 459 588 517 nisi
603 456 761 517 Minervam
776 457 896 518 Athenis
919 467 970 518 aut
987 458 1169 540 Olympium

149 545 178 602 in
194 543 278 605 Elide
293 542 391 602 lovem
407 544 545 617 fecisset,
569 542 650 601 cuins
671 541 854 620 pulchritudo
872 543 1028 603 adiecisse
1058 540 1169 623 aliquit

147 629 232 688 etiam
247 637 386 706 receptae
402 626 536 705 religioni
552 626 680 695 ridetm;
702 625 777 686 adeo
792 628 927 687 maiestas
948 630 1066 705 operis
1085 629 1179 689 deors!

147 712 290 789 aequarit.
329 711 375 771 Ad
396 714 547 771 veritatem
563 709 719 789 Lysippum
742 727 777 769 ac
792 709 959 770 Praxitelen
982 715 1167 772 accessisse

147 797 254 873 optime
276 795 428 856 affirmant.
460 794 532 855 Nam
549 794 715 854 Demetrius
732 803 865 872 tanquam
880 796 983 854 nimius
1006 797 1045 855 in
1064 815 1108 857 ea
1127 815 1165 856 re

147 878 336 959 prehenditur
351 888 380 939 et
395 880 448 940 fuit
463 877 654 939 similitudinis
666 896 750 957 marn
762 878 982 958 pulchritudinis
998 883 1165 941 amantior.
1181 912 1182 929 .

105 975 138 1027 10
230 962 263 1024 ln
289 965 462 1023 oratione
488 978 560 1023 vero
589 963 615 1021 si
643 962 760 1041 species
784 964 888 1022 intueri
910 962 1004 1038 velis,
1038 966 1183 1033 totidem,

147 1062 241 1128 paene
253 1050 384 1128 reperias
400 1049 579 1125 ingeniomm
594 1055 665 1125 qnot
681 1063 836 1124 corporum
852 1047 968 1107 formas.
994 1048 1070 1108 Sed
1083 1049 1166 1111 inere
1183 1100 1184 1105 ,

148 1132 289 1211 quaedam
313 1149 423 1208 genera
444 1132 559 1191 dicendi
589 1131 762 1191 condicione
791 1140 951 1210 temporum
973 1131 1166 1205 horridiora,

148 1215 257 1294 alioqui
279 1232 410 1293 magnam
437 1217 492 1276 iam
507 1214 615 1292 ingenii
630 1216 687 1273 vim
702 1233 772 1294 prae
790 1233 823 1274 se
839 1215 973 1275 larentia.
1006 1216 1097 1277 Hinc
1114 1220 1167 1277 sint

146 1299 256 1374 haelii,
280 1299 428 1375 Africani,
450 1298 576 1359 Catones
602 1299 688 1360 etiam
710 1298 907 1378 Gracchique,
931 1316 1007 1376 quos
1034 1310 1073 1360 tn
1097 1302 1167 1362 licet

147 1383 328 1460 Polygnotos
343 1385 392 1443 rel
409 1381 547 1443 Callonas
563 1382 710 1462 appelles.
740 1381 862 1444 Mediam
876 1383 954 1444 illam
967 1383 1110 1446 formam
1126 1396 1165 1445 te

105 1476 233 1529 llneant
253 1467 284 1527 L.
307 1466 446 1544 Crassus,
473 1466 509 1540 Q.
533 1467 714 1526 Hortensius.
758 1465 829 1527 Tum
852 1467 956 1527 deinde
980 1467 1165 1530 elllorescat

147 1568 204 1610 non
231 1550 348 1611 multum
373 1553 448 1611 inter
470 1569 503 1611 se
529 1551 691 1611 distantium
716 1560 849 1629 tempore
875 1560 1025 1611 oratorum
1054 1555 1189 1632 ingene*

147 1643 315 1714 proventus.
351 1635 404 1696 llic
423 1637 479 1695 rim
495 1634 652 1712 Caesaris,
678 1635 805 1696 indolem
822 1634 932 1710 Caelii,
958 1635 1162 1699 subtilitatem

150 1718 270 1794 Calidii,
288 1719 463 1797 diligentiam
478 1719 635 1796 Pollionis,
651 1720 818 1797 dignitatern
833 1718 995 1796 Messalae,
1015 1725 1160 1783 sanctitur

147 1813 206 1863 tem
223 1801 323 1880 Calui,
349 1806 521 1882 gravitatem
536 1803 632 1879 Bruti,
660 1821 779 1865 acumen
794 1804 932 1882 Sulpicii,
959 1805 1159 1867 acerbitatem

148 1886 242 1948 Cassii
259 1890 453 1970 reperiemus;
484 1889 512 1947 in
532 1889 566 1946 iia
584 1890 686 1965 etiam,
709 1905 782 1967 quos
799 1888 856 1967 ipsi
871 1888 1010 1964 vidimus,
1034 1893 1157 1969 copiam

149 1974 299 2049 Senecae,
326 1976 405 2034 vires
431 1973 578 2049 Africani,
613 1974 804 2033 maturitatem
828 1972 911 2049 Afri,
943 1974 1157 2036 iucunditatem

106 2066 141 2118 12
149 2054 261 2136 Crispi,
277 2075 379 2119 sonum
395 2056 547 2132 Trachali,
563 2056 737 2134 elegantiam
753 2056 889 2118 Secundi.
919 2056 958 2115 At
973 2055 1012 2116 tl.
1026 2057 1156 2121 Tulliam

147 2158 205 2200 non
226 2141 305 2202 illum
317 2142 464 2214 ,habemus
480 2140 699 2220 Euphranorem
717 2142 795 2202 circa
813 2141 937 2219 plurium
961 2142 1068 2202 artium
1088 2162 1154 2222 spe

148 2227 209 2285 cies
224 2236 421 2303 praestantem
438 2226 491 2286 sed
505 2226 538 2283 in
549 2225 697 2301 omnibus,
719 2243 794 2303 qnae
810 2227 837 2285 in
853 2242 970 2303 quoqne
984 2224 1151 2302 laudantur,

149 2309 408 2370 eminentissimum.
441 2309 534 2383 Quem
549 2318 645 2369 tamen
664 2318 694 2369 et
708 2327 825 2370 snorum
839 2309 970 2369 homines
985 2318 1152 2389 temporum

147 2396 297 2452 incessere
320 2394 463 2454 audebant
484 2402 514 2454 nt
534 2394 714 2454 tumidiorem
736 2402 765 2453 et
780 2394 917 2453 Asianum
939 2403 968 2452 et
985 2394 1150 2456 redundan-

149 2485 208 2535 tem
223 2485 252 2535 et
271 2478 299 2536 in
313 2477 535 2555 repetitionibus
557 2479 671 2538 nimium
688 2487 717 2537 et
731 2479 761 2537 in
776 2478 883 2538 salibus
898 2478 1050 2555 aliquando
1068 2479 1148 2556 frigi·

149 2561 214 2620 dum
229 2569 259 2620 et
275 2563 303 2620 in
319 2563 529 2642 compositione
547 2562 685 2638 fractum,
702 2562 879 2622 exultantem
894 2581 929 2621 ac
945 2580 1049 2640 paene,
1070 2563 1149 2642 quod

108 2645 252 2725 ltprooul
273 2645 362 2720 absit,
384 2647 447 2705 viro
469 2645 647 2715 molliorem;
670 2656 775 2726 postea
790 2664 862 2706 vero
880 2664 965 2725 quam
979 2646 1148 2706 triumvirali

148 2730 362 2809 proscriptione
385 2737 573 2807 consumptus
595 2739 656 2806 est,
683 2733 791 2809 passim
809 2732 857 2810 qui
873 2730 1007 2804 oderant,
1035 2733 1085 2808 qni
1106 2733 1146 2790 in·

148 2813 301 2889 ridebant,
320 2815 367 2892 qui
383 2813 615 2890 aemulabantur,
632 2814 797 2876 adulatores
814 2817 899 2875 etiarn
914 2816 1077 2893 praesentis
1095 2833 1145 2894 po·

149 2900 255 2957 tentiae
271 2915 329 2958 non
342 2915 549 2978 responsurum
564 2901 738 2964 invaserunt.
765 2898 820 2960 llle
835 2909 945 2973 tamen,
966 2898 1015 2976 qni
1034 2899 1145 2958 ieiunas

150 2981 350 3058 aquibnadam
367 2993 454 3062 atque
470 2984 566 3044 aridus
584 2982 724 3059 habetur,
741 3000 799 3042 non
816 2982 900 3043 aliter
916 2982 952 3042 ab
970 2982 1040 3061 ipsis
1055 2983 1145 3043 inimi·

150 3066 192 3123 cis
207 3065 282 3124 male
305 3067 404 3143 andire
420 3085 503 3145 quam
518 3068 609 3126 nimiis
626 3066 744 3127 lloribns
761 3077 790 3127 et
808 3068 916 3145 ingenii
930 3066 1073 3127 alllueotia
1093 3084 1143 3145 po·

149 3148 210 3206 tuit.
247 3147 362 3209 Falsum
385 3152 641 3229 utrumque,‘sed
663 3161 757 3211 tamen
777 3151 827 3211 illa
848 3151 1004 3210 mentiendi
1024 3153 1143 3230 propior

42 3246 45 3254 '
108 3233 277 3295 lloccasio.
310 3233 471 3313 Praecipue
491 3245 750 3314 vero-presserunt
765 3254 845 3310 eum,
863 3236 910 3314 qui
925 3235 1017 3295 videri
1032 3233 1140 3296 Attico

149 3333 210 3374 rum
231 3316 390 3376 imitatores
406 3321 622 3396 concupierant.
652 3318 733 3380 llaec
752 3337 851 3380 manns
874 3320 955 3397 quasi
977 3317 1139 3396 quibusdam

151 3401 241 3458 sacris
256 3400 364 3459 initiata
381 3409 412 3459 ut
427 3402 617 3478 alienigenam
634 3412 663 3461 et
681 3421 781 3482 parum
795 3404 955 3464 studiosum
969 3403 1136 3463 devinctum·

154 3499 205 3507 ·“’
230 3483 288 3545 ilis
314 3482 428 3562 legibus
449 3486 674 3565 insequebatur;
700 3488 776 3547 unde
797 3506 873 3549 nnnc
887 3505 1003 3568 quoque
1024 3487 1090 3548 aridi
1111 3498 1136 3548 et
