2434 3925
154 122 193 183 72
467 134 830 195 manaucandum

153 307 209 368 qua
230 306 305 350 voce
328 290 419 348 omnis
440 288 606 349 intellectus
630 290 724 368 accipi
744 298 856 367 potest:
880 291 932 350 sed
955 290 1011 350 hoc
1032 294 1155 354 nomine

152 373 293 433 donarunt
308 391 358 449 ea,
383 391 456 454 quae
472 391 528 433 non
546 372 657 446 dicunt,
681 391 780 433 verum
801 373 922 451 intelligi
939 373 1058 436 volunt:
1081 386 1113 436 ut
1127 379 1152 437 iu

153 475 232 532 eum,
254 475 338 534 quem
354 460 469 537 saepius
491 477 508 518 a
530 456 598 517 ludo
618 457 780 517 redemerat
801 475 903 533 soror,
927 468 1065 534 agentern
1089 479 1152 520 cum

153 559 187 601 ee
203 541 327 616 talionis,
344 542 421 621 quod
439 543 465 601 ei
481 540 618 620 pollicem
636 542 787 602 dormienti
810 541 979 617 recidisset,
997 541 1088 605 Erae
1104 547 1149 606 di-

149 644 245 704 pmac,
265 633 298 686 ut
317 626 449 688 luderes
468 627 618 703 integram
637 641 770 686 monam.
810 626 859 685 Sic
882 628 955 702 enim
977 626 1095 688 auditur
1120 636 1150 690 ct

111 711 356 789 lddepupmarcc.
386 709 515 769 Vocatur
529 708 637 787 aliquid
659 719 688 769 et
710 709 892 777 clausula;
921 727 1013 788 quae,
1045 714 1074 772 si
1096 721 1147 788 est,

152 794 229 872 quod
245 793 459 854 conclusionem
474 794 611 868 dicimus,
632 802 662 852 et
685 803 764 854 recta
783 802 812 852 et
827 793 994 871 quibusdam
1009 796 1038 853 in
1062 798 1147 875 parti·

151 877 204 937 bus
217 880 386 938 necessaria
401 887 461 937 est:
493 875 597 950 Quare
618 879 708 955 ptime
722 880 761 939 de
775 887 875 939 oestro
888 880 973 957 facto
985 880 1149 956 salomonici

151 981 276 1023 necesse
297 970 360 1038 eat,
388 978 479 1040 quam
504 960 622 1039 &parii
644 965 765 1041 culpam
786 963 880 1023 ullam
900 963 1146 1041 reprehendatis.

152 1047 210 1106 Sed
226 1065 299 1105 nunc
315 1046 390 1105 aliud
405 1046 520 1121 volunt,
545 1054 575 1104 ut
599 1047 690 1104 omnis
710 1064 813 1104 sensus
827 1048 856 1105 in
875 1046 931 1105 dne
946 1049 1093 1107 sermonis
1107 1048 1147 1109 le·

111 1132 204 1193 ltriat
221 1148 326 1189 aurem.
372 1129 469 1208 'l'urpe
490 1138 584 1190 autern
605 1147 639 1189 ac
654 1147 747 1208 prope
763 1129 844 1189 nefas
862 1131 976 1206 ducunt,
998 1134 1147 1209 respirare

152 1213 212 1273 ullo
228 1214 307 1289 loco,
322 1215 369 1295 qui
386 1215 621 1274 acclamationem
640 1232 696 1277 non
714 1214 840 1291 petierit.
876 1214 946 1274 lnde
960 1215 1059 1276 minuti
1084 1234 1147 1277 cor·

151 1299 284 1376 ruptique
306 1297 443 1358 sensiculi
464 1307 493 1358 et
513 1307 593 1357 extra
615 1316 675 1357 rem
696 1299 791 1376 petiti;
812 1301 1001 1376 nequeenim
1023 1309 1148 1378 possunt

146 1392 207 1440 tam
223 1381 328 1441 multae
343 1381 436 1442 bonae
452 1384 611 1442 sententiae
631 1399 714 1458 esse,
734 1399 825 1461 xquam
839 1400 962 1442 necesse
979 1392 1024 1442 est
1038 1385 1148 1445 multae

152 1467 207 1524 sint
222 1464 377 1525 clausulae.

113 1559 145 1611 15
234 1548 292 1608 Iam
313 1549 386 1610 haec
402 1551 493 1627 magis
515 1568 589 1610 nova
613 1551 816 1610 sententiarum
835 1568 953 1627 genera.
993 1549 1044 1610 Ex
1066 1552 1148 1612 ino·
1203 1561 1204 1580 ¹

153 1634 297 1712 pineto:
323 1644 353 1694 ut
369 1635 439 1695 dixit
454 1633 555 1693 Villius
572 1632 691 1712 Crispus
706 1635 735 1693 in
751 1652 832 1709 eum,
851 1636 909 1713 qui,
928 1653 991 1695 cum
1005 1634 1148 1696 loricatus

49 1724 53 1731 '
152 1718 180 1777 in
203 1717 268 1777 ioco
291 1718 464 1793 ambularet,
491 1717 714 1797 praetendebat,
735 1718 764 1778 id
786 1737 818 1778 se
839 1727 915 1777 metu
931 1719 1048 1795 iacere,
1072 1718 1150 1793 Oete

151 1803 205 1864 tibi
218 1804 264 1863 cic
284 1804 389 1865 timere
401 1804 560 1881 parnticit?
592 1801 630 1863 Et
650 1802 800 1879 insigniter
819 1802 970 1863 Africanus
992 1803 1068 1880 apud
1090 1802 1147 1864 Nc·

153 1902 253 1945 runem
268 1886 304 1946 de
319 1895 411 1947 morte
427 1887 540 1961 matris,
563 1885 683 1966 Rapum
703 1895 746 1963 te,
773 1882 910 1964 Cacsar,
927 1886 1047 1949 Galliac
1062 1895 1147 1966 titas,

112 1977 183 2036 liat
197 1972 373 2049 felicitatem
390 1981 473 2033 taam
493 1972 614 2050 fortiter
634 1971 731 2049 ferat.
770 1972 840 2031 Sunt
860 1980 890 2031 et
911 1971 985 2031 alio
1010 1971 1145 2033 relata:

151 2064 182 2114 ut
197 2056 270 2114 Afer
284 2055 439 2131 Domitius,
461 2073 523 2115 cum
538 2054 713 2115 Domitillam
728 2054 914 2131 defenderet,
940 2057 985 2115 cul
1000 2054 1147 2116 obiectum

153 2140 269 2214 crimen,
290 2140 366 2216 quod
381 2141 480 2215 virum,
497 2142 544 2217 qui
559 2140 632 2198 inter
646 2138 821 2198 rebellantes
843 2139 957 2214 iuerat,
975 2139 1146 2217 sepelisset,

151 2224 303 2283 remiserat
319 2221 464 2298 Claudius,
482 2224 510 2282 in
525 2223 643 2301 epilogo
658 2222 732 2282 lilios
750 2225 810 2283 eius
829 2223 992 2300 alloquens,
1013 2220 1147 2284 Matrem

112 2311 269 2379 litamen,
292 2308 396 2384 inquit,
414 2310 506 2385 paeri
527 2309 691 2385 sepelitote.
706 2368 709 2375 Α
726 2305 764 2367 Et
784 2306 935 2367 aliunde
954 2308 1089 2385 petita,
1118 2305 1146 2367 id

153 2391 240 2448 estin
260 2389 345 2449 alium
360 2386 454 2450 locum
476 2409 513 2452 ex
533 2391 590 2451 alio
611 2390 757 2451 translata.
793 2389 849 2450 Pro
871 2391 989 2468 Spatale
1011 2388 1144 2468 Crispus,

153 2474 201 2551 qui
216 2472 353 2533 heredem
366 2483 475 2550 amator
488 2476 673 2549 institueram,
684 2472 840 2551 Decessit,
863 2494 932 2537 cam
946 2475 1073 2536 auderet
1088 2492 1144 2535 aa·

151 2577 206 2618 mcc
227 2559 438 2636 duodecimam.
480 2557 636 2621 Hominem
665 2559 816 2634 divinam,
842 2559 894 2636 qai
920 2560 980 2620 cidi
998 2558 1146 2619 icdulcitl

113 2640 233 2705 raiaco
249 2641 385 2719 quasdam
401 2644 557 2702 sententias
581 2643 645 2702 sola
667 2643 884 2719 geminatio:
912 2641 1004 2720 qualis
1025 2649 1070 2700 est
1090 2642 1144 2701 Se·

153 2743 243 2802 nacae
258 2729 287 2785 in
303 2743 339 2786 eo
355 2727 474 2804 scripto,
491 2727 567 2804 quod
582 2726 662 2786 Nero
677 2727 712 2786 ad
732 2727 866 2786 Senatum
881 2727 956 2786 rnisit
970 2727 1067 2785 occisa
1085 2741 1144 2786 ma·

153 2819 208 2885 tre,
231 2829 294 2871 curn
308 2828 341 2870 se
361 2810 551 2888 periclitatum
566 2811 657 2871 videri
674 2809 780 2871 vellet:
800 2809 925 2871 Salvam
940 2828 987 2871 me
1002 2827 1069 2871 ecee
1085 2807 1144 2870 ad·

152 2895 213 2956 luc
226 2915 282 2957 aec
298 2896 391 2957 credo
404 2913 461 2955 nec
471 2895 601 2972 pendeo.
629 2894 743 2969 Melior,
758 2913 821 2955 cum
833 2911 870 2953 ex
882 2893 1032 2953 contrariis
1043 2892 1139 2953 valet:

154 2976 277 3053 Habeo,
297 2994 384 3056 quem
401 2977 537 3057 sapiam
564 2995 652 3056 pacm
673 2995 804 3057 sequar,
825 2997 885 3039 nom
903 2977 1008 3040 ludeo.
1051 2974 1143 3053 oeta,

154 3063 236 3139 quod
254 3064 362 3138 miser,
391 3082 459 3124 cmm
478 3064 562 3140 loqui
580 3082 639 3124 mon
658 3072 777 3141 poscet,
799 3070 903 3124 tacere
922 3079 982 3123 mac
1001 3060 1143 3139 poterat?

113 3144 196 3209 reita
215 3163 286 3204 vero
304 3146 334 3205 iit
349 3146 557 3224 pulcherrima,
579 3163 642 3205 curn
659 3147 753 3223 aliqua
769 3147 982 3224 comparatione
998 3143 1143 3205 clarescit.

156 3228 312 3289 Trachalus
329 3240 428 3290 contra
443 3230 594 3310 Spatalen:
617 3228 721 3291 Placet
739 3231 795 3291 lenc
811 3248 894 3308 erpo,
909 3231 1001 3309 leaeo,
1018 3229 1142 3307 dillpett·

155 3316 289 3375 mamae
302 3315 429 3390 pudoris
446 3316 602 3393 custodes,
625 3310 762 3377 decimae
781 3314 929 3376 amatae
942 3314 1033 3392 dati,
1047 3328 1142 3390 quast

154 3406 204 3462 tos
217 3398 446 3460 meretricibus?
