2434 3925
123 160 165 224 80
442 173 800 233 u.rau.aumr1n1am

123 330 287 390 moriantur.
313 327 369 387 Vix
380 327 439 403 illa,
457 347 530 406 quae
540 324 720 405 πεποιημένα
729 336 844 402 vocant,
856 346 936 405 squae
948 348 984 388 ex
996 330 1127 389 vocibus

122 416 151 474 in
167 432 248 472 usum
263 415 390 490 receptis
407 429 578 490 quocunque
594 411 679 471 modo
694 411 887 488 declinantur
904 414 986 473 nobis
1002 417 1128 492 permit·

122 500 223 572 tinius,
240 496 333 574 qualia
349 505 412 554 sunt
423 494 583 557 sullaturit
596 505 624 554 et
633 498 872 581 proscripturit;
890 507 975 574 atque
987 500 1130 559 laureati

81 591 224 660 capnias
240 597 293 657 pro
309 579 360 638 illo
376 583 465 641 lauro
480 581 632 654 coronati,
649 598 686 638 ex
701 580 801 639 eadem
822 579 936 639 fictione
952 590 1025 639 sunt.
1061 582 1129 641 Sed

96 664 180 725 *boc
203 664 328 722 feliciter
351 663 471 730 evaluit;
502 673 530 723 at
556 673 654 722 contra
674 666 723 725 oio
743 680 795 742 pra
816 682 865 738 co,
892 665 1045 724 infelicius.
1090 666 1127 724 ln

125 748 242 808 Graecis
258 738 547 818 ὀιιισθεναιόιουθος
561 764 619 806 non
631 746 706 806 bene
723 765 757 806 ac
774 747 843 806 dure
860 751 942 807 etiam
958 751 1126 825 iungemus,

124 849 171 909 qm
165 832 343 890 'toleranter
359 832 458 890 videre
474 832 691 909 septentriones
707 832 843 890 videmur

83 926 118 981 34
206 913 250 974 Eo
272 917 362 990 magis
388 916 552 973 necessaria
576 910 822 992 κατάχρησις,
850 934 932 992 quam
948 926 1028 975 recte
1051 917 1127 975 dici·

123 1015 185 1058 mus
202 997 436 1073 abusionem,
455 1016 529 1075 quaa
544 1016 600 1056 non
615 997 784 1057 habentibus
795 1016 898 1057 nomen
913 1018 992 1059 suum
1005 1016 1127 1059 accom-

123 1083 235 1157 modat,
260 1082 335 1159 quad
350 1084 378 1139 in
393 1084 524 1160 proximo
543 1090 601 1140 est:
626 1084 668 1141 sic

246 1199 288 1211 ——
310 1163 429 1242 Earnun
446 1168 550 1227 diuina
565 1164 704 1226 Palladis
718 1173 786 1227 orte
799 1166 981 1244 Aedificant,

83 1260 154 1315 δῦθι
168 1249 243 1328 apud
256 1248 396 1325 Tragicos
412 1248 527 1310 Etiam
542 1253 588 1311 leo
600 1252 722 1327 pariet·
738 1259 765 1308 at
780 1257 863 1327 pater
878 1259 931 1309 est.
964 1249 1043 1309 Mille
1057 1260 1126 1309 sunt
1210 1325 1211 1330 η

125 1334 213 1393 haec:
233 1343 261 1392 et
276 1334 438 1394 acetabulo
453 1334 588 1411 quidquid
599 1333 720 1409 habent,
738 1342 766 1391 et
775 1335 909 1413 ppaidea
925 1336 1125 1412 cuiuscunque

124 1419 261 1476 materiae
282 1426 368 1490 sunt,
380 1427 408 1475 et
420 1420 587 1496 parricida
608 1420 705 1476 matris
722 1435 837 1495 quoque
855 1427 901 1480 aut
917 1418 1011 1477 fratris
1032 1419 1125 1476 inter-

87 1521 93 1540 ¹
125 1502 229 1560 lector.
254 1499 537 1579 Discernendunrque
553 1510 597 1560 est
613 1500 669 1560 hoc
683 1511 772 1561 totum
787 1502 999 1561 atranslatiane
1015 1520 1123 1577 genus,

125 1585 190 1662 quia
208 1583 308 1643 abusio
325 1593 388 1659 est,
409 1584 456 1645 ubi
473 1603 575 1644 nomen
591 1585 695 1652 defuit;
718 1586 883 1660 translatio,
900 1584 948 1644 ubi
965 1585 1040 1643 aliud
1058 1586 1122 1644 fuit.

124 1668 196 1727 Nam
212 1676 317 1746 poetae
333 1668 427 1728 solent
443 1669 561 1729 abusive
575 1670 658 1728 etiam
671 1672 697 1727 in
713 1670 756 1728 his
769 1669 871 1767 rebus,
889 1669 990 1746 quibus
1006 1671 1123 1728 nomina

82 1760 177 1817 staua
194 1761 275 1827 sunt
298 1753 415 1811 vicinis
423 1757 518 1851 potrus
534 1754 588 1821 ιιι
610 1754 687 1831 quod
708 1771 802 1812 rarum
822 1770 851 1811 ιιι
866 1770 952 1830 prosa
969 1762 1022 1811 est
1068 1752 1123 1811 llla

127 1853 242 1914 quoque
258 1836 371 1913 quidam
386 1831 574 1917 καταχρήσεις
588 1838 688 1896 volunt
706 1856 788 1911 esse,
808 1855 870 1896 cum
891 1854 943 1914 pra
959 1837 1122 1895 temeritate

124 1923 222 1981 uirtus
238 1930 285 1980 aut
300 1938 353 1999 pro
370 1921 480 1982 luxuria
496 1922 666 1983 liberalitas
679 1921 789 1981 dicitur.
831 1919 857 1978 Α
874 1920 1023 1998 quibus
988 1936 1045 1979 eao
1060 1922 1121 1998 qni·

126 2004 190 2063 dem
206 2004 359 2072 dissentio;
382 2024 502 2087 namque
521 2007 548 2063 ιιι
562 2005 606 2064 bis
621 2024 678 2068 non
695 2006 814 2064 verbum
830 2022 882 2082 pra
898 2005 989 2064 verbo
1006 2005 1122 2082 ponitur

126 2089 178 2148 sed
199 2107 247 2146 res
269 2106 322 2166 pro
346 2108 388 2148 re.
437 2090 539 2168 Neque
562 2092 635 2148 enim
662 2094 810 2167 quisquam
830 2098 909 2167 putat
929 2090 1067 2149 luxuriam
1091 2097 1122 2145 et

125 2171 323 2233 liberalitatem
339 2175 413 2233 idem
425 2175 603 2251 significare;
619 2192 718 2233 verum
729 2173 773 2248 id,
791 2171 866 2251 quod
883 2176 935 2248 sit,
951 2174 1022 2232 alius
1038 2172 1122 2230 luxu·

124 2258 194 2315 riam
210 2273 276 2313 esse
293 2256 360 2316 dicit
372 2258 444 2318 alius
462 2254 679 2335 liberalitatem,
696 2259 823 2337 quamvis
838 2259 930 2316 neutri
943 2255 1056 2316 dubium
1072 2258 1121 2324 sit,

124 2340 198 2398 baec
213 2356 279 2396 esse
295 2340 417 2401 diversa.

79 2429 117 2486 37
208 2422 347 2499 Superest
364 2443 401 2484 ex
415 2425 476 2500 bia,
501 2444 574 2503 quae
596 2426 680 2485 aliter
700 2423 877 2501 significant,
896 2407 1122 2501 μετάληψις,

125 2506 153 2567 id
176 2514 219 2564 est
240 2511 441 2585 transumptio,
469 2527 542 2586 quae
564 2528 600 2568 ex
622 2510 679 2568 alio
700 2519 784 2586 tropa
802 2510 830 2567 in
848 2507 932 2566 alium
952 2507 1064 2565 velut
1045 2509 1121 2564 riam

126 2598 268 2669 praestat:
294 2600 322 2649 et
340 2593 500 2652 rarissimus
523 2603 551 2651 et
566 2595 687 2653 maxime
702 2592 874 2671 improprius
891 2590 1009 2651 Graecis
1026 2600 1121 2648 tamen

126 2675 322 2771 frequentior,
339 2678 386 2752 qui
402 2675 586 2738 Centaurum
605 2674 728 2736 Chirona
745 2685 774 2734 et
789 2692 920 2737 sonorae
936 2677 1052 2735 inanius
1069 2668 1120 2750 νή-

126 2748 285 2830 σουςθοὰς
300 2758 404 2819 dicunt
448 2759 509 2818 Nos
526 2762 588 2839 quis
605 2761 693 2837 ferat,
716 2779 739 2818 sr
733 2759 873 2818 Verrem
889 2779 974 2820 anem
986 2767 1033 2817 aut
1049 2756 1120 2816 Lae·
1210 2800 1211 2803 η

84 2844 191 2906 aelium
214 2843 333 2903 doctum
356 2846 553 2904 nominemus?
595 2844 649 2904 Est
673 2847 747 2903 enim
761 2843 863 2903 haec
855 2862 883 2901 m
897 2842 1049 2920 metalepsi
1071 2859 1119 2899 na·

125 2937 205 3000 tura,
224 2934 252 2984 ut
264 2927 338 2986 inter
348 2929 392 3003 id,
411 2929 487 3006 quod
503 2929 687 3004 transfertur,
700 2930 740 2987 sit
755 2928 863 2987 medius
876 2926 987 3004 quidam
1001 2926 1119 3002 gradus,

125 3009 195 3069 nibil
217 3011 280 3086 ipse
303 3013 466 3089 significans
483 3012 534 3071 sed
551 3013 694 3090 praebens
715 3013 875 3075 transitum
902 3028 987 3087 quem
1007 3019 1119 3086 tropum
1208 3010 1211 3033 ¹

125 3098 217 3172 magis
242 3100 424 3171 affectamus,
447 3106 477 3155 ut
500 3095 607 3155 babere
629 3097 789 3170 videamur,
813 3112 896 3173 quam
917 3093 976 3153 ullo
999 3094 1026 3150 in
1051 3093 1119 3151 loco

126 3178 330 3240 desideramus.
375 3179 445 3238 Nam
471 3180 498 3238 id
519 3182 580 3238 eius
602 3179 861 3257 frequentissimum
887 3177 1049 3255 exemplum
1077 3185 1120 3234 est

101 3258 225 3341 *oano,
248 3273 351 3338 canto,
374 3265 461 3332 dico‚·
484 3265 521 3322 ita
537 3282 631 3338 cano,
650 3265 728 3324 dico.
769 3258 894 3322 interest
913 3262 1034 3341 medium
1051 3258 1119 3319 illud

84 3353 222 3410 39canto.
264 3347 327 3406 Nec
345 3347 446 3404 diutius
463 3349 490 3405 in
506 3364 541 3406 eo
559 3347 739 3414 morandum
762 3346 830 3406 nihil
847 3347 920 3404 enim
937 3363 1005 3404 usus
1023 3343 1116 3403 admo·

127 3428 191 3492 dum
206 3431 291 3491 videa
306 3431 375 3504 nisi,
399 3439 428 3488 ut
442 3431 515 3506 dixi,
540 3433 568 3488 ιιι
584 3430 694 3489 mediis.
