2434 3925
352 232 603 283 monosticon.
616 233 780 300 numum.
999 220 1058 286 ’169

66 406 141 448 sere
154 388 274 448 elicimus
289 384 373 464 quem
387 405 463 465 quoe
476 387 618 465 iungimus,
636 388 744 448 credat.
775 389 846 448 Srunt
862 388 975 468 quidem
990 390 1099 469 bse,35
1157 397 1167 407 ”

66 490 141 550 quus
160 488 249 549 supro
271 471 374 546 retuli,
395 474 518 531 virtutes
539 472 657 531 aliarum
678 489 793 551 quoque
809 475 943 551 partium.
986 474 1058 535 Nam

4 550 6 653 l
65 565 100 616 et
109 573 165 633 per
178 563 269 614 totam
282 556 425 616 sotionem
438 556 551 615 uitanda
565 564 609 613 est
622 556 783 615 obscuritas
796 566 825 615 et
840 557 940 617 modus
951 558 1067 637 ubique‘

67 637 285 713 eustodieudus,
301 648 331 698 et
346 638 494 698 credibilis
509 656 576 697 esse
588 640 680 698 omniu
696 649 812 717 oportet
826 658 901 719 quae
915 641 1056 702 dicuntur.

66 721 192 783 sturm
204 730 298 781 tumen
313 721 386 781 boec
397 724 425 780 in
437 739 471 782 ea
486 731 568 800 purte
585 723 773 784 custodienda
788 732 862 799 sunt,
879 742 954 801 quae
968 728 1058 804 prims

66 805 191 865 inbicem
206 804 308 874 docet3
331 807 359 865 in
381 822 436 883 qus
451 808 475 864 si
490 806 646 881 ceciderit,
669 814 699 864 ut
718 815 765 866 sut
782 824 838 866 non
854 808 996 884 intelligat
1011 820 1058 868 aut

67 905 127 948 nou
135 890 298 948 meminerit
312 898 360 949 sut
374 890 551 964 concredat,
567 889 672 949 lrustm
685 891 713 949 in
725 890 843 968 reliquis
855 890 1058 951 laborabimus:

66 971 133 1032 Erit
146 981 240 1032 sutem
254 975 380 1032 serratio
400 982 526 1051 apertu
547 981 633 1050 utque
650 973 826 1049 dilucida,
850 974 980 1034 siluerit
1001 978 1098 1054 pri-36

67 1073 144 1115 muns
162 1058 297 1134 expositu
315 1056 413 1116 verbis
431 1058 557 1134 propriis
578 1065 607 1115 et
626 1058 850 1133 significantibus
872 1067 901 1117 et
923 1076 980 1119 nou
994 1077 1061 1118 sor·-

68 1138 143 1199 ditlis
158 1139 271 1216 quidem
289 1156 347 1199 uon
366 1150 460 1200 tumen
482 1141 633 1217 exquisitis
664 1148 693 1200 et
714 1140 750 1200 nb
770 1160 824 1200 usu
844 1144 976 1212 remotis;
1000 1152 1059 1202 tum

68 1221 203 1282 distincte
223 1222 328 1299 rebus,
351 1226 500 1301 personis,
527 1224 721 1301 temporibus,
743 1225 833 1301 locis,
859 1229 971 1303 caursis,
994 1229 1058 1305 ipsu

69 1308 156 1366 etiam
173 1309 405 1383 pronuntiatione
429 1310 457 1366 in
477 1307 534 1366 boc
555 1308 786 1384 accommodata,
808 1309 959 1386 utiudex,
983 1328 1057 1388 quse
1100 1361 1105 1371 .

68 1389 209 1465 dicentur,
228 1407 312 1468 quum
326 1391 461 1451 facillime
476 1392 618 1468 accipiat·
636 1389 716 1464 Quae
733 1393 846 1470 quidem
860 1395 950 1452 virtus
965 1392 1099 1472 neglibi

68 1475 146 1550 gitur
161 1490 178 1533 a
196 1473 341 1551 plurimis,
363 1477 411 1553 qui
427 1475 462 1534 sd
476 1474 631 1534 clamorem
645 1477 805 1553 dispositae
818 1476 867 1536 vel
882 1479 966 1537 etism
980 1479 1056 1538 lorte

69 1556 260 1617 circumfusae
272 1557 457 1619 multitudinis
469 1560 621 1635 compositi
635 1576 691 1617 non
702 1560 797 1619 lerunt
810 1560 880 1620 illud
893 1563 1057 1621 intentionis

69 1640 214 1700 silentium
228 1659 283 1700 nec
299 1641 354 1701 sibi
370 1641 469 1701 diserti
483 1642 631 1717 uidentur,
645 1644 699 1700 nisi
714 1645 805 1702 omnia
823 1645 941 1704 tumultu
957 1655 986 1705 et
1005 1662 1057 1704 vo·

70 1724 241 1784 eiferstione
260 1729 473 1793 concusserint;
496 1743 557 1784 rem
576 1725 703 1784 indicare
717 1729 858 1785 sermonis
879 1727 1014 1788 cotidiani
1029 1738 1058 1789 et

68 1810 99 1867 in
121 1825 321 1886 quemcunque
343 1810 429 1868 etium
449 1808 627 1867 indoctorum
647 1809 774 1869 cudentis
796 1811 972 1880 existimant3
994 1828 1057 1873 curn

68 1892 198 1967 iuterim,
222 1892 299 1971 quod
323 1901 456 1970 tauquam
480 1891 566 1951 facile
587 1901 784 1969 contemnunt,
814 1895 944 1969 nescias,
973 1912 1058 1974 prse-

70 1985 148 2036 sture
162 1977 255 2035 minus
270 1977 413 2036 uelint‘an
426 1977 548 2054 possint.
581 1975 684 2054 Neque
699 1980 772 2036 enim
786 1976 862 2037 aliud
877 1980 905 2035 in
919 1978 1100 2057 eloqueu-as

71 2062 127 2134 tiu,
156 2068 258 2120 cuneta
280 2063 409 2138 experti,
438 2059 582 2119 difficillus
598 2062 745 2139 reperient
762 2078 846 2138 quam
866 2060 910 2137 id,
932 2063 1010 2139 quod
1024 2081 1057 2122 se

70 2143 161 2202 luisse
174 2142 302 2202 dicturos
317 2160 416 2203 omnes
429 2152 543 2224 putent,
562 2153 714 2224 postquam
733 2146 896 2220 audieruut,
921 2148 1057 2223 quianon

69 2227 145 2286 bonu
167 2226 291 2287 iudicent
312 2246 379 2290 esse
400 2231 451 2290 illu
468 2229 520 2289 sed
539 2246 619 2287 vera.
656 2228 726 2288 Tum
747 2237 839 2288 sutem
860 2230 966 2307 optime
990 2229 1058 2290 <licit

70 2319 185 2389 orator,
208 2331 272 2374 oum
291 2315 404 2374 uidetur
424 2330 495 2373 vere
516 2312 624 2372 dicere.
660 2311 698 2371 At
720 2330 808 2388 nuno,
828 2313 908 2372 velut
929 2324 1099 2391 campum39

70 2400 146 2458 nacti
168 2400 373 2476 expositionis,
394 2397 441 2458 bic
462 2399 638 2475 potissimum
656 2405 685 2455 et
698 2413 801 2455 vocem
817 2395 934 2456 flectunt
950 2405 979 2455 et
994 2415 1056 2456 cer·

69 2484 163 2540 vicem
175 2490 317 2559 reponunt
332 2491 361 2542 et
375 2479 520 2540 brachium
534 2483 562 2539 in
577 2481 652 2539 latus
665 2481 770 2539 iactent
785 2488 905 2558 totoque
920 2490 948 2539 et
962 2499 1057 2540 rerum

70 2573 101 2624 et
128 2564 283 2625 uerborum
310 2574 339 2625 et
365 2565 581 2641 compositionis
607 2581 718 2639 genere
744 2563 909 2633 lasciviunt:
942 2564 1056 2641 deinde,

71 2649 147 2726 quod
162 2651 200 2708 sit
214 2659 342 2708 monstro
356 2649 464 2723 simile,
480 2647 577 2726 placet
592 2650 684 2722 actio,
704 2665 790 2706 causa
805 2665 862 2705 non
878 2648 1055 2724 intelligitur.

69 2731 178 2791 Verum
192 2732 265 2792 baec
281 2735 455 2806 omittemus,
473 2749 510 2790 ne
524 2734 615 2789 minus
632 2732 742 2807 gratiae
758 2731 962 2808 praecipiendo
977 2739 1057 2790 reotn

71 2831 154 2894 quem
169 2816 297 2875 offensae
311 2813 550 2895 reprehendendo
563 2831 653 2893 prava
666 2832 833 2873 mereamur.
863 2813 988 2872 Brevis
1004 2816 1099 2878 erit40
1209 2867 1211 2870 .

70 2899 196 2958 narmtio
212 2909 277 2959 ente
293 2902 401 2974 omnia,
416 2902 441 2957 si
454 2898 522 2957 inde
538 2900 719 2975 coeperimus
734 2916 793 2957 rem
809 2913 967 2974 exponere,
982 2897 1057 2956 unde

70 2982 107 3042 ad
121 2982 243 3042 iudicem
258 2986 391 3060 pertinet
409 2982 523 3057 deinde,
539 2983 563 3039 si
579 2981 647 3040 nibil
662 2990 743 3040 extre
759 2998 873 3040 causam
887 2980 1055 3046 dixerimus:

69 3067 244 3139 tumetium,
265 3066 289 3123 si
304 3066 491 3125 reciderimus
509 3065 616 3139 omnia,
641 3064 743 3142 quibus
763 3063 882 3122 sublatis
896 3079 991 3141 neque
1007 3081 1054 3122 co

69 3150 191 3226 goitioni
218 3149 370 3227 quidquam
395 3165 489 3227 neque
515 3149 629 3208 utilitati
654 3148 828 3207 detrabatur.
875 3148 958 3207 Solet
984 3148 1096 3213 enimsi

7 3235 8 3292 l
70 3232 210 3310 quaedam
232 3250 298 3292 esse
321 3234 441 3310 partium
463 3232 608 3307 brevitas,
628 3249 703 3309 quse
716 3230 837 3307 'longum
855 3239 948 3290 tamen
969 3230 1057 3290 elficit

7 3367 8 3386 ,
70 3333 216 3376 summam.
248 3315 420 3395 lopertum
433 3317 518 3392 oeni,
539 3334 648 3377 novem
663 3316 824 3392 prospexi,
846 3317 952 3393 quanti
967 3314 1056 3375 crte·

7 3393 9 3456 l
69 3407 120 3460 ret
141 3402 346 3478 iotswopcoi,
373 3401 412 3460 de
426 3401 530 3478 'pretio
545 3400 699 3473 convenit,
717 3400 899 3474 conscendi,
918 3398 1057 3457 sublatos

7 3465 9 3538 l
70 3492 143 3546 suot
158 3501 310 3562 uoooroe,
331 3484 475 3545 soluimus
487 3499 590 3558 orem,
607 3482 741 3561 profecti
761 3499 875 3545 eumue.
906 3478 984 3539 Nibil
1005 3476 1058 3537 bo·
