2434 3925
312 209 750 280 rusr.onuron.n1s.V,1s.
972 198 1034 263 235

31 385 125 428 causa
142 366 286 427 dlversum
302 375 350 427 aut
370 366 541 429 incredibile
560 376 608 429 aut
630 384 840 445 supervacuum
856 376 903 428 aut
918 376 1035 429 nostrae

30 453 135 531 potius
158 468 265 510 causae
285 451 416 511 videatur
436 469 504 511 esse
529 453 721 529 coniunctum.
769 449 909 511 Obiicitur
927 451 1034 531 Oppio,

29 536 115 615 quod
132 534 169 595 de
184 535 303 595 militurn
319 535 434 595 cibariis
449 534 622 602 detraxerim
647 553 782 613 asperum
799 537 920 604 crimem
939 537 992 596 sed
1008 536 1036 596 id

29 621 214 680 contrarium
229 619 355 679 ostendit
371 617 494 695 Cicero,
520 622 587 698 quia
607 619 694 678 iidem
715 629 902 679 accusatores
917 621 1035 680 obiece-

27 706 91 763 rint
107 701 217 782 Oppio,
235 703 311 781 quod
326 704 351 762 is
365 703 491 763 voluerit
504 705 663 763 exercitum
675 703 824 780 largiendo
837 720 1034 783 corrumpere

29 787 146 848 Testes
168 788 195 847 in
213 786 378 847 Cornelium
395 797 549 848 accusator
572 788 641 848 lecti
656 806 673 847 a
692 787 806 847 tribuno
822 788 931 847 codicis
950 788 1035 866 polli-
1045 795 1077 850 18

29 881 136 938 cetur;
157 870 228 931 facit
247 871 305 931 hoc
329 870 436 931 Cicero
461 890 689 950 supervacuum,
716 872 782 949 quia
811 873 874 950 ipse
902 872 1035 933 fateatur

28 956 113 1016 Petit
135 957 359 1016 accusationem
381 957 409 1015 in
429 955 553 1015 Verrem
583 955 619 1028 Q
651 954 811 1031 Caecilius,
840 956 917 1034 quod
944 956 1038 1015 luerat

29 1050 180 1119 quaestor
204 1026 283 1107 eius:
312 1041 405 1118 ipsum
426 1037 540 1100 Cicero
552 1048 582 1099 ut
603 1057 657 1117 pro
686 1058 719 1099 se
740 1039 904 1115 videretur,
928 1040 1036 1100 ellecit

29 1123 166 1200 Cetera,
188 1141 265 1223 quae
288 1132 502 1202 proponuntur,
531 1140 698 1183 communes
725 1122 1080 1184 locosbabent.dut19

30 1210 115 1269 euim
129 1209 298 1268 coniectura
313 1210 509 1282 excutiuntur,
533 1225 568 1268 an
589 1226 659 1267 vera
675 1209 745 1276 sint;
765 1217 815 1268 aut
834 1209 978 1283 linitione,
1003 1224 1038 1266 an

30 1293 174 1371 propria;
191 1301 238 1352 aut
254 1293 411 1370 qualitate,
430 1311 465 1352 an
481 1292 649 1367 inhonesta,
666 1293 779 1369 iniqua,
795 1292 941 1370 improba,
958 1291 1037 1351 inbu-

30 1393 139 1452 maruu,
159 1376 288 1436 crudelia
306 1386 336 1437 et
351 1385 468 1451 cetera,
488 1394 562 1454 quae
584 1377 611 1436 ei
634 1377 736 1453 generi
754 1376 896 1438 accidunt.
937 1375 1081 1454 anueto

30 1478 97 1520 non
117 1459 203 1521 modo
219 1461 248 1519 in
264 1460 511 1538 propositionibus
537 1462 589 1521 sed
611 1461 638 1519 in
653 1470 715 1521 toto
730 1479 841 1537 genere
856 1462 978 1521 actionis
997 1461 1038 1519 in·

30 1545 161 1604 tuenda:
182 1543 228 1602 An
246 1546 283 1602 sit
303 1544 447 1620 erudelis,
472 1554 503 1604 ut
522 1543 641 1604 Labieni
664 1546 692 1603 in
714 1544 859 1605 Rabirium
879 1544 948 1622 lege
971 1562 1037 1623 per·

32 1628 209 1696 duellionis:
235 1628 400 1702 inhumana,
421 1639 452 1687 ut
473 1628 634 1688 Tuberonis
652 1627 795 1704 Ligarium
814 1630 931 1690 exulem
952 1646 1038 1687 accu-

33 1713 131 1773 santis
152 1722 238 1790 atque
259 1713 286 1772 id
301 1714 430 1789 agentis,
452 1730 488 1772 ne
504 1716 531 1772 ei
547 1710 658 1773 Caesar
675 1715 822 1789 ignoscam
840 1712 983 1790 superba,
1008 1721 1039 1771 ut

33 1799 65 1856 in
89 1794 214 1875 Oppium
232 1816 270 1856 ex
291 1797 415 1875 epistola
434 1794 538 1856 Cottae
561 1816 641 1856 reum
661 1796 778 1856 lactum.
815 1796 939 1856 Proinde
956 1805 1079 1873 prae-21

35 1883 162 1959 cipites,
190 1882 364 1956 insidiosae,
383 1883 557 1958 impotentes
575 1880 838 1959 deprehenduntur.
875 1879 921 1939 Ex
936 1878 1039 1956 quibus

35 1975 137 2027 tameo
160 1966 318 2026 fortissime
340 1967 497 2041 invaseris,
522 1966 600 2045 quod
620 1976 665 2025 est
684 1975 731 2025 aut
748 1963 878 2024 omnibus
893 1961 1038 2043 periculo·

35 2068 112 2124 sum,
130 2058 161 2109 ut
178 2050 246 2110 dicit
262 2049 368 2111 Cicero
386 2068 439 2128 pro
461 2048 576 2111 Tullio:
593 2048 671 2123 Quis
689 2052 746 2110 boc
767 2052 874 2110 statuit
891 2064 1038 2125 osquam,

35 2144 95 2196 aut
110 2135 162 2195 eui
181 2136 310 2198 concedi
332 2136 399 2196 sirm
418 2154 533 2196 summo
555 2136 687 2197 omnium
705 2135 845 2213 periculo
866 2141 981 2211 potest,
1006 2140 1040 2192 ut

36 2237 108 2280 eum
123 2219 193 2279 iure
205 2221 338 2297 potuerit
355 2221 516 2295 occidere,
536 2238 556 2280 a
578 2236 638 2297 quo
659 2221 800 2279 metuisse
817 2237 851 2278 se
876 2219 976 2292 dicat,
999 2235 1038 2276 ne

35 2306 107 2382 ipse
119 2304 273 2380 posterius
287 2305 503 2366 occideretur?
519 2313 566 2363 aut
582 2305 653 2382 ipsis
665 2302 816 2376 iudicibus,
834 2310 866 2361 ut
877 2318 931 2379 pro
944 2300 1038 2379 Oppio

37 2396 140 2446 monet
159 2387 309 2465 pluribus,
330 2406 367 2446 ne
388 2387 457 2448 illud
482 2390 603 2447 actionis
619 2405 712 2464 genus
731 2388 759 2445 in
778 2395 943 2464 equestrem
963 2386 1038 2445 ordi·

38 2489 106 2530 narn
129 2470 285 2531 admittant.
329 2470 537 2550 Nonnunquam
558 2482 651 2532 tamen
677 2472 816 2549 quaedam
835 2470 910 2530 bene
926 2478 955 2529 et
971 2470 1080 2530 con-22

39 2564 205 2615 temnuntur
223 2555 273 2615 vel
294 2565 428 2634 tanquam
449 2556 524 2615 levia
544 2557 593 2616 vel
615 2555 843 2634 tanquam1nilril
864 2556 899 2615 ad
924 2571 1039 2614 causam
1133 2573 1141 2593 ·

39 2641 224 2738 pertipentia.
255 2639 351 2699 lllultis
370 2642 426 2700 boo
443 2640 517 2700 locis
537 2642 608 2700 lecit
621 2639 740 2707 Cicero;
760 2649 789 2699 et
806 2640 880 2698 baec
896 2638 1038 2697 simulatio

39 2724 155 2782 interim
175 2722 326 2802 hueusque
348 2726 498 2802 procedit,
525 2734 570 2801 ut,
596 2742 671 2802 quae
694 2725 818 2785 dicendo
837 2722 965 2783 refutare
981 2739 1039 2781 non

2 2837 3 2888 3
40 2823 208 2888 possumus,
227 2810 308 2886 quasi
324 2808 497 2868 fastidiendo
513 2809 669 2868 calcemus

2 2901 3 2922 t
128 2891 267 2965 Quoniam
282 2910 354 2952 vero
369 2896 491 2952 maxima
505 2910 574 2971 pars
591 2910 691 2952 eorum
706 2892 845 2952 similibus
858 2899 987 2950 constat:
1003 2889 1040 2948 ri·
1029 2889 1081 2944 -23

40 2975 174 3036 mendum
189 2978 243 3035 erit
258 2976 492 3054 diligentissime,
520 2976 587 3055 quid
608 2979 668 3035 sit
660 2996 688 3035 ιιι
704 2993 838 3054 quoque,
862 2975 939 3054 quod
958 2991 1039 3033 assu·

40 3060 137 3134 mitur,
161 3057 354 3121 dissimile.
388 3061 444 3120 ln
436 3080 497 3122 rure
514 3061 600 3120 lacile
620 3060 855 3139 deprehenditur.
897 3057 951 3118 Est
966 3061 1040 3123 enim

41 3145 180 3222 scriptum
196 3145 232 3204 de
248 3146 334 3205 rebus
356 3147 455 3224 utique
477 3146 617 3220 diversis,
643 3154 780 3220 tantoque
801 3140 891 3220 magis
915 3144 1041 3221 ipsarum

41 3246 139 3289 rerum
157 3227 318 3289 differentia
336 3240 435 3308 potest
450 3249 518 3289 esse
534 3229 694 3288 manifesta.
731 3227 801 3287 Illas
818 3245 891 3287 vero
911 3227 1040 3287 similitu·

43 3313 142 3388 dines,
165 3330 240 3391 quae
257 3314 397 3374 ducuntur
422 3333 459 3374 ex
480 3316 564 3373 mutis
580 3311 748 3373 animalibus
764 3322 812 3372 aut
828 3314 974 3386 inanimis,
998 3312 1040 3370 ia·

44 3398 102 3457 olle
126 3405 171 3456 est
195 3398 326 3459 eludere.
361 3398 504 3476 Exempla
525 3416 621 3457 rerum
642 3398 722 3457 varie
743 3396 891 3457 tractanda
914 3404 994 3469 sunt,
1014 3393 1082 3451 sits

44 3481 203 3552 nocebunt;
225 3502 301 3563 quae
315 3484 348 3542 si
362 3493 463 3546 vetera
479 3491 579 3560 erunt,
602 3482 736 3544 fabulosa
758 3484 857 3544 dicere
880 3480 994 3548 licebit;
1013 3476 1039 3536 si
