2434 3925
157 229 197 292 74
396 312 403 322 ἱ
470 242 830 302 n.ua13.ourun1n1nu1

156 396 313 477 prudenter
333 396 454 457 dicenda
477 397 616 471 viderint,
646 398 701 457 iam
725 416 818 477 prope
844 408 1039 458 consummata
1061 399 1151 459 luerit

157 483 364 561 praecipientis
382 499 487 559 opera;
513 490 541 539 at
561 483 585 539 si
606 482 674 559 quid
693 484 853 542 erraverint
876 483 984 558 adhuc,
1007 493 1090 542 erunt
1113 485 1150 543 ad

120 567 259 633 ftducem
283 566 451 626 reducendi·
496 563 548 624 Cui
572 567 616 625 rei
639 565 732 625 simile
756 567 890 645 quiddam
906 567 1055 626 iacientes
1076 586 1150 627 aves

155 651 309 725 cernimus,
325 668 399 728 quae
415 650 524 709 teneris
540 649 715 728 infirmisque
728 649 835 709 fetibus
853 650 1002 711 cibos'ore
1017 669 1070 710 suo
1088 652 1150 711 col-

155 735 230 794 latos
244 735 416 812 partiuntur;
436 742 464 793 at
482 751 545 792 oum
560 734 614 791 visi
630 742 694 792 sunt
710 734 808 808 adulti,
824 735 940 811 paulum
956 736 1057 811 egredi
1074 736 1151 795 nidis

155 826 185 877 et
211 818 420 877 circumvolare
446 817 547 876 sedem
573 817 651 876 illam
679 818 893 894 praecedentes
919 820 1002 896 ipsae
1028 820 1149 893 docent,

155 911 212 961 tum
235 911 371 979 expertas
396 903 475 962 vires
497 900 591 960 libero
614 901 702 961 coelo
724 920 853 980 suaeque
876 903 1004 980 ipsorum
1025 904 1149 964 fiduciae

155 988 330 1064 permittunt.

503 1138 550 1187 Du
570 1137 799 1188 EDISCENDO.

237 1233 299 1292 Vll.
332 1231 406 1292 lllud
423 1251 460 1291 ex
475 1235 684 1294 consuetudine
699 1236 860 1296 mutandum
877 1253 997 1313 prorsus
1014 1234 1148 1293 existimo

156 1318 184 1375 in
210 1316 270 1391 his,
298 1315 460 1394 dequibus
486 1336 559 1376 nunc
586 1318 767 1393 disserimus,
795 1319 955 1395 aetatibus,
981 1337 1017 1377 ne
1041 1318 1148 1390 omnia,

157 1419 231 1479 quae
247 1402 431 1478 scripserint,
449 1401 580 1462 ediscant
592 1411 623 1460 et
638 1413 728 1477 certa,
744 1411 774 1462 ut
789 1405 876 1462 moris
893 1413 955 1479 est,
972 1404 1018 1462 die
1035 1402 1147 1466 dicant:

157 1485 235 1562 quod
258 1485 373 1562 quidem
390 1485 511 1544 maxime
529 1494 627 1563 patres
649 1488 768 1563 exigunt
795 1496 881 1565 atque
898 1490 936 1546 ita
958 1487 1071 1546 demum
1088 1493 1148 1544 stu-

156 1569 227 1627 dere
250 1568 359 1627 liberos
381 1585 467 1642 suos,
494 1570 518 1627 si
544 1587 629 1647 quarn
651 1569 885 1649 frequentissime
909 1570 1147 1641 declamaverint‚

132 1652 295 1724 acredunt,
320 1670 382 1710 cum
398 1651 549 1731 profectus
571 1655 729 1732 praecipue
751 1654 898 1731 diligentia
919 1662 1043 1714 constet.
1075 1652 1148 1711 Nam

144 1745 187 1812 ,ut
208 1736 338 1795 scrihere
362 1754 469 1815 pueros
492 1737 702 1816 plurimumque
724 1756 791 1797 esse
813 1741 840 1797 in
860 1740 917 1799 hoc
941 1756 1032 1816 opere
1060 1736 1148 1814 plane

157 1820 261 1879 velim:
293 1822 336 1880 sic
365 1821 499 1880 ediscere
525 1822 640 1881 electos
668 1840 706 1881 ex
735 1822 911 1882 orationihus
940 1823 989 1882 vel
1018 1821 1148 1880 historiis

157 1905 251 1965 aliove
265 1923 322 1985 quo
337 1923 447 1983 genere
463 1906 613 1982 dignorum
628 1925 663 1966 ea
676 1924 744 1967 cura
758 1907 930 1967 voluminum
946 1905 1040 1981 locos,
1056 1905 1147 1964 multo

131 1991 245 2066 amagis
263 1991 408 2049 suadeam.
440 1989 511 2050 Nam
533 2000 562 2050 et
583 1991 769 2051 exercebitur
789 1994 884 2051 acrius
899 1992 1036 2050 memoria
1052 1989 1148 2048 aliena

157 2074 378 2152 complectendo
402 2092 486 2152 quam
508 2093 574 2142 sua;
602 2077 700 2153 etqui
724 2084 806 2135 erunt
825 2077 854 2135 in
873 2075 1039 2135 difficiliore
1062 2073 1147 2132 huius

156 2156 264 2217 laboris
281 2176 391 2234 genere
415 2159 538 2233 versati,
562 2160 624 2218 sine
640 2160 789 2234 molestia,
813 2178 888 2238 quae
904 2160 964 2237 ipsi
975 2174 1147 2235 composue-

156 2243 226 2316 rint,
251 2242 306 2299 iam
320 2241 486 2300 familiarius
507 2243 599 2301 animo
616 2261 668 2302 suo
687 2243 821 2320 alligent,
844 2254 873 2303 et
887 2251 1057 2302 assuescent
1072 2243 1147 2320 opti·

114 2358 116 2369 »
157 2327 209 2383 mis
233 2342 406 2402 semperque
427 2324 573 2385 habebunt
595 2329 669 2386 intra
688 2346 737 2400 se,
762 2329 839 2405 quod
860 2329 1017 2394 imitentur;
1040 2335 1070 2384 et
1091 2327 1147 2384 iam

156 2426 213 2469 non
228 2410 385 2474 sentientes
401 2409 520 2468 formam
543 2413 680 2470 orationis
703 2412 798 2487 illam,
822 2430 905 2490 quam
921 2419 1016 2470 mente
1032 2411 1147 2487 penitus

131 2494 341 2571 ‚dacceperinm
366 2495 538 2570 expriment.
575 2495 767 2555 abundabunt
783 2505 877 2555 autem
893 2496 977 2573 copia
992 2491 1147 2553 verborum

157 2578 328 2655 optimorum
349 2586 377 2636 et
394 2579 603 2656 compositione
627 2589 656 2638 et
671 2581 769 2656 liguris
791 2581 845 2639 ianr
860 2597 917 2639 non
935 2579 1071 2658 quaesitis
1093 2577 1147 2636 sed

157 2671 262 2739 sponte
278 2670 361 2720 etex
377 2664 507 2740 reposito
523 2663 603 2722 velut
620 2664 755 2722 thesauro
771 2682 804 2722 se
820 2662 1018 2722 offerentibus.
1050 2661 1146 2720 ncce-

157 2747 198 2806 dit
212 2745 256 2804 his
271 2754 300 2805 et
311 2746 432 2805 incunda
448 2748 475 2805 in
489 2765 623 2806 sermone
637 2747 712 2806 bene
724 2765 741 2807 a
753 2765 868 2825 quoque
887 2748 1027 2806 dictorum
1041 2745 1146 2804 relatio

158 2839 187 2889 et
200 2831 228 2888 in
240 2832 334 2889 causis
350 2831 436 2890 utilis.
465 2829 536 2889 Nam
552 2841 581 2890 et
598 2832 662 2909 plus
679 2832 856 2891 auctoritatis
872 2831 994 2890 afferunt
1010 2846 1146 2907 ea,·quae

157 2931 214 2973 non
229 2916 392 2992 praesentis
408 2915 500 2990 gratia
518 2915 574 2974 litis
590 2925 655 2974 sunt
673 2924 856 2993 comparata,
882 2924 911 2974 et
926 2914 1040 2975 laudem
1054 2915 1147 2990 saepe

133 3000 294 3062 nmaiorem
316 3016 400 3076 quam
421 3000 445 3057 si
465 3007 563 3058 nostra
587 3001 642 3057 sint
668 3000 832 3059 conciliant.
865 2999 1028 3077 Aliquando
1051 3006 1147 3056 tamen

158 3083 394 3161 permittendum,
417 3100 492 3160 quae
512 3084 567 3160 ipsi
583 3084 767 3160 scripserim,
790 3083 905 3158 dicere,
928 3093 958 3142 ut
974 3082 1082 3142 laboris
1103 3081 1147 3138 sui

158 3168 281 3226 fructum
297 3168 382 3225 etiam
403 3184 440 3225 ex
462 3166 530 3240 illa,
552 3185 627 3244 qnae
642 3168 763 3226 maxime
781 3169 901 3245 petitur,
925 3167 1009 3226 lande
1024 3165 1146 3242 plurium

159 3252 281 3328 capiant.
311 3249 419 3309 Verum
433 3251 462 3309 id
479 3267 595 3329 quoque
616 3259 673 3310 tum
689 3252 751 3309 lieri
768 3251 929 3329 oportebit,
955 3267 1018 3309 cum
1039 3247 1146 3327 aliquid

159 3334 336 3395 commodius
357 3334 551 3408 elimaverint,
573 3342 603 3393 ut
625 3351 661 3393 eo
682 3335 763 3394 velut
778 3337 906 3412 praemio
929 3334 1015 3394 studii
1035 3334 1079 3392 sui
1096 3332 1145 3393 do·

157 3427 260 3480 nentur
275 3437 309 3479 ac
324 3437 357 3478 se
374 3420 530 3493 meruisse,
547 3427 577 3477 ut
592 3417 739 3494 dicerent,
751 3418 910 3494 ‘gaudeant
994 3422 997 3431 ‘
