2434 3925
157 182 219 244 232
464 196 468 215 ¹
489 196 526 242 ιι
537 193 617 242 nnn.
629 193 849 253 commum

158 351 276 429 privatis
295 350 406 411 modus
440 348 485 409 De
503 349 632 428 partibus
648 365 754 409 causae
772 355 802 408 et
819 349 971 408 sententiis
986 349 1178 433 verbisque,

159 442 314 514 quaesunt
331 434 513 513 multiplicia,
529 433 659 512 pluribus
676 432 837 493 dicendum.

101 534 153 591 154
242 516 309 578 Tria
324 527 418 578 autem
433 526 583 596 praestare
600 516 689 576 debe
677 517 908 576 tronuntiatio:
925 508 1176 599 conciliet,'pan

159 601 293 676 suadeat,
321 610 453 677 moveat,
478 601 582 680 quibus
605 610 672 660 natu
730 599 886 676 cohaeret,
907 601 996 661 etiam
1022 603 1195 664 delectetr

159 683 331 745 conciliatio
347 685 411 744 lere
426 694 475 746 aut
491 684 739 744 commendatione
755 700 879 760 morum,
901 687 949 762 qui
964 689 1091 747 nescio
1110 705 1174 786 qno
1194 750 1195 765 ,

158 769 245 830 modo
263 787 301 829 ex
316 787 392 829 voce
413 771 498 829 etiam
514 774 603 847 atque
623 769 737 828 actione
760 767 923 845 pollucem,
947 777 997 828 aut
1023 773 1174 831 orationis

159 854 299 913 suavitate
317 862 442 920 constat;
459 853 655 931 persuadendi
669 853 714 911 uis
731 846 932 928 affirmatione,
950 871 1034 931 quae
1052 856 1173 915 interin

100 941 151 995 155
159 937 251 1015 plus
241 938 315 1015 rpsis
338 936 558 1035 probationibus
581 936 670 996 valet.
698 932 749 996 Ao
771 938 849 1012 iota,
872 937 962 1016 iuquit
979 934 1117 999 Calidio
1135 937 1173 999 ot

159 1038 247 1097 cero,
262 1024 291 1083 ci
303 1040 380 1082 nera
394 1030 509 1097 essent,
526 1022 573 1082 sic
589 1037 611 1080 a
623 1030 652 1082 te
666 1021 865 1082 dicerentur?
890 1030 937 1096 et,
958 1019 1112 1084 Tantum
1127 1026 1173 1085 ob

158 1112 219 1184 est,
239 1111 274 1166 ιιι
286 1102 495 1183 inflammares
510 1114 630 1166 nostroe
646 1106 781 1177 amnne·
798 1123 935 1165 ιιιιιιιιιιιιι
948 1107 1008 1167 isto
1023 1107 1108 1169 loco
1125 1110 1174 1169 cin

158 1189 343 1252 tenebamus.
375 1188 494 1250 Fiducia
509 1190 597 1266 igitur
611 1197 751 1267 appareat
772 1198 802 1248 et
817 1189 993 1265 constantia,
1019 1191 1139 1268 utique
1153 1194 1172 1250 si

101 1274 152 1331 156
159 1273 315 1332 auctoritas
330 1272 441 1333 subest.
473 1272 608 1333 blovendi
628 1280 725 1332 autem
740 1272 813 1333 ratio
829 1281 876 1332 aut
891 1273 919 1331 in
932 1285 1171 1350 repraesentare

160 1357 205 1417 dis
222 1365 268 1415 est
283 1366 333 1416 aut
352 1356 493 1417 imitandis
509 1356 671 1417 affectibus.
705 1354 786 1434 Ergo
809 1375 873 1416 cum
888 1357 977 1417 iudex
991 1358 1023 1415 in
1040 1361 1170 1435 privatis

160 1450 208 1501 aut
226 1458 335 1518 praeco
357 1441 386 1499 in
405 1441 530 1519 publicis
550 1442 650 1502 dicere
675 1440 712 1501 de
734 1458 822 1501 causa
836 1442 966 1500 iusserit:
989 1440 1111 1502 leniter
1126 1453 1168 1504 est

161 1524 404 1601 consurgendum
420 1535 477 1585 tum
493 1526 521 1584 in
537 1524 736 1604 componenda
748 1533 817 1602 toga
830 1524 890 1600 vel,
907 1525 931 1583 si
945 1542 1080 1585 necesse
1100 1528 1165 1600 erit,

160 1609 245 1667 etiam
263 1626 301 1667 ex
321 1609 435 1685 integro
452 1609 619 1684 iniicienda,
644 1609 780 1669 duntaxat
794 1611 822 1667 in
837 1609 948 1668 iudiciis
964 1609 1061 1686 (apud
1086 1612 1163 1688 prim

161 1694 256 1770 cipem
271 1693 346 1751 enim
362 1701 390 1752 et
411 1694 593 1770 magistratus
616 1711 650 1752 ac
667 1692 819 1752 tribunalia
835 1709 893 1751 non
907 1692 1023 1771 licebit)
1041 1694 1160 1772 paulum
1194 1718 1195 1773 ι

160 1776 402 1851 commorandum,
418 1786 449 1836 ut
464 1784 493 1836 et
507 1778 627 1837 amictus
641 1777 679 1835 sit
693 1776 844 1836 decentior
858 1786 888 1835 et
901 1778 1034 1856 protinus
1050 1777 1159 1856 aliquid
1194 1790 1195 1819 l

102 1862 246 1959 ltispatii
267 1860 304 1926 ad
326 1860 516 1937 cogitandum.
550 1859 643 1920 Etiam
661 1878 724 1920 cum
740 1861 776 1920 ad
789 1860 916 1920 indicem
931 1877 984 1920 nos
1001 1868 1195 1959 convertQ

158 1946 263 2021 rimus,
288 1954 318 2005 et
333 1945 479 2005 consultus
495 1953 615 2024 praetor
630 1945 795 2024 permiserit
809 1945 925 2006 dicere:
948 1963 1005 2005 non
1023 1938 1195 2023 protinus

160 2039 205 2088 est
220 2018 441 2108 erumpendum,
466 2031 519 2090 sed
541 2030 634 2090 danda
656 2029 754 2089 brevis
776 2031 944 2107 cogitationi
960 2046 1051 2089 mora.
1082 2028 1152 2090 mire

160 2115 234 2172 enim
249 2113 407 2174 auditurum
424 2113 525 2173 dicturi
541 2131 609 2173 cura
624 2112 767 2189 delectat,
789 2122 818 2173 et
837 2113 926 2173 iudex
945 2133 979 2173 se
996 2114 1061 2191 ipse
1076 2131 1151 2174 com
1194 2135 1195 2172 1

101 2197 249 2276 158ponit.
276 2197 339 2257 Hoc
354 2198 498 2276 praecipit
509 2197 650 2257 Homerus
665 2195 758 2256 Ulixis
772 2197 919 2274 exemplo,
938 2216 1022 2277 quem
1036 2199 1152 2259 stetisse

158 2282 255 2343 coede
269 2283 302 2341 ιἰι
320 2290 436 2342 terram
455 2281 566 2358 deficis
580 2283 759 2358 immotoque
780 2288 917 2360 sceptro,
939 2284 1104 2360 prinsquam
1119 2282 1149 2342 il·

159 2364 216 2426 lam
232 2364 416 2442 eloquentiae
433 2365 594 2443 procellam
611 2365 787 2442 effunderet,
810 2365 888 2425 dicit.
920 2365 952 2424 ln
968 2365 1023 2425 bac
1039 2375 1148 2425 cuncta·

159 2451 238 2508 tione
263 2457 327 2507 sunt
352 2449 492 2526 quaedam
514 2468 572 2509 non
597 2450 784 2524 indecentes,
810 2458 841 2508 ut
864 2450 1012 2527 appellant
1031 2450 1147 2523 scenici,

160 2549 274 2591 morae:
296 2542 381 2609 caput
397 2532 542 2609 mulcere,
565 2552 678 2594 manum
694 2533 813 2609 intueri,
829 2533 987 2611 infringere
1005 2533 1146 2607 articulos,

136 2616 295 2675 'simulare
323 2625 471 2692 conatum,
504 2618 696 2696 suspiratione
724 2617 946 2677 sollicitudinem
973 2616 1071 2692 lateri,
1101 2626 1146 2677 aut

160 2699 395 2780 quodquemque
410 2700 501 2777 magis
521 2701 623 2777 decet,
641 2718 734 2779 eaque
750 2701 867 2776 diutius,
889 2702 914 2760 si
928 2701 1016 2761 iudex
1030 2700 1146 2760 nondum

103 2794 154 2850 159
161 2784 288 2844 intendet
305 2779 434 2846 animum
467 2786 563 2845 Status
580 2785 695 2884 quidem
711 2794 808 2844 rectus
828 2785 865 2844 sit
886 2786 940 2846 sed
960 2784 1065 2845 diducti
1079 2801 1144 2863 pau·

161 2868 217 2929 lum
237 2868 331 2968 pedes
350 2869 400 2929 vel
425 2869 591 2948 procedens
607 2870 723 2929 minimo
743 2877 887 2928 momento
903 2869 1032 2937 sinister;
1055 2886 1143 2945 genua

159 2962 251 3027 recta,
267 2955 310 3012 sic
325 2963 430 3029 tamen,
445 2961 476 3012 nt
492 2971 549 3013 non
567 2953 765 3014 extendantur.
788 2953 903 3013 Humeri
919 2953 1040 3027 remissi,
1055 2951 1143 3012 vultus
1194 2993 1195 3042 p

161 3053 298 3112 severus,
321 3055 378 3097 non
393 3047 519 3097 maestus
533 3056 589 3097 nec
603 3047 724 3116 stupens
738 3055 794 3097 neo
815 3037 978 3114 languidum
1001 3035 1112 3096 brachia
1126 3054 1141 3095 a

161 3119 252 3179 latere
269 3121 383 3181 modice
398 3131 526 3190 remota;
542 3140 641 3181 manns
655 3123 786 3197 sinistra,
806 3121 920 3220 qualem
935 3138 1020 3200 supra
1034 3120 1140 3179 demon

161 3204 264 3271 stravi;
288 3205 398 3281 dextra,
416 3223 479 3265 cum
495 3207 549 3265 iam
563 3205 756 3284 incipiendum
771 3207 836 3281 erit,
853 3204 967 3284 paulum
984 3204 1089 3283 prolata
1102 3203 1139 3263 ul·

160 3296 204 3347 ιιι
219 3288 310 3346 sinum
324 3298 409 3366 gestu
425 3308 508 3368 quam
522 3289 744 3366 modestissimo,
759 3289 839 3349 velut
854 3298 1021 3367 expectans,
1036 3287 1138 3367 quando

104 3371 352 3449 160incipiendum
378 3374 424 3431 sit.
455 3373 567 3433 Vitiosa
594 3375 668 3433 enim
689 3373 842 3450 sentilla,
870 3374 972 3432 intueri
997 3371 1136 3444 lacunaria,

161 3454 321 3535 perfricare
342 3455 446 3516 laciem
467 3465 496 3515 et
512 3458 593 3535 quasi
609 3456 769 3537 improbam
786 3456 905 3538 iacere,
926 3456 1043 3518 tendere
1057 3454 1134 3517 conli-
