2434 3925
372 215 460 262 mon.
473 213 620 261 aaaron.
632 213 700 260 nra.
711 214 785 277 vrrr,
796 210 823 262 4.
1044 204 1084 263 69

93 371 206 430 victam
223 368 423 428 continentiam
440 365 618 440 ostenderet,
636 383 710 443 quae
722 369 865 444 corrumpi
881 369 1085 445 speciosissimi

94 445 222 511 hominis
247 461 304 511 tam
325 450 409 509 obvia
433 449 580 509 voluntate
607 467 663 508 non
687 458 798 527 posset.
830 449 905 523 Quin
926 470 963 511 ex
983 454 1128 514 iason-24

94 546 197 595 mento
215 553 331 613 quoque
353 533 471 592 heroum
490 533 604 593 illorum
625 533 788 610 magnitudo
811 535 1085 595 aestimanda-nobis

95 620 193 680 datur.
230 619 292 677 Huc
307 618 432 696 pertinet
454 617 565 694 clipeus
581 617 679 677 Aiacis
700 626 729 676 et
744 616 838 676 Pelias
854 617 984 678 Achillis.
1023 618 1085 692 Qua

95 705 206 762 virtute
228 704 347 778 egregie
371 710 415 760 est
434 719 502 759 usus
524 702 552 758 in
574 699 705 778 Cyclope
725 701 880 778 Vergilius.
920 701 991 761 Nam
1010 702 1086 779 quod

96 786 172 846 illud
188 804 295 864 corpus
310 794 404 843 mente
422 785 590 862 concipiam,
607 786 687 843 cuius

329 867 452 929 Trunca
466 887 586 928 moniam
602 871 696 946 picas
711 870 811 945 rapiti
826 899 867 915 -·

100 949 199 1025 Quid?
221 970 283 1011 cum
303 954 356 1013 oia
371 953 498 1013 loricam
518 953 578 1012 duo
600 953 792 1030 mrrttiplicem
814 953 936 1013 conniai
955 953 1127 1015 hamericus

97 1037 216 1115 ferant,
233 1044 353 1113 quantus
368 1035 535 1110 Demoleos,
552 1036 599 1112 qui
614 1036 725 1094 indutus
742 1053 777 1095 ea

304 1153 351 1165 -r
367 1139 459 1180 carso
474 1120 615 1196 palantes
632 1118 727 1180 Troos
748 1119 882 1197 agebat?

102 1200 201 1276 Quid?
225 1197 262 1262 bl.
281 1202 389 1262 'lollius
412 1204 448 1263 de
462 1201 500 1261 Μ.
514 1202 631 1262 'Antonii
653 1202 763 1262 luxuria
784 1211 888 1262 tantum
904 1201 1013 1279 fingere
1032 1202 1087 1261 sal·

102 1295 162 1345 tem
176 1288 334 1364 potuisset,
361 1296 492 1364 quantum
508 1286 632 1345 ostendit
652 1287 792 1362 dicendo,
813 1285 1015 1366 conchyliatis
1034 1284 1087 1346 Cn.

105 1368 237 1448 Pompeii
257 1367 476 1447 peristromatis
488 1389 645 1431 aereorum
663 1372 695 1432 ia
711 1372 794 1432 cellis
808 1378 922 1432 stratos
941 1371 1033 1431 lectos
1046 1372 1088 1430 oi-

104 1456 219 1515 deres?
255 1452 441 1529 conchyliata
473 1455 673 1532 peristromata
703 1464 732 1514 et
763 1452 815 1513 Cn.
843 1454 970 1531 Pompeii
995 1463 1089 1513 terunt

104 1539 183 1596 servi
199 1546 228 1596 et
245 1538 343 1597 cellis:
364 1537 433 1597 nihil
454 1537 510 1597 dici
528 1546 624 1614 potest
639 1538 728 1613 ultra,
750 1547 779 1597 et
795 1556 918 1598 necesse
935 1547 1089 1597 esttamen

105 1620 213 1680 infinito
229 1621 294 1703 plns
309 1623 337 1680 in
357 1621 469 1681 domino
488 1623 635 1697 cogitare„
671 1620 723 1682 Est
743 1621 800 1681 hoc
820 1622 912 1681 similo
932 1620 990 1695 illi,
1014 1621 1131 1699 quodid

105 1704 231 1781 ἔμφασις
251 1705 365 1772 dicitur;
388 1705 440 1770 sed
460 1703 510 1764 illa
532 1722 568 1763 err
588 1703 678 1764 verbo
704 1704 760 1764 boc
787 1722 824 1764 ex
844 1723 877 1764 re
897 1706 1089 1764 coniecturam

106 1788 177 1848 iacit
192 1798 328 1866 tantoque
343 1788 408 1866 plus
421 1787 515 1862 valet,
538 1797 642 1865 quanto
658 1806 706 1847 res
723 1789 784 1865 ipsa
799 1787 895 1847 verbis
912 1797 957 1847 est
973 1788 1088 1847 firmior.

190 1871 289 1932 Potest
308 1872 413 1931 ascribi
435 1871 645 1949 amplificationi
667 1872 863 1948 congeries
885 1887 1000 1950 quoque
1026 1891 1089 1931 ver·

106 1954 208 2015 bo'rum
230 1974 265 2016 ac
284 1957 486 2015 sententiarum
510 1954 584 2014 idern
605 1955 832 2032 significantium.
876 1953 957 2029 Nam,
980 1956 1089 2014 etiamsi

107 2057 164 2098 non
179 2058 231 2117 per
245 2039 351 2117 gradm
368 2041 537 2114 ascendant,
559 2048 653 2100 tamen
668 2041 747 2100 velut
762 2056 867 2100 acervo
883 2039 1004 2116 quodam
1021 2040 1090 2098 alle·

4 2152 5 2187 2
107 2131 223 2183 vantur:
256 2123 337 2197 Quid
356 2126 434 2186 caim
458 2124 606 2199 tonsilla,
632 2122 765 2201 Tubero,
791 2125 953 2185 destrictos
973 2126 1005 2184 in
1023 2128 1140 2185 ccieut'

109 2205 289 2269 Pharsalico
301 2209 425 2286 glodiano
436 2208 567 2286 agebat?
584 2209 760 2270 cuissiacus
773 2209 939 2270 ittemacro
952 2209 1091 2285 petebat?

110 2292 161 2368 poi
173 2311 281 2352 samos
297 2302 532 2379 eratarmorum
550 2294 688 2353 tuorum?
703 2307 782 2369 pace
799 2300 851 2351 tna
865 2294 972 2353 mens?
989 2293 1091 2352 occilit

108 2377 238 2436 monus?
259 2378 357 2436 ardor
376 2377 492 2437 animi?
512 2376 587 2452 qaid
601 2376 765 2454 capiebas?
784 2376 859 2454 qaid
874 2377 1022 2452 optabas?
1048 2377 1091 2435 st-

109 2458 174 2518 mile
196 2468 241 2518 est
259 2458 316 2518 hoc
330 2459 453 2535 figurae,
475 2477 558 2537 quam
580 2450 799 2537 συναθροισμὸν
818 2469 937 2526 vocant;
961 2460 1011 2519 sed
1032 2460 1092 2521 illic

111 2542 231 2620 plurium
251 2561 346 2601 rerum
369 2551 415 2602 est
435 2543 605 2619 congeries,
622 2542 669 2602 hic
682 2545 764 2602 unius
775 2544 982 2621 multiplicatio.
1013 2541 1091 2603 Haec

112 2626 192 2684 etiam
207 2643 342 2686 crescere
354 2625 429 2685 solet
443 2627 540 2686 verbis
558 2625 686 2685 omnihus
701 2627 784 2686 altius
797 2636 883 2704 atque
898 2627 981 2686 altius
1002 2629 1092 2685 insur-

111 2709 258 2785 gentibus:
270 2706 509 2771 Aderatianitor
525 2712 674 2785 carceris,
688 2713 830 2790 carnifex
838 2712 1001 2789 praetoris,
1012 2728 1094 2771 mors

111 2802 267 2870 terrorque
281 2796 432 2861 cadorum
451 2802 480 2854 et
493 2796 601 2855 eiciam
621 2793 839 2868 Romanorum,
855 2796 943 2855 lictor
959 2792 1091 2856 Sanaos.

193 2875 302 2936 Eadem
327 2877 389 2935 iere
418 2885 463 2935 est
491 2878 563 2937 ratio
593 2878 745 2937 minuendi.
790 2876 862 2936 Nam
889 2876 1006 2935 totidem
1030 2884 1134 2939 suntid

112 2960 329 3020 ascendentibus
359 2969 427 3037 quot
453 2959 693 3020 descendentibus
718 2961 834 3037 gradus.
883 2958 1009 3037 Ideoque
1034 2977 1091 3018 unc

104 3044 320 3121 ¹ero-enemplc
341 3053 490 3103 contentus
512 3044 573 3103 eius
595 3044 669 3119 loci,
699 3061 756 3121 quo
779 3041 882 3103 Cicero
906 3042 1092 3103 decretione

113 3126 186 3186 Rulli
200 3127 273 3186 baec
288 3127 371 3187 dicit:
393 3125 489 3187 Pauci
501 3137 617 3203 tamea,
635 3128 687 3205 qai
697 3128 830 3205 proximi
846 3128 1019 3203 astiterant,
1038 3147 1092 3189 ae·

99 3213 174 3273 vscio
196 3212 270 3288 qaid
292 3213 375 3272 ittam
394 3212 432 3271 de
455 3213 521 3290 lege
543 3213 674 3289 agrario
692 3213 805 3272 calciso
829 3210 932 3271 dicere
953 3212 1093 3291 suspica·

113 3294 230 3358 lectar.
269 3293 353 3367 Quod
375 3293 398 3352 si
419 3294 453 3353 ad
470 3294 647 3354 intellectum
661 3295 787 3370 referas,
808 3295 923 3353 minutio
940 3305 998 3364 est;
1020 3295 1094 3355 siud

115 3376 325 3451 obscuritatem,
342 3379 553 3438 incrementum.

196 3461 265 3521 Scio
293 3476 381 3539 posse
404 3461 493 3522 videri
520 3460 686 3541 quibusdam
710 3459 838 3540 speciem
868 3462 1135 3540 amplificationistb
