2434 3925
348 219 770 292 msn.0ann0a.n1o.x,t.
999 210 1058 274 185

31 381 241 461 frequentia,
257 388 289 441 ut
303 379 386 439 miles
405 387 548 439 concentu
563 382 724 457 signorum,
741 380 892 440 excitatur.
928 379 1058 460 Namque
1067 391 1099 448 rt

36 477 76 528 et
93 464 299 527 difficiliorem
315 465 520 540 cogitationem
537 465 671 542 exprimit
691 473 720 522 et
739 463 862 542 expellit
875 464 989 526 dicendi
1008 484 1058 526 ne·

37 551 202 625 cessitas,
223 558 253 609 et
275 549 420 608 secundos
436 549 559 626 impetus
576 554 665 625 auget
679 547 813 625 placendi
829 548 943 626 cupido.
957 574 961 584 ·
974 550 1058 610 Adeo

36 636 183 715 pretium
204 633 297 692 omnia
319 640 467 711 spectant,
494 640 525 690 ut
545 631 711 710 eloquentia
733 649 867 711 qnoque,
899 650 1060 711 quanquam

38 719 211 798 plurimum
235 716 339 777 babeat
359 717 387 775 in
405 734 438 775 se
463 715 637 792 voluptatis,
657 718 779 776 maxime
801 724 894 775 tamen
913 719 1059 797 praesenti

40 805 153 863 fructu
178 801 270 861 laudis
295 801 497 877 opinionisque
524 799 653 860 ducator.
693 798 756 860 Nec
783 800 931 878 quisquam
953 809 1101 866 tautumlss

43 889 123 947 fidat
140 884 277 964 ingenio,
294 893 325 943 ut
340 884 368 944 id
383 883 437 943 sibi
454 892 555 962 speret
566 885 714 962 incipienti
734 886 829 947 statim
843 901 933 962 posse
949 886 1057 944 contin·

44 989 144 1050 gere;
175 969 238 1045 sed,
261 970 334 1028 sicut
361 969 390 1027 in
410 969 587 1045 cogitatione
601 969 810 1047 praecipimus,
837 970 876 1029 ita
890 967 1058 1028 facilitatem

46 1069 177 1134 quoqne
202 1052 428 1131 extemporalem
451 1070 467 1112 a
487 1054 583 1130 parvis
604 1053 691 1112 initiis
713 1052 849 1131 paulatim
866 1050 1058 1131 perducemus

46 1140 90 1199 ad
103 1156 255 1212 summam,
272 1154 346 1215 quae
360 1153 455 1215 neque
473 1136 575 1214 perfici
589 1154 685 1215 neque
701 1138 841 1196 contineri
856 1138 909 1195 nisi
926 1155 979 1197 usu
993 1145 1058 1216 pot·

50 1232 111 1283 est.
149 1219 286 1285 Ceterum
306 1223 460 1298 pervenire
483 1238 520 1279 eo
543 1219 646 1297 debet,
670 1230 702 1280 ut
722 1221 860 1298 cogitatio
880 1238 938 1280 non
959 1223 1058 1298 utique
1066 1231 1099 1285 19

49 1306 163 1366 melior
178 1307 216 1365 sit
233 1323 268 1365 ea
279 1305 331 1364 sed
342 1308 443 1373 tutior;
461 1322 525 1364 cnm
539 1304 613 1365 banc
624 1304 791 1365 facilitatem
802 1322 859 1364 noo
873 1322 961 1382 prosa
971 1305 1057 1365 modo

51 1391 139 1455 multi
155 1391 213 1449 sint
230 1391 394 1464 consecuti,
417 1388 470 1448 sed
489 1390 574 1448 etiam
589 1390 729 1464 carmine,
752 1398 784 1449 ut
804 1389 956 1467 Antipater
969 1390 1057 1450 Sido·

52 1477 121 1536 nius
138 1482 168 1534 et
183 1472 306 1533 Licinius
321 1473 459 1541 Archiam
481 1472 661 1534 credendum·
677 1474 751 1533 enim
768 1471 902 1534 Ciceroni
921 1483 980 1548 est;
1001 1491 1058 1534 non

54 1560 126 1637 quia
142 1559 251 1617 nostris
270 1574 385 1636 quoque
407 1556 596 1635 temporibus·
607 1574 665 1616 non
687 1565 717 1616 et
735 1558 858 1617 fecerint
874 1557 1058 1637 quidam-boc

56 1651 88 1702 et
102 1641 221 1702 faciant.
255 1640 339 1715 Quod
354 1650 447 1703 tamen
462 1657 519 1707 non
536 1642 630 1719 ipsum
649 1649 706 1702 tam
721 1641 872 1720 probabile
889 1651 968 1720 puto,
993 1644 1057 1722 (ne-

58 1744 116 1806 que
133 1726 208 1785 enim
223 1723 310 1784 babet
325 1733 373 1784 aut
386 1742 468 1783 usum
480 1742 528 1784 res
543 1734 591 1784 aut
605 1727 830 1805 necessitatem)
849 1742 932 1804 quam
953 1726 1057 1787 exhor·

57 1810 153 1871 tundis
168 1811 197 1868 in
211 1808 285 1869 hanc
299 1826 391 1888 spem,
407 1810 456 1887 qui
470 1809 535 1868 foro
551 1818 777 1887 praeparantur,
795 1810 866 1869 utile
884 1811 1056 1888 exemplum.

58 1893 164 1973 Neque
185 1911 257 1952 vero
279 1901 356 1953 tanta
378 1911 445 1952 esse
464 1910 587 1972 unquam
611 1892 699 1954 debet
718 1893 821 1955 fiducia
842 1894 1009 1970 facilitatis,
1029 1904 1100 1958 utto

59 1996 118 2040 non
133 1978 224 2038 breve
237 1977 339 2038 saltem
356 1986 485 2056 tempus,
506 1978 583 2056 quod
603 1996 742 2056 nusquam
755 1978 818 2038 fere
836 1978 944 2054 deerit,
967 1979 1003 2039 ad
1022 1997 1057 2040 ea

61 2080 135 2141 quae
152 2062 254 2122 dicturi
270 2064 358 2122 simus
379 2061 557 2139 dispicienda
574 2080 731 2130 sumamus;
753 2064 782 2122 in
802 2063 915 2123 iudiciis
936 2080 970 2122 ac
991 2064 1057 2123 foro

61 2147 144 2207 datur
158 2164 283 2225 semper.
317 2144 421 2224 Neque
445 2149 519 2206 enim
540 2147 689 2224 quisquam
704 2154 765 2221 est,
781 2148 830 2225 qui
845 2147 960 2206 causam
974 2165 1057 2224 quam

63 2247 120 2289 non
139 2230 270 2290 didicerit
290 2237 366 2307 agat.
411 2228 631 2291 Declamatores
661 2230 800 2309 quosdam
821 2248 961 2308 perversa
982 2232 1098 2296 ducittl

63 2313 188 2390 ambitio,
202 2322 233 2374 ut
248 2313 381 2392 exposita
396 2316 595 2373 controversia
610 2316 739 2392 protinus
755 2314 855 2374 dicere
869 2314 971 2384 velint3
990 2318 1057 2394 quin

64 2402 163 2474 etiam,
181 2398 257 2476 quod
279 2400 368 2480 estin
380 2398 478 2476 primis
494 2398 627 2457 frivolum
642 2416 677 2458 ac
692 2400 855 2474 scenicum,
871 2398 991 2459 verbum
1006 2419 1057 2479 pe·

62 2492 137 2559 tant,
155 2499 211 2560 quo
229 2483 374 2559 incipiant.
409 2482 468 2541 Sed
484 2491 539 2542 tarn
555 2482 781 2542 contumeliosos
805 2484 833 2542 in
849 2500 882 2542 se
899 2484 974 2544 ridet
987 2486 1057 2543 invi·

67 2585 127 2626 cem
150 2567 331 2644 eloquentia,
358 2573 388 2626 et
417 2567 465 2643 qui
485 2566 580 2626 stultis
599 2566 692 2626 videri
713 2567 816 2627 eruditi
837 2566 955 2643 volunt,
977 2568 1056 2628 stulti

67 2650 180 2710 eruditis
197 2650 365 2710 iudicantur.
398 2650 430 2710 st
447 2668 502 2727 qua
514 2659 608 2710 tamen
620 2650 733 2712 fortuna
748 2661 804 2712 tam
820 2651 941 2711 subitam
955 2652 1113 2713 fecerittt'

67 2733 165 2809 agendi
176 2735 396 2794 necessitatem:
415 2734 567 2794 mobiliore
586 2735 709 2813 quodam
727 2753 800 2814 opus
816 2736 870 2795 erit
885 2737 1012 2812 ingenio,
1029 2744 1058 2793 et

67 2820 109 2876 vis
125 2820 210 2877 omnis
225 2818 396 2878 intendenda
411 2817 509 2894 rebus,
525 2827 554 2878 et
569 2819 597 2878 in
613 2822 776 2898 praesentia
791 2819 991 2879 remittendum
1006 2819 1056 2877 ali·

69 2901 132 2980 quid
147 2918 182 2961 ex
197 2919 265 2962 cura
280 2902 454 2982 verborum,
475 2903 499 2962 si
522 2906 662 2981 consequi
683 2914 835 2981 utrumque
853 2920 911 2961 non
934 2902 1055 2961 dabitur.

69 2986 135 3046 'lum
146 2993 174 3044 ct
187 2987 295 3046 tardior
310 2988 502 3066 pronuntiatio
517 3005 613 3047 moras
624 2988 711 3048 babet
726 2997 754 3046 et
769 3004 910 3064 suspensa
928 3003 962 3045 ac
977 2985 1057 3045 velut

69 3068 193 3130 dubitans
208 3072 316 3145 oratio,
338 3081 368 3131 ut
383 3079 477 3130 tamen
494 3071 658 3132 deliberare
713 3070 884 3130 nhaesitare
899 3071 1056 3130 videamur.

70 3153 142 3228 lloc,
157 3153 221 3212 dum
234 3154 397 3230 egredimur
414 3174 430 3215 e
446 3165 548 3233 portu,
564 3156 590 3214 si
604 3172 658 3214 nos
673 3154 796 3214 noudum
811 3156 915 3232 aptatis
929 3155 997 3214 satis
1013 3160 1099 3214 anti
1162 3163 1164 3168 '

72 3238 209 3296 mamantis
226 3246 295 3313 aget
316 3248 433 3307 ventns;
454 3239 558 3299 deinde
583 3239 717 3317 paulatim
732 3238 814 3298 simul
830 3247 931 3298 euntes
948 3237 1058 3317 aptabi-

73 3340 129 3381 mus
142 3320 205 3381 vela
220 3330 249 3380 et
266 3321 449 3400 disponemus
465 3323 603 3383 rudentes
622 3332 651 3382 et
668 3323 780 3402 impleri
791 3324 870 3382 sinus
885 3323 1055 3402 optabimus.

74 3404 101 3465 ld
115 3405 220 3483 potius,
245 3422 328 3482 qnam
354 3424 387 3465 se
406 3408 481 3466 inani
497 3406 653 3467 verborum
669 3407 790 3469 torrenti
805 3407 874 3468 dare
890 3408 972 3486 quasi
986 3416 1056 3466 tem·

74 3488 232 3568 pestatibus,
248 3506 305 3568 quo
319 3488 435 3568 volent,
451 3490 646 3552 auferendum.
