2434 3925
275 223 365 272 mar.
381 223 530 273 oaauoa.
546 225 617 274 ura.
634 222 787 292 v,1o.11.
967 211 1028 274 221

30 388 155 441 tractus.
200 376 287 454 Nam,
314 394 389 455 quae
409 377 523 456 priores
539 378 683 439 beneflcio
700 372 806 456 ingenii
823 377 936 456 singula
950 380 1028 439 inve·

29 471 155 540 uerunt,
183 462 266 521 nobis
293 470 324 520 et
342 478 400 520 nou
425 470 489 521 sunt
509 463 681 540 requirenda
703 472 731 522 et
750 472 817 522 nota
837 473 902 522 suut
925 465 1028 524 omnia.

29 548 95 608 Sed
113 564 173 605 nou
191 546 282 621 magis
298 544 354 604 hoc
369 554 414 604 sat
429 554 490 620 est,
504 562 597 624 *quam
613 547 786 624 palaestram
801 547 954 624 didicisse,
975 548 1030 606 uisi

29 648 145 710 corpus
164 629 387 703 exercitatione,
413 629 600 704 continentia,
622 629 711 705 cibis,
736 638 803 689 ante
819 632 912 691 omnia
929 641 1028 692 natura

28 717 158 788 iuvatur,
177 713 251 772 siout
265 720 364 772 contra
379 730 415 770 ns
430 712 479 771 illa
493 711 606 790 quidem
616 715 691 772 satis
705 714 768 772 sine
782 722 843 773 arte
856 715 1026 791 profuerint.

28 797 108 858 Illud
134 813 249 874 quoque
271 794 391 853 studiosi
411 795 594 872 eloquentiae
615 799 760 873 cogitent,
787 814 882 874 neque
899 798 1029 857 omuibus
1037 807 1088 860 m

27 882 60 940 in
78 881 191 955 causis,
214 896 288 956 quae
303 878 575 955 demonstravimus,
598 889 701 940 cuncta
715 898 806 959 posse
820 882 956 958 reperiri;
978 899 1028 940 ue·

28 983 110 1043 que,
138 981 203 1031 cum
223 962 373 1039 proposita
393 961 481 1020 fuerit
500 963 620 1023 materia
640 962 769 1039 dicendi,
799 964 951 1024 scmtanda
974 965 1031 1022 sin-

26 1049 103 1125 gula
120 1055 149 1106 et
164 1045 245 1105 velut
260 1046 384 1104 ostiatim
398 1044 554 1122 pulsanda,
576 1055 607 1106 ut
622 1048 728 1123 sciant,
751 1066 787 1108 au
801 1047 837 1108 ad
853 1047 1031 1125 probandum

26 1132 76 1206 id,
101 1127 179 1208 quod
196 1129 382 1203 intendimus,
402 1128 478 1188 forte
492 1130 704 1207 respondeant,
726 1133 781 1190 nisi
796 1149 861 1191 cum
875 1131 986 1191 discunt
1001 1139 1031 1190 et

26 1214 128 1274 adlruc
144 1231 197 1272 usu
214 1221 322 1271 carent.
366 1211 505 1271 Inlinitam
522 1214 596 1273 enim
612 1213 699 1274 iaciat
712 1216 776 1293 ipsa
790 1233 838 1274 res
850 1214 962 1274 dicendi
972 1224 1028 1275 tar·
1039 1221 1088 1275 123

27 1299 169 1372 ditatem,
192 1297 217 1354 si
232 1313 347 1373 semper
361 1313 485 1355 necesse
500 1298 551 1371 sit,
574 1306 605 1357 ut
620 1306 793 1376 temptantes
808 1298 1029 1377 unumquodque

27 1398 152 1456 eorum,
176 1379 253 1459 quod
273 1382 310 1438 sit
330 1387 426 1457 aptum
442 1388 527 1458 atque
543 1382 718 1441 couveniens
734 1382 910 1461 experiendo
925 1399 1029 1442 nosca-

25 1483 114 1532 mus;
135 1465 252 1539 nescio,
271 1481 307 1522 an
322 1464 406 1522 ctiam
422 1464 625 1540 impedimento
640 1465 733 1526 lutura
750 1468 820 1540 sint,
838 1467 893 1525 nisi
905 1475 934 1525 et
946 1467 1030 1526 animi

28 1549 177 1627 quaedam
200 1548 325 1624 ingenita
345 1554 444 1606 natura
461 1555 490 1606 et
504 1547 599 1607 studio
617 1551 775 1609 exercitata
790 1549 932 1609 velocitas
949 1559 1029 1609 recta

26 1650 88 1692 nos
105 1632 142 1692 ad
157 1649 208 1706 ea,
231 1648 304 1708 quae
322 1631 495 1690 conveniunt
515 1648 636 1707 causae,
661 1632 763 1692 ierant.
807 1632 895 1707 Nam,
915 1642 947 1692 ut
963 1638 1088 1692 can-124

26 1725 77 1775 tus
94 1715 177 1775 vocis
194 1714 344 1793 plurimum
364 1715 442 1774 iuvat
458 1715 568 1774 sociata
584 1732 738 1774 nervorum
754 1716 924 1783 concordia;
948 1718 974 1774 si
988 1725 1029 1775 ta·

27 1818 98 1860 men
114 1798 224 1859 tardior
239 1815 353 1872 manus,
373 1799 426 1856 nisi
442 1799 579 1875 inspectis
595 1798 797 1877 demensisque
812 1799 949 1874 singulis,
968 1801 1029 1877 qui·

27 1883 85 1944 bus
102 1900 237 1961 quaeque
257 1898 316 1940 vox
336 1881 439 1941 fidibus
454 1881 596 1957 iungenda
611 1883 664 1958 sit,
684 1881 809 1957 dubitet,
832 1883 927 1960 potius
943 1882 1030 1941 fuerit

30 1987 101 2028 esse
117 1976 282 2027 contentum
298 1983 350 2041 eo,
374 1965 451 2044 quod
466 1965 590 2043 simplex
605 1965 726 2025 cauendi
740 1975 840 2026 natura
855 1966 967 2026 tulerit:
990 1967 1030 2026 ita

28 2050 195 2112 huiusmodi
215 2050 381 2128 praeceptis
402 2048 491 2109 dehet
508 2049 622 2126 quidem
641 2059 737 2128 aptata
760 2066 827 2109 esse
848 2058 877 2109 et
902 2048 1030 2109 citharae

27 2134 119 2195 modo
142 2136 249 2194 intenta
268 2135 341 2193 ratio
364 2132 525 2201 doctrinac;
555 2133 607 2192 sed
629 2133 686 2193 hoc
708 2134 917 2193 exercitatione
941 2132 1028 2193 multa
1037 2135 1087 2187 125

30 2218 287 2296 consequendum,
303 2226 349 2292 ut,
368 2216 604 2294 quemadmodum
619 2217 733 2278 illorum
748 2217 903 2291 artificum,
920 2218 1031 2276 etiarnsi

29 2304 91 2363 alio
116 2310 265 2380 spectant,
296 2318 394 2359 manus
415 2309 511 2362 tamen
534 2302 598 2379 ipsa
622 2300 830 2361 consuetudine
852 2300 888 2360 ad
912 2319 1029 2377 graves,

29 2396 152 2462 acutos,
174 2384 286 2444 medios
301 2383 401 2443 lrorurn
417 2401 507 2444 sonos
518 2385 625 2444 fertur:
645 2386 688 2444 sic
700 2384 823 2445 oratoris
836 2386 1031 2461 cognitionem

28 2470 103 2529 nihil
117 2477 247 2529 moretur
262 2467 336 2527 haec
352 2467 477 2527 varietas
493 2476 725 2546 argumentorum
740 2477 769 2528 et
784 2469 870 2546 copia
885 2469 938 2527 sed
950 2469 1031 2546 quasi

29 2554 139 2613 offerat
158 2571 192 2612 se
215 2559 245 2610 et
266 2559 415 2626 occurrat,
441 2561 486 2627 et,
514 2561 545 2611 ut
561 2552 675 2613 litterae
692 2552 883 2630 syllabaeque
900 2552 1029 2612 scriben-

28 2639 101 2697 tium
124 2636 327 2713 cogitationem
342 2652 399 2694 uou
416 2636 550 2712 exigunt,
571 2636 616 2695 sic
630 2637 770 2696 rationem
786 2645 890 2716 sponte
908 2635 1029 2715 quadam

28 2729 200 2799 sequantur.

416 2872 460 2921 DE
477 2870 651 2923 EXEMPLIS.

116 2964 167 3025 111.
211 2966 338 3027 'lentium
358 2986 504 3045 genusex
519 2969 570 3044 iis,
593 2985 669 3046 quae
684 2968 866 3028 extrinsecus
883 2965 1028 3025 adducun-

28 3051 79 3109 tu'r
95 3049 123 3108 in
139 3068 268 3118 causam;
288 3049 391 3110 Graeci
406 3060 511 3111 uocant
531 3044 781 3129 παράδειγμα,
800 3066 858 3128 quo
873 3051 987 3109 nomine
999 3058 1029 3110 et

29 3133 210 3210 generaliter
231 3136 275 3193 usi
298 3144 363 3194 sunt
386 3136 414 3194 in
429 3136 504 3195 omni
521 3135 652 3194 similium
667 3135 851 3212 appositione
869 3142 899 3192 et
914 3134 1028 3212 specia-

30 3217 100 3277 liter
119 3218 213 3292 iniis,
239 3234 314 3295 quac
329 3237 424 3278 rerum
439 3228 585 3296 gestarum
601 3219 771 3278 auctoritate
791 3219 925 3276 nituntur.
969 3216 1028 3277 No·

30 3302 85 3360 stri
99 3300 164 3359 iere
180 3302 392 3362 similitudinem
406 3303 504 3362 uocari
521 3302 697 3375 maluerunt,
717 3301 795 3379 quod
809 3299 845 3361 ab
860 3300 918 3360 illis
932 3322 1028 3379 scupu-

30 3376 105 3462 βολὴ
118 3383 231 3460 dicitur,
249 3383 370 3445 alterum
381 3385 554 3463 exemplum,
572 3402 732 3463 quanquam
745 3393 774 3443 et
789 3384 846 3444 hoc
860 3386 953 3445 simile
967 3391 1026 3450 est:

30 3467 103 3533 illud
118 3469 293 3550 exemplum.
336 3467 416 3546 llos,
439 3486 496 3549 quo
512 3468 625 3529 facilius
642 3470 823 3548 propositum
838 3468 1053 3548 explicemum
