2434 3925
148 195 220 261 184,
465 207 829 268 amnemamnem

146 363 249 440 dicem,
268 363 461 441 mitigandum,
480 363 687 423 concitandum.
727 361 811 436 Quod
836 363 1020 424 liberius‘hic
1040 374 1071 426 et
1083 386 1138 427 re·

105 447 303 511 lohementius
317 448 379 506 lieri
398 448 514 524 potest,
537 448 603 525 quia
629 447 716 507 iudici
734 465 821 507 causa
840 451 894 507 iana
909 458 976 508 nota
997 458 1050 508 est.
1080 451 1139 523 llio

145 534 231 608 igitur
248 532 328 591 velut
351 531 501 605 lomentis,
522 530 546 591 si
565 530 632 608 quid
650 530 704 590 erit
722 548 869 609 asperum,
890 532 1135 610 praemolliemus,

145 632 207 696 quo,
218 614 331 675 facilius
349 632 433 675 aures
450 614 573 673 iudicum
589 632 663 692 quae
684 623 752 692 post
772 617 948 692 proposituri
964 618 1067 674 erimus
1084 619 1135 677 ad-

144 700 268 776 mittant,
293 717 330 757 ne
352 701 455 757 iustum
475 698 596 757 oderint.
640 697 716 757 Nihil
741 700 814 757 enim
835 698 922 758 facile
943 700 1136 777 persuadetur

104 784 247 846 llinvitis.
289 780 353 855 Quo
380 782 448 841 loco
474 790 568 855 tamen
592 781 693 841 iudicis
715 798 832 860 quoqne
861 783 1007 842 noscenda
1033 792 1134 844 natura

132 875 203 941 -est,
226 866 279 924 inri
302 867 393 942 magis
417 883 452 924 an
471 881 564 942 aequo
585 867 622 924 ait
636 867 799 943 appositus;
816 867 936 944 proinde
953 867 1025 926 enim
1040 868 1133 943 magis

143 957 190 1010 aut
210 950 299 1008 minus
319 950 377 1024 vcrit
407 947 464 1008 hoc
486 950 689 1008 necessarium.
740 945 876 1009 Ceterum
904 968 952 1009 res
979 951 1078 1010 eadem
1103 960 1133 1010 et

143 1041 210 1112 post
224 1034 421 1110 quaestionem
435 1035 627 1109 perorationis
647 1034 711 1091 vice
726 1033 862 1109 iungitur.

102 1127 135 1179 12
224 1116 303 1175 blano
320 1125 430 1194 partem
440 1115 533 1215 papia
534 1117 621 1194 βασιν
636 1125 742 1176 vocant
759 1116 872 1192 Graeci,
892 1117 982 1176 Latini
1001 1134 1130 1193 egres·

142 1199 285 1259 sumrel
308 1202 572 1276 egressionem
616 1200 674 1259 Sed
697 1198 752 1258 hae
775 1210 840 1259 sunt
866 1200 981 1294 plures,
1010 1200 1129 1276 utdixi,

142 1302 217 1362 quae
235 1302 290 1362 per
304 1292 392 1342 totam
407 1301 520 1342 causam
537 1284 634 1342 varios
651 1283 756 1343 habent
776 1278 931 1360 excursus,
954 1293 985 1343 ut
1000 1284 1062 1343 laus
1077 1283 1130 1343 ho-

141 1368 244 1427 minum
261 1366 466 1445 locorumque,
492 1375 522 1425 ut
536 1367 694 1445 descriptio
711 1369 875 1443 regionum,
901 1369 1044 1446 expositio
1060 1385 1129 1445 qua·

100 1451 258 1513 13rundam
273 1468 367 1510 rerum
384 1460 544 1527 gestarum,
561 1460 591 1509 ut
611 1450 719 1510 laetitia
739 1451 907 1511 fabularum.
942 1452 1005 1525 Quo
1022 1468 1059 1510 ex
1077 1469 1129 1527 ge

142 1552 212 1594 nere
234 1536 326 1594 estin
350 1533 526 1593 orationibus
550 1543 648 1594 contra
670 1534 791 1594 Verrem
824 1537 991 1614 compositis
1011 1535 1130 1594 Siciliae

141 1618 214 1695 laus,
230 1618 421 1696 Proserpinae
436 1627 548 1696 raptns;
571 1635 625 1696 pro
643 1616 675 1677 G.
693 1616 829 1678 Cornelio
844 1619 992 1698 popularis
1008 1618 1057 1678 illa
1071 1620 1128 1677 vir·

141 1710 230 1762 tutum
247 1699 299 1762 (lna
317 1702 444 1779 Pompeii
460 1704 707 1777 commemoratio,
728 1704 756 1760 in
771 1720 854 1780 quam
874 1704 924 1762 ille
940 1703 1048 1762 divinus
1064 1719 1129 1761 ora-

141 1794 197 1862 tor,
214 1785 295 1845 velut
311 1788 424 1845 nomine
439 1787 503 1864 ipso
518 1785 599 1845 ducis
618 1804 717 1846 cursus
733 1786 845 1846 dicendi
861 1796 1023 1862 teneretur,
1044 1785 1128 1844 abru-

100 1876 133 1931 14
142 1879 209 1948 pto,
226 1887 309 1948 quem
322 1869 524 1945 inchoaverat,
545 1887 678 1929 sermone
695 1871 827 1929 devertit.
859 1870 903 1930 Ac
919 1879 1007 1929 totum
1021 1868 1129 1947 nepio-

140 1955 224 2033 βασις
248 1965 309 2031 est,
335 1964 366 2014 ut
386 1972 450 2014 mea
466 1954 578 2032 quidem
592 1954 650 2013 lert
674 1956 787 2032 opinio,
810 1954 966 2014 alicuius
987 1955 1043 2013 rei
1065 1953 1128 2013 sed

141 2040 181 2099 ad
205 2039 411 2098 utilitatem
433 2055 566 2097 causae
586 2041 808 2116 pertinentis
837 2048 945 2099 extra
965 2039 1127 2098 ordinem

141 2140 345 2182 excurrens
365 2124 549 2181 tractatio.
586 2122 769 2200 Quapropter
788 2139 844 2181 non
858 2122 960 2198 video,
982 2139 1033 2180 cur
1050 2121 1125 2180 hunc

141 2208 168 2264 ei
182 2206 359 2282 potissimum
373 2205 468 2265 locum
482 2206 643 2281 assignent,
664 2209 711 2284 qui
728 2221 822 2264 rerum
837 2207 965 2265 ordinem
982 2207 1126 2281 sequitur:

140 2307 197 2348 non
210 2291 301 2365 magis
319 2306 401 2366 quam
415 2288 504 2363 illud,
527 2306 578 2348 cur
597 2288 655 2349 hoc
672 2306 777 2348 nomen
796 2292 834 2349 ita
855 2290 966 2349 demum
981 2289 1128 2367 proprium

109 2379 249 2451 putent,
265 2391 289 2430 ιι
283 2373 437 2450 ''aliquid
429 2391 457 2430 1n
470 2372 602 2448 digressu
617 2375 653 2432 sit
668 2372 878 2451 exponendum,
897 2392 959 2432 cum
976 2380 1018 2432 tot
1035 2370 1128 2430 modis

99 2465 131 2517 lt
143 2473 159 2515 a
173 2465 254 2515 recto
274 2457 376 2516 itinere
387 2454 516 2516 declinet
533 2458 634 2515 oratio
670 2455 741 2515 Nam
763 2456 898 2534 quidquid
920 2458 1023 2516 dicitur
1043 2471 1127 2533 prae-

140 2549 185 2600 ter
203 2538 267 2600 illas
284 2541 424 2638 qprinque,
448 2557 518 2617 quas
538 2538 673 2638 lecimus,
697 2549 809 2618 partes,
832 2542 963 2617 egressio
981 2548 1042 2613 est,
1056 2538 1129 2597 indi·

139 2625 253 2701 gnatio,
268 2624 431 2697 miseratio,
447 2623 564 2698 invidia,
583 2624 757 2699 convicium,
774 2626 933 2699 excusatio,
951 2622 1127 2696 conciliatio,

138 2706 353 2768 maledictorum
368 2706 513 2766 refutatio.
542 2707 650 2766 Similia
665 2707 727 2783 his,
747 2726 820 2785 quae
847 2725 903 2767 non
918 2716 981 2766 suut
998 2709 1025 2765 in
1040 2723 1127 2783 quae·

139 2794 243 2867 stione,
260 2793 350 2850 omnis
365 2790 562 2869 amplificatio,
578 2794 705 2866 minutio,
729 2808 812 2851 omne
829 2793 950 2851 affectus
963 2808 1068 2867 genus;
1083 2798 1127 2848 at·

140 2893 195 2952 que
209 2887 249 2934 'ea
271 2876 392 2934 maxime
418 2874 566 2934 iucundam
585 2885 614 2934 et
628 2883 756 2935 ornatam
771 2876 877 2935 iaciunt
892 2878 1065 2948 orationem,
1088 2872 1127 2931 de

139 2957 270 3034 luxuria,
302 2960 338 3019 de
359 2960 491 3035 avaritia,
513 2958 549 3018 de
568 2958 727 3035 religione,
753 2958 789 3018 de
816 2960 933 3026 ciliciis;
962 2975 1035 3035 quae
1062 2974 1128 3015 cum

139 3042 195 3100 sint
219 3044 392 3119 argumentis
416 3041 546 3101 subiecta
570 3043 701 3104 similium
725 3061 835 3118 rerum,
862 3044 928 3121 quia
958 3041 1127 3113 cohaerent,

98 3138 131 3193 16
141 3126 242 3201 egredi
258 3133 315 3184 non
327 3126 469 3185 videntur.
500 3124 538 3184 Et
554 3125 674 3204 plurima
689 3135 770 3202 sunt,
792 3144 866 3203 quae
883 3125 972 3185 rebus
993 3123 1062 3183 nihil
1078 3141 1127 3181 se·

140 3226 203 3267 cum
221 3207 441 3269 cohaerentibus
456 3211 635 3285 inseruntur,
653 3210 755 3288 quibus
770 3211 856 3269 iudex
869 3210 1012 3284 reficitur,
1030 3206 1127 3267 admo·

139 3300 232 3366 netur,
248 3291 392 3371 placatur,
407 3302 541 3369 rogatur,
559 3293 698 3353 laudatur.
731 3291 948 3354 Innumerabilia
963 3300 1028 3351 sunt
1041 3291 1127 3365 haec,

140 3394 258 3455 quorum
270 3374 328 3436 alia
344 3376 387 3434 sic
401 3385 571 3454 praeparata
588 3376 751 3451 afferimus,
766 3378 905 3454 quaedam
919 3394 957 3436 ex
970 3375 1128 3435 occasione

139 3460 190 3522 val
202 3479 239 3521 ex
250 3460 428 3520 necessitate
442 3460 587 3539 ducimus,
608 3462 634 3519 si
651 3460 718 3540 quid
732 3461 815 3521 nubis
832 3460 983 3539 agentibus
997 3459 1063 3519 novi
1076 3473 1127 3516 aa·
