2434 3925
156 213 218 276 aot
467 225 504 273 u.
519 226 596 274 aaa.
614 224 831 285 quorumnam
887 282 889 284 v

158 381 237 449 dcam
260 380 313 440 sed
334 397 408 438 nuuc
428 396 486 439 nou
507 379 542 439 dc
565 396 600 437 eo
619 378 778 456 loquimur;
802 380 937 454 alterum,
957 396 1014 457 quo
1031 390 1146 440 senten·

128 467 222 529 itiam
244 482 307 524 cum
328 465 452 532 ratione;
473 465 601 538 tertium,
626 479 682 541 quo
703 473 810 522 certam
828 461 967 541 quandam
989 465 1148 541 argumenti

158 547 371 608 conclusionem
392 547 440 607 vel
464 563 501 605 ex
516 546 760 624 consequentibus
785 547 833 606 vel
851 564 888 606 en
903 550 1145 627 repugnantibus:

104 642 113 647 ·
157 649 315 710 quanquam
337 630 374 689 dc
399 629 457 690 hoc
478 649 577 708 parum
606 632 749 689 convenit.
793 631 975 705 sumerum,
1003 634 1050 711 qui
1077 633 1147 694 illud

157 717 235 794 prius
251 715 435 793 epichirema
450 714 560 789 dicant,
586 713 743 792 pluresque
758 716 886 773 iuvenies
903 716 931 772 in
947 733 981 775 ea
1000 719 1145 794 opinione,

156 808 187 858 ut
201 799 229 858 id
244 798 365 873 demum,
384 798 461 876 quod
480 815 575 876 pugna
594 807 722 872 constat,
741 797 919 872 enthymema
935 802 1028 877 accipi
1043 802 1145 874 velint,

128 891 186 947 aet
205 882 271 942 ideo
297 880 369 941 illud
395 880 566 941 Cornificius
592 883 779 959 contrariam
808 881 946 959 appellat.
991 883 1072 944 Hunc
1098 886 1146 944 alii

155 967 337 1027 rhetoricum
357 966 574 1044 syllogismum,
591 965 639 1023 alii
652 966 859 1042 imperfectam
879 966 1079 1044 syllogismum
1093 985 1145 1028 uo·

157 1059 310 1125 caverunt,
332 1051 398 1126 quia
414 1066 468 1108 nec
484 1048 624 1107 distinctis
639 1066 693 1107 nec
709 1048 826 1108 totidem
842 1048 971 1126 partibus
988 1052 1145 1112 conclude·

127 1143 247 1202 aretum
271 1132 347 1212 quod
370 1150 439 1191 sanc
460 1149 517 1190 nou
538 1133 636 1209 utique
651 1131 687 1190 ab
703 1141 818 1191 oratore
836 1132 1024 1194 desideratur.
1055 1134 1145 1213 Epi·

158 1217 316 1278 obirema
336 1215 457 1293 Valgius
480 1217 707 1294 oppressionem
733 1225 833 1282 vocam
862 1215 966 1275 Celsus
994 1228 1086 1278 autem
1103 1222 1145 1278 iu·

155 1300 247 1376 dicat,
276 1315 333 1359 nou
359 1308 485 1359 nostram
508 1298 777 1359 administrationem
800 1300 852 1359 sed
872 1302 964 1378 ipsam
985 1320 1147 1380 remquam

156 1384 349 1460 aggredimur,
367 1382 395 1442 id
411 1392 456 1443 est
470 1391 676 1459 argumentum,
690 1400 746 1461 quo
758 1383 864 1461 aliquid
876 1383 1023 1462 probaturi
1036 1404 1145 1461 sumnus,

156 1469 266 1527 etiamsi
286 1466 409 1526 nondum
432 1465 528 1526 verbis
557 1466 739 1544 explanatum
764 1468 818 1526 iam
845 1476 938 1526 tamen
957 1479 1051 1528 mente
1074 1486 1146 1529 cou-

129 1560 288 1629 5ccptum,
313 1551 485 1629 epichirema
503 1550 568 1609 dici.
600 1550 675 1608 Aliis
690 1551 817 1625 videtur,
840 1568 897 1609 uon
914 1552 1080 1612 destinatam
1095 1553 1146 1613 vel

155 1634 315 1694 inchoatam
337 1634 388 1694 sed
410 1634 569 1712 perfectam
584 1632 784 1712 probationem
806 1634 863 1693 hoc
877 1652 980 1694 nomen
996 1639 1145 1714 accipere,

157 1726 186 1777 et
201 1718 325 1778 ultimam
340 1720 483 1797 speciem;
505 1718 631 1796 ideoque
648 1720 765 1796 propria
790 1720 851 1778 eius
869 1720 1026 1797 appellatio
1042 1730 1070 1779 et
1084 1740 1145 1781 ma·

155 1804 231 1862 xime
247 1803 276 1862 in
291 1821 344 1862 usu
362 1810 406 1862 est
424 1803 534 1880 posita,
559 1820 615 1880 qua
631 1803 807 1879 significatur
829 1812 907 1861 certa
926 1804 1062 1881 quaedam
1077 1823 1145 1863 sen-

156 1888 262 1947 tcntiae
280 1885 510 1965 comprehensio,
528 1903 601 1965 quae
621 1886 761 1945 extribus
777 1888 919 1946 minimum
931 1888 1058 1966 partibus
1073 1905 1145 1947 con·

127 1980 221 2037 astat.
269 1971 389 2046 Quidam
425 1970 599 2050 epichirema
631 1973 779 2032 rationem
808 1972 1003 2049 appellarunt;
1039 1970 1146 2032 Cicero

155 2055 256 2116 melius
271 2058 541 2130 ratiocinationem,
558 2072 717 2133 quanquam
732 2063 760 2113 et
776 2054 826 2115 ille
841 2071 944 2115 nomen
959 2055 1016 2114 boc
1026 2055 1146 2115 duxisse

155 2141 245 2216 magis
269 2157 286 2199 a
306 2139 476 2216 syllogismo
502 2138 623 2198 videtur.
667 2138 738 2198 Nam
758 2148 787 2197 et
808 2147 910 2198 statum
934 2139 1146 2215 syllogisticum

155 2224 399 2284 ratiocinativam
414 2221 557 2301 appellat,
581 2223 780 2299 exemplisque
796 2225 882 2281 utitur
896 2222 1145 2300 pbilosophorum.

156 2305 192 2364 Et
215 2307 347 2383 quoniam
368 2316 412 2366 est
435 2305 573 2383 quaedam
593 2308 666 2364 inter
687 2305 885 2383 syllogismum
914 2316 943 2366 et
969 2305 1147 2385 epichirema
1200 2348 1201 2356 η

128 2390 302 2456 tricinitas:
328 2399 425 2467 potest
447 2386 538 2449 videri
561 2388 618 2448 boc
640 2391 753 2448 nomine
776 2399 857 2448 recte
885 2389 999 2450 abusus.
1041 2384 1147 2449 Ἀπό-
1199 2399 1200 2404 ’

157 2473 275 2547 deciae
289 2483 334 2533 cst
351 2475 469 2534 evidens
487 2472 630 2551 probatio,
647 2473 771 2551 ideoque
787 2473 861 2551 apud
873 2473 1040 2533 Geometras
1051 2495 1147 2550 γραμ-

156 2554 240 2634 pmai
259 2549 417 2630 ἀποδείξεις
436 2557 574 2616 dicuutur.
609 2556 689 2616 Hanc
712 2567 742 2616 et
762 2556 797 2616 ab
822 2557 1025 2635 epichiremate
1042 2554 1148 2616 Caeci·

156 2640 211 2699 lius
227 2650 306 2718 putat
322 2641 437 2701 differre
453 2641 517 2700 solo
532 2658 642 2717 genere
658 2641 851 2700 conclusionis
878 2651 906 2700 et
922 2655 989 2701 esse
1008 2640 1148 2718 apodixin

156 2725 353 2801 imperfectum
376 2724 550 2803 epichirema
570 2725 670 2785 eadem
694 2743 798 2799 causa,
828 2743 882 2803 qua
904 2726 1023 2785 diximus
1044 2723 1148 2799 enthy-

155 2826 246 2869 mema
272 2809 441 2886 syllogismo
470 2809 585 2869 distare.
625 2808 697 2868 Nam
725 2818 754 2867 et
784 2808 958 2886 epichirema
984 2808 1149 2892 syllogismi

157 2909 223 2969 pars
240 2902 293 2952 est.
322 2892 441 2966 Quidam
453 2896 549 2953 inesse
564 2893 759 2971 epichiremati
779 2894 913 2971 apodixin
926 2902 1023 2971 putant
1035 2901 1063 2950 et
1076 2909 1148 2951 esse

128 2985 266 3053 spartam
290 2979 351 3036 eius
373 2979 595 3037 confirmantem.
635 2976 791 3054 Utrumque
812 2986 905 3035 autem
926 2993 1084 3054 quanquam
1105 2974 1147 3034 di·

157 3061 234 3124 versi
249 3070 383 3120 auctores
399 3062 501 3122 eodem
518 3062 603 3121 modo
621 3061 733 3134 liniunt,
746 3060 859 3120 scilicet
873 3063 1012 3119 rationem
1029 3077 1083 3137 per
1099 3076 1146 3134 ea,

157 3160 231 3218 quae
245 3153 324 3203 certa
340 3155 420 3221 sunt,
436 3147 553 3205 incertis
572 3144 725 3203 fidemnon
741 3143 853 3203 dubiam
866 3145 1048 3209 allerentem;
1070 3160 1147 3220 quae

157 3235 256 3285 natura
272 3236 317 3285 est
332 3231 453 3288 omnium
466 3238 712 3306 argumentorum,
734 3245 829 3305 neque
845 3231 919 3287 enim
938 3237 1015 3287 certa
1027 3229 1147 3285 incertis

157 3310 348 3369 declarantur.
377 3311 456 3372 llaec
472 3314 565 3371 omnia
580 3312 758 3388 generaliter
771 3312 879 3384 πίστεις
894 3312 1051 3390 appellant,
1067 3309 1146 3389 quod

158 3396 268 3455 etiamsi
283 3396 399 3472 propria
414 3397 649 3474 interpretatione
664 3395 761 3455 dicere
775 3394 867 3472 fidem
882 3413 1044 3473 possumus,
1062 3412 1146 3472 aper·

174 3480 213 3540 'ns
233 3485 326 3539 tamen
341 3480 550 3559 probationem
570 3479 827 3559 interpretabimur.
872 3481 930 3540 Sed
955 3496 1146 3558 argumen-
