2434 3925
270 310 274 317 ,
334 254 669 304 meorumnam.
685 255 737 320 xn,
752 251 779 304 3.
894 308 901 333 ¹
997 241 1058 304 230

11 432 94 495 per
113 410 204 481 hom·
224 427 279 487 epo
293 418 323 471 tc
342 411 375 470 in
391 411 498 470 codem
517 410 623 486 patrio
636 427 696 488 per
709 408 830 470 eosdem
848 410 981 471 retinere
993 429 1055 472 eon

11 496 182 579 potero?
217 492 255 552 Et
278 512 340 554 cum
361 493 436 553 bona
456 490 489 551 G.
512 493 623 552 Rabirii
645 510 701 554 uno
723 493 860 552 sestertio
881 494 1002 554 addicit:
1026 491 1052 555 0

13 597 150 644 meum
166 579 312 638 miserum
325 577 531 654 acerbamque
543 579 753 654 praeconiam.
782 574 836 637 llla
851 593 967 654 quoqne
983 579 1114 645 mire173

13 665 110 726 facit
143 663 178 720 in
198 663 391 739 'peroratione
416 661 496 720 velut
518 661 678 720 deficientis
707 660 810 720 dolore
832 669 862 719 et
882 660 1052 738 fatigatione

17 747 220 810 contessio:
244 754 274 804 ut
289 763 343 823 pro
359 746 463 805 eodem
479 744 603 819 Milone,
620 743 685 806 Sed
698 745 769 823 finis
782 746 840 815 sit,·
860 747 1053 823 nequeenim

14 851 122 913 prae
140 831 286 890 lacrimis
305 831 368 890 iam
388 830 471 908 loqui
488 847 621 907 possem.
654 828 736 902 Quae
751 829 872 888 similem
887 828 985 888 verbis
1002 829 1052 889 ha·

17 920 112 977 bere
132 913 249 973 debent
265 916 350 972 etiarn
364 914 633 992 pronuntiationem.
664 912 788 973 Possunt
802 913 893 973 videri
909 913 966 973 alia
981 920 1113 990 quo-174

24 1018 96 1080 que
118 998 213 1057 huius
238 1000 327 1074 partis
345 1006 432 1075 atque
455 996 560 1056 oilicii:
584 1013 653 1056 reos
676 999 825 1071 excitare,
842 1013 951 1075 pueros
967 996 1052 1057 attol-

20 1087 121 1160 lere,
155 1082 340 1159 propinquos
363 1081 545 1160 producere,
568 1089 669 1140 vestes
691 1080 816 1148 laniare;
839 1080 892 1140 sed
913 1097 967 1140 sno
983 1081 1052 1141 loeo

24 1172 220 1233 dictasunt.

128 1248 175 1309 Et
197 1249 263 1326 quia
284 1250 312 1307 in
334 1247 464 1327 partibus
486 1267 591 1308 causae
614 1249 680 1308 talis
697 1257 741 1308 est
755 1248 895 1309 varietas:
917 1250 986 1307 satis
1003 1265 1053 1326 ap·

28 1343 139 1418 paret,
155 1332 431 1393 accommodandam
443 1335 592 1392 sententiis
607 1335 679 1411 ipsis
691 1334 960 1411 pronuntiationem,
978 1334 1053 1391 sicut

29 1418 246 1485 ostendimus;
276 1415 329 1476 sed
351 1416 450 1475 verbis
473 1434 606 1496 quoque,
630 1417 707 1494 qnod
728 1418 885 1476 novissime
911 1416 1051 1491 dixeram,

28 1523 98 1565 non
113 1518 245 1578 semper
258 1500 310 1560 sed
326 1499 488 1579 aliquando.
517 1501 634 1560 Annon
650 1501 707 1561 hoc
723 1501 860 1564 misellus·
871 1509 900 1559 et
914 1509 1111 1578 pauper-,175

31 1591 132 1652 cutus
148 1583 304 1644 summissa
322 1594 408 1664 atque
426 1593 590 1659 contracta,
605 1585 696 1664 fortis
709 1594 738 1644 et
754 1587 915 1647 neltcmcns
930 1593 959 1642 et
972 1586 1053 1646 latro

32 1680 146 1733 erecta
166 1677 200 1727 et
217 1670 359 1727 concitata
375 1686 450 1728 voce
467 1668 618 1729 dicendum
633 1665 698 1728 esti
726 1668 851 1729 Accedit
867 1669 941 1727 euim
958 1669 1002 1727 vis
1022 1678 1052 1729 et

33 1756 217 1837 proprietas
233 1751 321 1811 rebus
337 1752 385 1811 tali
402 1753 616 1830 astipulatione,
636 1771 710 1831 quae
725 1754 779 1811 nisi
795 1753 880 1812 assit:
899 1752 976 1812 aliud
991 1768 1051 1812 vox
1135 1744 1137 1750 ’

31 1840 115 1903 aliud
128 1839 249 1899 animus
262 1835 404 1896 ostendat.
437 1834 532 1910 Quid?
547 1836 624 1916 qnod
639 1837 740 1896 eadem
755 1836 845 1895 verba
861 1844 967 1895 mutata
983 1843 1111 1913 pro-liii

35 1923 228 2004 nuntiatione
243 1920 378 1996 indicant,
394 1920 545 1997 affirmant,
564 1920 752 2000 exprobrant,
768 1928 886 1997 negant,
902 1921 1050 1996 mirantur,

35 2010 248 2085 indignantur,
265 2007 453 2082 interrogant,
468 2007 596 2082 irrident,
614 2003 750 2066 elevanti
780 2004 875 2064 Aliter
890 2006 963 2065 edim
978 2004 1051 2064 dici·

39 2103 103 2153 tur:
130 2090 177 2151 Tu
192 2090 268 2150 ntiltt'
282 2090 481 2167 qaodcunque
495 2090 552 2151 lmc
572 2092 661 2169 repni
678 2100 707 2149 et
723 2086 884 2150 Cantando
897 2096 932 2149 to
942 2089 1051 2150 illum?

40 2187 71 2237 et
90 2174 182 2236 Tunc
195 2174 249 2234 tite
266 2170 408 2234 Aeneas?
427 2182 456 2233 et
472 2171 580 2252 Meque
593 2176 710 2235 amoris
723 2170 828 2251 Arpos
843 2181 891 2248 te,
912 2170 1049 2233 Drance.

38 2261 82 2320 Et
102 2276 141 2318 ne
161 2273 281 2332 morer,
302 2258 374 2316 intra
398 2275 430 2316 se
447 2259 570 2337 quisque
585 2258 635 2317 vel
651 2258 709 2318 hoc
721 2256 770 2316 vel
787 2257 881 2330 aliud,
904 2256 982 2334 quod
997 2273 1050 2315 vo·

42 2347 101 2421 let,
118 2361 175 2422 per
192 2358 294 2402 omnes
316 2341 436 2401 affectus
451 2351 565 2410 versem
590 2360 691 2401 verum
712 2358 795 2416 esse,
818 2340 895 2419 quod
917 2339 1047 2416 dicimus,

42 2429 129 2487 sciet.

137 2509 232 2569 Unum
245 2510 299 2567 iam
315 2508 359 2568 his
374 2507 562 2569 adiiciendum
577 2517 632 2584 est,
649 2526 713 2568 cnm
725 2509 883 2587 praecipue
895 2508 924 2566 in
935 2509 1049 2569 actione
1058 2508 1108 2564 iii
1153 2511 1156 2518 ’

50 2602 203 2671 spectetur
232 2594 337 2653 decor:
364 2610 454 2671 saepe
475 2593 578 2653 aliud
599 2593 698 2653 alios
721 2593 865 2654 decere.
899 2590 954 2651 Est
975 2594 1049 2651 euim

52 2677 146 2735 lateus
163 2676 303 2755 quaedam
320 2678 348 2736 iu
365 2676 422 2736 hoe
441 2679 514 2737 ratio
531 2687 560 2737 et
575 2677 789 2744 inenarrabilis:
810 2687 839 2737 et
859 2685 890 2736 ut
903 2694 975 2735 vere
991 2675 1049 2735 hoo

52 2759 158 2826 dictum
173 2769 228 2835 est,
247 2769 333 2838 capnt
348 2778 426 2835 esse,
443 2761 550 2821 decere
565 2763 643 2840 quod
656 2761 762 2822 iacias:
777 2763 816 2821 ita
831 2761 861 2820 id
875 2777 969 2836 neque
985 2760 1049 2817 sine

55 2851 118 2901 arte
139 2859 204 2901 esse
226 2862 321 2921 neque
341 2853 432 2904 toturn
449 2853 510 2904 arte
526 2848 599 2906 tradi
614 2855 722 2925 potest.
760 2843 793 2903 In
807 2842 975 2924 quibusdam
991 2844 1107 2901 vir-liii

55 2934 130 2984 tutes
146 2942 201 2983 nou
218 2926 323 2987 habent
339 2930 475 3005 gratiam,
498 2930 526 2987 iu
542 2929 711 3007 quibusdam
725 2930 794 2987 vitia
809 2930 872 3005 ipsa
888 2926 1046 2986 delectant.

54 3007 193 3066 Maximae
214 3020 328 3071 actores
358 3013 584 3088 comoediarum,
613 3013 790 3072 Demetrium
817 3020 846 3070 et
869 3009 1046 3085 Stratoclea,

56 3090 173 3169 plaeere
192 3091 310 3152 diversis
331 3096 481 3155 virtutibus
497 3098 628 3157 vidimus.
649 3097 719 3172 ,Seu
736 3094 806 3155 illud
828 3096 918 3154 minus
934 3095 1045 3170 mirum,

58 3173 135 3250 quod
156 3173 228 3232 alter
251 3176 321 3236 deos
343 3189 372 3238 et
391 3181 511 3239 iuvenes
535 3191 564 3240 et
587 3181 683 3241 bonos
710 3188 808 3258 patres
830 3195 991 3255 servosque
1015 3188 1045 3238 et

60 3265 199 3316 matronas
214 3267 359 3336 etgraves
375 3282 444 3323 anus
460 3265 585 3343 optime,
606 3264 681 3323 alter
699 3281 782 3323 acres
801 3281 904 3338 senes,
922 3262 1043 3321 callidos

60 3356 175 3415 servos,
198 3346 353 3421 parasitos,
375 3346 496 3407 lenones
511 3357 540 3407 et
556 3349 649 3407 omnia
666 3348 817 3423 agitatiora
837 3347 951 3406 melius.
982 3345 1049 3405 Fuit

12 3473 13 3478 ,
64 3424 134 3482 enirn
154 3432 247 3484 natura
270 3427 397 3497 diversa;
422 3449 485 3491 nam
506 3449 565 3491 vox
588 3448 703 3509 quoqne
724 3430 863 3491 Demetrii
883 3430 1044 3504 iucundior,

62 3506 135 3568 illius
150 3510 240 3569 acrior
255 3521 326 3575 erat.
360 3512 548 3578 denotandae
570 3517 707 3596 memoria
729 3515 819 3594 magis
837 3516 1043 3594 proprietates,
1054 3514 1105 3572 179
