2434 3925
350 254 438 304 rusr.
451 252 770 320 oraron.a1n.11,t.
1003 242 1043 304 69

55 414 80 472 si
98 412 162 491 quis
176 429 238 472 eam
250 427 304 488 per
318 409 424 485 gradm
437 417 550 485 augeat,
569 410 646 487 quod
659 410 717 485 lex,
734 410 810 488 quod
825 411 950 488 publica,
967 410 1044 488 quod

55 498 90 557 ad
108 495 280 573 religionem
302 493 386 552 deum
402 502 566 570 comparata
587 494 634 552 sit.
673 494 714 554 Ea
734 496 863 572 quidem,
887 494 1043 573 dequibus

55 581 156 659 quaeri
172 579 266 653 solet,
284 578 442 637 communia
460 576 598 635 omnibus,
630 577 687 637 Aut
703 580 776 637 enirn
793 579 830 638 de
847 580 908 639 iure
923 578 1085 640 dubitari35

55 672 155 743 potest
172 664 252 737 eins,
269 663 316 740 qui
332 669 432 737 rogat,
449 669 479 719 ut
495 659 531 719 de
547 659 577 719 P.
595 658 705 736 Clodii,
722 662 769 739 qui
786 680 843 721 non
857 665 911 722 rite
928 672 1042 722 creatus

54 747 185 808 tribunus
207 744 396 823 arguebatur;
421 753 469 804 aut
486 743 522 803 de
537 745 627 821 ipsius
642 747 817 822 rogationis,
840 747 916 824 quod
932 756 977 806 est
993 763 1042 805 va-

55 833 144 906 rium,
167 831 228 889 sivo
245 848 301 889 non
318 830 392 888 trino
410 829 485 888 forte
500 827 623 887 nundino
638 829 817 907 promulgata
834 833 894 890 sive
911 848 967 890 non
982 831 1042 889 ido·

54 932 112 975 neo
138 915 202 990 die,
229 915 292 973 sive
318 921 418 973 contra
444 913 682 972 intercessionem
705 913 753 972 vel
779 916 905 993 auspicia
931 914 1043 973 aliudve

55 1000 139 1079 quid,
159 997 235 1076 quod
251 998 385 1075 legitimis
402 996 513 1071 obstet,
538 996 641 1055 dicitur
658 997 714 1056 lata
733 1016 799 1057 esse
814 998 862 1057 vel
878 998 963 1074 ierri,
980 999 1042 1056 sive

54 1084 140 1144 alicui
156 1084 327 1141 manentium
342 1081 437 1157 legum
453 1098 626 1159 repugnare.
650 1080 709 1141 Sed
724 1083 797 1141 baec
812 1082 847 1142 ad
859 1083 923 1141 illas
938 1083 1085 1160 primasao

55 1167 279 1227 exercitationes
296 1183 354 1242 noq
368 1165 527 1242 pertinent,
545 1181 608 1223 nam
624 1173 688 1223 sunt
703 1165 757 1225 bae
776 1168 846 1226 citra
862 1166 1044 1244 complexum

54 1268 254 1330 personarum,
269 1258 440 1326 temporum,
457 1265 616 1308 causarum.
641 1247 762 1327 Reliqua
778 1250 878 1310 eadem
893 1250 955 1309 iere
970 1265 1042 1308 vero

54 1336 182 1411 fictoque
199 1332 358 1392 huiusmodi
376 1334 531 1392 certamine
553 1340 719 1391 tractantur,
752 1332 823 1394 Nam
839 1335 937 1396 vitium
952 1343 1000 1393 aut
1015 1335 1083 1399 in37

53 1417 153 1477 verbis
169 1425 216 1477 aot
231 1417 259 1475 in
273 1416 360 1475 rebus
376 1425 429 1475 cst.
462 1414 494 1474 ln
508 1414 605 1475 verbis
621 1417 781 1493 quaeritur,
801 1436 836 1477 an
851 1419 920 1477 satis
936 1417 1042 1495 signill-

54 1510 137 1576 cent,
162 1519 196 1559 an
213 1501 250 1558 sit
266 1501 294 1558 in
310 1500 344 1557 iis
362 1499 468 1577 aliquid
484 1499 655 1576 ambiguum.
689 1499 720 1559 ln
737 1500 842 1579 rebus,
866 1520 902 1561 au
919 1501 968 1561 lex
989 1501 1043 1560 sibi

54 1587 116 1664 ipsa
135 1585 310 1657 consentiat,
330 1602 365 1642 an
379 1585 408 1643 in
423 1586 608 1662 praeteritum
623 1582 693 1643 ferri
709 1584 829 1660 debeat,
851 1604 886 1645 an
901 1586 930 1644 iu
946 1588 1042 1662 singu·

54 1670 99 1729 los
120 1667 262 1728 homines.
297 1665 420 1727 Maxime
441 1684 512 1726 vero
531 1661 680 1735 commuu‘e
702 1677 747 1727 est
768 1687 926 1746 quaerere,
950 1688 986 1729 an
1006 1670 1043 1727 sit

52 1753 194 1826 honesta,
221 1769 256 1810 an
281 1751 367 1810 utilis.
408 1750 470 1810 Nec
496 1752 616 1827 ignoro,
644 1752 743 1829 plures
769 1753 831 1811 lieri
857 1772 872 1813 a
895 1753 1085 1832 plerisque38

51 1847 169 1916 partes;
186 1833 237 1893 sed
254 1851 308 1893 nos
324 1836 442 1908 iustum,
459 1836 550 1913 pium,
568 1835 753 1912 religiosum,
773 1846 927 1914 ceteraque
944 1836 988 1895 bis
1005 1836 1042 1894 si·

51 1922 130 1982 milia
147 1919 269 1980 honesto
286 1919 513 1998 complectimur.
540 1919 610 1980 lusti
626 1928 720 1979 tamen
735 1922 850 1998 species
865 1939 921 1981 non
936 1920 1042 1999 simpli-

51 2008 127 2067 citer
149 2005 246 2064 excuti
266 2004 370 2064 solent.
412 2004 470 2063 Aut
491 2005 564 2063 enim
579 2005 616 2063 de
636 2006 749 2082 reipsa
773 2007 936 2084 quaeritur,
956 2013 987 2062 ut
1002 2003 1042 2063 di·

50 2108 149 2168 gnane
161 2106 255 2166 poena
269 2089 317 2148 vel
333 2090 461 2166 praemio
474 2089 526 2156 sit;
544 2097 592 2147 aut
603 2090 639 2148 de
650 2091 735 2149 modo
747 2090 866 2168 praemii
880 2106 1041 2167 poenaeve,

51 2177 120 2253 quia
137 2182 194 2232 tarn
211 2175 300 2232 maior
318 2192 401 2252 quam
421 2176 512 2233 minor
528 2173 638 2251 culpari
654 2182 761 2251 potest.
793 2173 909 2233 Utilitas
927 2183 1085 2251 quoque39

50 2259 169 2318 interim
192 2267 290 2317 natura
314 2258 499 2333 discernitur,
524 2259 634 2317 interim
656 2266 796 2335 tempore.
840 2256 986 2330 Quaedam
1008 2275 1043 2316 an

52 2342 180 2402 obtineri
203 2343 328 2418 possint,
356 2342 461 2418 ambigi
485 2342 571 2400 solet.
612 2340 656 2400 Ne
679 2341 748 2401 illud
770 2341 883 2420 quidem
909 2343 1043 2418 ignorare

54 2434 190 2505 oportet,
206 2425 289 2501 leges
304 2425 456 2502 aliquando
472 2433 547 2484 totas
560 2421 711 2502 aliquando
725 2434 855 2504 exparte
869 2424 1043 2503 reprehendi

54 2511 171 2583 solere,
189 2526 252 2568 curn
267 2509 429 2586 exemplum
447 2510 489 2568 rei
504 2511 651 2586 utriusque
666 2508 749 2567 nobis
766 2510 850 2569 claris
867 2509 1043 2569 orationibus

53 2593 239 2673 praebeatur.
269 2591 331 2651 Nec
346 2611 392 2651 me
407 2592 491 2667 fallit,
508 2611 558 2651 eas
574 2607 689 2669 quoque
705 2592 788 2670 leges
800 2611 882 2668 esse,
899 2611 973 2671 quae
988 2602 1087 2654 nonio

54 2680 270 2756 inperpetuum
285 2685 424 2752 rogentur
439 2678 490 2736 sed
505 2676 542 2736 de
557 2675 712 2734 honoribus
728 2687 775 2736 aut
791 2679 933 2753 imperiis,
952 2677 1043 2755 qualis

54 2760 172 2821 llanilia
195 2761 262 2835 luit,
285 2760 321 2819 de
343 2778 400 2838 qua
417 2757 566 2820 Ciceronis
587 2761 679 2819 oratio
696 2769 750 2819 est.
783 2762 841 2821 Sed
858 2760 894 2820 de
909 2760 954 2819 bis
974 2760 1044 2820 nihil

53 2846 195 2905 hocloco
213 2846 342 2922 praecipi
357 2854 472 2923 potest,
495 2852 626 2903 coustant
642 2845 715 2903 enim
730 2847 847 2924 propria
872 2863 983 2919 rerum,
1008 2845 1043 2904 de

53 2929 160 3008 quibus
175 2929 284 3004 agitur,
301 2946 359 2987 non
376 2930 516 2988 communi
532 2927 678 3005 qualitate.

139 3011 189 3071 llis
206 3011 268 3070 iere
285 3022 402 3071 veteres
418 3012 583 3072 facultatem
600 3011 712 3070 dicendi
730 3020 921 3071 exercuerunt
936 3018 1083 3071 assum-41

51 3106 102 3176 pta
120 3105 217 3168 tamen
232 3114 248 3154 a
263 3095 423 3155 dialecticis
440 3094 653 3172 argumentandi
670 3096 791 3154 ratione.
824 3095 895 3155 Nam
911 3095 993 3155 fictas
1009 3096 1044 3155 ad
1081 3114 1083 3120 ·

50 3180 240 3241 imitationem
264 3179 319 3238 iori
341 3181 582 3258 consiliorumque
605 3179 740 3238 materias
761 3180 835 3256 apud
851 3179 978 3239 Graecos
1003 3180 1043 3238 di·

52 3282 125 3325 cere
149 3265 226 3322 circa
241 3262 417 3322 Demetrium
432 3264 571 3324 Phalerea
589 3262 743 3321 institutum
761 3262 823 3322 iere
845 3272 979 3338 constat„
999 3262 1086 3322 Anda

53 3348 89 3408 ab
108 3349 176 3426 ipso
193 3347 221 3405 id
238 3365 329 3423 genus
346 3349 560 3407 exercitationis
576 3348 613 3407 sit
628 3347 786 3422 inventum,
808 3355 838 3406 ut
856 3347 913 3415 alio
929 3363 1045 3424 quoque

53 3431 131 3491 libro
149 3448 210 3489 sum
227 3430 395 3506 confessus,
412 3449 510 3510 parum
527 3432 669 3509 comperi:
688 3431 739 3491 sed
754 3448 790 3489 ne
806 3430 834 3489 lri
851 3430 980 3509 quidem,
997 3427 1045 3507 qui

54 3514 112 3576 lroc
130 3513 289 3574 fortissime
310 3515 467 3591 aiiirmant,
489 3515 549 3577 ullo
565 3516 635 3575 satis
653 3516 757 3574 idoneo
773 3524 892 3591 auctore
909 3515 1043 3572 nituntur.
