2434 3925
458 551 501 633 n.
517 550 623 659 uun
641 548 875 643 crurum]

171 723 713 840 iustitutionis
751 720 1182 837 llllilTlllllAE

360 1011 646 1076 VICTORIUM
663 1009 970 1074 MARCELLUM

542 1134 691 1198 LIBRI
712 1132 790 1197 XII.

585 1380 704 1429 LIBER
726 1382 747 1433 Ι.

168 1476 246 1526 Libro
262 1476 346 1541 primo
362 1477 426 1526 haec
444 1477 613 1528 continentur:
641 1479 809 1531 Prooemium.
847 1475 1063 1535 Quemadmodum
1083 1480 1178 1542 prima

204 1545 327 1594 elementa
348 1546 471 1595 tradenda
494 1548 552 1596 sint.
591 1547 683 1597 Utilius
702 1548 770 1597 domi
791 1562 824 1596 an
844 1548 871 1595 in
889 1545 984 1595 scholis
1007 1545 1175 1603 erudi-antur.

204 1611 372 1671 Quaratione
386 1616 412 1662 iu
430 1617 517 1679 parvis
535 1618 637 1681 ingenia
653 1617 832 1681 dignoscantur
848 1624 872 1664 et
888 1630 937 1677 qua
955 1615 1087 1663 tractanda
1107 1618 1175 1671 sint.

202 1682 238 1731 De
256 1685 427 1747 grammatice.
459 1683 496 1734 De
511 1685 595 1736 officio
613 1687 779 1750 grammatici.
810 1688 850 1734 Au
868 1684 960 1735 oratori
978 1684 1061 1732 futuro
1078 1699 1176 1735 ueces-

204 1752 271 1801 saria
293 1753 326 1802 sit
348 1753 460 1818 plurium
483 1755 575 1804 artium
598 1756 712 1806 scientia.
750 1757 787 1804 De
809 1755 914 1805 musice.
954 1753 992 1801 De
1014 1756 1176 1817 geometria.

203 1821 241 1870 De
255 1823 337 1886 prima
354 1823 565 1886 pronuntiationis
584 1831 607 1872 et
625 1825 711 1888 gestus
731 1825 895 1873 institutione.
927 1822 968 1871 An
985 1822 1060 1887 plura
1076 1824 1175 1875 eodem

202 1897 314 1956 ternpore
333 1891 418 1942 doceri
436 1894 518 1956 prima
535 1899 604 1943 aetas
623 1894 715 1958 possit.

489 2019 838 2082 PROOEMIUM.

258 2107 334 2196 Post
352 2141 529 2216 impetratam
548 2139 648 2197 studiis
663 2141 734 2198 meis
747 2141 888 2218 quietem,
905 2154 980 2215 quae
996 2153 1051 2214 per
1063 2137 1176 2213 viginti

169 2237 258 2280 annos
279 2220 443 2281 erudiendis
465 2221 616 2282 iuvenibus
638 2222 849 2301 impenderam,
873 2240 938 2282 cum
958 2239 1035 2280 ame
1050 2221 1176 2297 quidam

168 2304 348 2365 familiariter
370 2305 565 2383 postularent,
586 2315 617 2365 ut
637 2305 744 2384 aliquid
763 2307 800 2367 de
821 2309 933 2367 ratione
954 2305 1067 2366 dicendi
1086 2322 1176 2364 com·

168 2405 322 2466 ponerem:
335 2389 391 2471 ¹diu
406 2408 468 2448 sum
482 2390 616 2469 equidem
631 2391 800 2467 reluctatus,
818 2391 895 2471 quod
909 2397 1045 2449 auctores
1059 2390 1175 2448 utrius·

168 2491 224 2552 que
243 2473 358 2549 linguae
383 2471 559 2533 clarissimos
574 2492 632 2532 nou
651 2475 819 2551 ignorabam
834 2475 938 2548 multa,
959 2491 1032 2552 quae
1054 2471 1176 2532 adhoc

168 2574 242 2635 opus
257 2558 454 2635 pertinerent,
477 2558 696 2635 diligentissime
719 2562 828 2637 scripta
841 2559 976 2637 posteris
995 2556 1173 2634 reliquisse.

134 2656 151 2707 2
168 2640 227 2700 Sed
250 2658 305 2720 qua
322 2659 378 2717 ego
396 2661 433 2702 ex
455 2659 541 2701 causa
562 2643 724 2703 faciliorem
744 2644 810 2703 milri
824 2645 937 2702 veniam
956 2659 1038 2701 meae
1058 2641 1174 2717 depre-

168 2727 289 2785 cationis
304 2725 464 2786 arbitrabar
482 2727 563 2802 fore,
582 2726 637 2786 bac
654 2728 885 2788 accendebantur
899 2726 942 2785 illi
956 2727 1063 2802 magis,
1085 2726 1174 2801 quod

167 2810 241 2867 inter
263 2809 391 2869 diversas
412 2813 563 2888 opiniones
584 2814 712 2888 priorum
731 2821 760 2871 et
779 2810 915 2890 quasdam
931 2811 1017 2869 etiam
1035 2811 1110 2868 inter
1134 2827 1173 2868 se

169 2897 328 2954 contrarias
348 2893 474 2954 difficilis
495 2904 575 2954 esset
593 2895 715 2963 electio;
740 2905 769 2955 ut
789 2896 856 2955 mibi
879 2897 904 2954 si
925 2911 982 2952 non
1001 2893 1172 2953 inveniendi

168 2988 287 3038 novant
307 2987 387 3038 certe
403 2978 544 3039 iudicandi
565 2979 601 3039 de
622 2981 770 3039 veteribus
786 2982 936 3055 iniungere
957 2977 1087 3037 laborem
1107 2994 1172 3036 non

134 3064 271 3131 siniuste
296 3063 471 3122 viderentur.
518 3062 654 3136 Quamvis
679 3074 773 3124 autem
799 3082 856 3123 non
881 3072 938 3123 tam
962 3080 1008 3121 me
1033 3063 1174 3120 vinceret

168 3147 348 3224 praestandi,
376 3148 453 3225 quod
474 3147 663 3224 exigebatur,
691 3148 794 3208 fiducia
820 3166 903 3226 quam
929 3145 1052 3222 negandi
1079 3163 1171 3204 vere·

167 3230 285 3291 cundia:
310 3232 394 3291 latius
417 3250 450 3290 se
473 3240 567 3291 tamen
584 3234 735 3309 aperiente
755 3234 874 3292 materia
890 3231 956 3308 plus
973 3248 1057 3308 quam
1072 3230 1170 3306 impo-

165 3315 288 3374 nebatur
305 3318 402 3374 oneris
425 3324 529 3392 sponte
550 3318 682 3394 suscepi;
706 3317 794 3388 'simul
814 3325 844 3375 ut
866 3316 999 3394 pleniore
1021 3312 1170 3391 obsequio

167 3400 333 3459 demererer
353 3401 560 3458 amantissimos
586 3401 659 3472 mei,
688 3401 771 3460 simul
795 3419 831 3458 ne
854 3400 1004 3475 vulgarem
1025 3399 1101 3456 viam
1122 3398 1170 3455 iu·
1212 3398 1213 3401 ’

134 3492 152 3545 4
167 3501 287 3561 gressus
302 3484 403 3543 alienis
419 3483 530 3542 demum
544 3484 676 3559 vestigiis
691 3486 863 3543 insisterem.
893 3482 965 3542 Nam
983 3482 1074 3540 ceteri
1089 3481 1169 3558 fere,
1212 3490 1213 3555 l

1203 3560 1214 3904 l
