2434 3925
4 225 6 288 l
83 267 85 272 ,

173 215 213 278 20
488 227 848 289 maumomnnmmm

175 385 223 462 qui
240 384 432 461 geminatione
448 398 545 442 earum
558 383 638 442 velut
653 383 736 461 apice
752 382 921 460 utebantur,
940 391 987 442 aut
1002 383 1087 451 duas;
1108 384 1175 443 nisi

175 469 238 545 quis
260 475 339 546 putat
360 469 501 527 etiamex
521 465 611 525 tribus
632 466 784 525 vocalibus
805 466 947 543 syllabam
969 467 1048 544 lieri,
1069 468 1093 525 si
1107 484 1174 527 non

133 552 286 628 llaliquae
302 551 399 610 oflicio
418 552 633 610 consonantium
651 550 813 626 iungantur.
856 551 983 625 Quaeret
998 551 1055 610 hoc
1070 553 1172 627 etiam,

175 635 318 714 quomodo
335 634 442 695 duabus
459 634 569 694 demum
583 633 733 694 vocalibus
748 636 776 694 in
791 653 824 693 se
838 637 916 713 ipsas
931 636 1053 695 coeundi
1067 644 1173 693 natura

175 721 225 794 sit,
250 738 313 779 cum
332 720 547 778 consonantium
562 718 640 778 nulla
655 720 709 777 nisi
727 718 846 779 alteram
861 719 983 795 frangat.
1015 719 1103 796 Atqui
1120 718 1172 777 lit·

174 812 236 863 tera
252 802 265 863 l
280 803 334 862 sibi
352 803 463 877 insidit,
485 803 607 863 coniicit
621 804 696 861 enlm
711 810 755 861 est
769 802 804 862 ab
820 803 871 862 illo
886 804 974 877 iacit,
995 811 1024 861 et
1037 802 1078 877 U,
1096 818 1172 880 quo·

174 888 259 947 modo
274 906 347 946 nuno
363 886 497 945 scribitur
511 886 621 963 calpae
637 895 666 945 et
678 905 797 947 seruas.
838 888 917 946 Sciat
930 889 1016 945 etiam
1031 885 1173 945 Ciceroni

174 972 320 1049 placuisse
339 973 400 1033 aiio
419 968 603 1047 Maiiamque
623 972 765 1047 geminata
781 970 793 1029 1
808 971 953 1038 scribere;
978 970 1095 1048 quodsi
1112 980 1171 1044 est,

133 1063 167 1115 12
175 1058 259 1115 etiam
280 1058 414 1132 iungetur
433 1062 464 1112 ut
487 1070 659 1114 consonans.
706 1054 802 1127 Quare
823 1054 915 1114 discat
934 1072 1021 1132 puer,
1050 1053 1119 1132 quid
1140 1056 1172 1113 in

174 1140 277 1200 litteris
292 1140 456 1218 proprium,
473 1137 540 1215 quid
555 1154 714 1213 commune,
731 1156 805 1216 quae
821 1157 883 1197 cum
898 1133 1170 1217 quibus'ooguatio;

173 1242 229 1283 uec
242 1225 370 1298 miretur,
386 1240 437 1280 cur
453 1239 490 1280 ex
503 1240 629 1284 scamma
643 1222 691 1282 liat
702 1224 861 1283 scabillum
872 1231 919 1282 aut
934 1241 951 1281 a
961 1224 1060 1301 pinna
1073 1222 1171 1300 (qnod

174 1317 219 1367 est
233 1308 361 1385 acutum)
374 1307 484 1365 securis
499 1307 632 1386 utrinque
647 1306 756 1366 babens
772 1309 864 1367 aciem
877 1308 1032 1385 dipeaais;
1048 1325 1084 1365 ue
1101 1305 1169 1366 illo·

174 1409 236 1450 rum
254 1399 392 1469 sequatur
412 1407 555 1465 errorem,
580 1393 643 1468 qui,
668 1392 734 1468 quia
752 1408 768 1449 a
787 1391 878 1468 pinnis
899 1390 1008 1450 duabus
1026 1391 1083 1451 hoc
1099 1406 1170 1449 esse

175 1492 277 1534 nomen
293 1477 469 1548 existimant,
490 1476 710 1551 pitinanatium
726 1475 781 1534 dici
796 1474 906 1534 volunt.

79 1563 83 1572 '
133 1562 167 1616 13
259 1558 361 1636 Neque
382 1558 433 1617 has
447 1559 533 1618 modo
553 1561 667 1618 nouerit
683 1561 871 1635 mutationes,
894 1576 964 1636 quas
980 1558 1103 1617 afferunt
1118 1557 1168 1618 de-

176 1642 290 1703 clinatio
308 1651 355 1702 aut
370 1643 559 1720 praepositio,
577 1650 608 1701 ut
622 1645 832 1718 comtemnit,
849 1645 933 1704 cadit
947 1643 1079 1717 eccidit,
1098 1662 1169 1702 cae·

175 1728 363 1802 atrocitati,
382 1728 484 1787 calcat
498 1728 656 1803 occulcat,
676 1736 705 1785 et
720 1728 762 1785 sio
779 1745 795 1786 a
814 1729 948 1788 lavando
962 1728 1041 1788 lotas
1056 1735 1085 1785 et
1102 1725 1170 1785 inde

174 1830 273 1871 rursus
293 1813 394 1873 illotae
412 1819 441 1869 et
461 1810 541 1869 mille
555 1811 628 1879 alia;
648 1811 700 1870 sed
720 1828 794 1888 quae
809 1813 896 1870 rectis
918 1828 1034 1889 quoque
1051 1810 1170 1872 casibus

174 1905 269 1956 aetate
284 1897 466 1956 transierunt.
500 1894 572 1954 Nam
586 1904 617 1954 ut
634 1892 747 1956 Valerii
762 1903 791 1954 et
805 1894 890 1956 Fusii
905 1898 934 1954 in
952 1893 1091 1956 Valerios
1107 1892 1170 1955 Fa-

174 1981 293 2061 m‘aaque
307 1988 460 2040 venerunt:
479 1982 517 2039 ita
536 1982 643 2056 arbos,
665 1981 767 2055 labos,
788 1998 884 2059 capos
904 1982 987 2040 etiam
1006 1988 1036 2039 et
1053 1980 1171 2040 clamos

131 2070 166 2124 tt
174 2068 274 2126 aetatis
287 2066 409 2125 luerunt.
438 2065 534 2141 Atque
549 2067 612 2141 ipsa
624 2065 644 2123 S
656 2064 751 2122 littera
766 2063 801 2123 ab
815 2064 858 2124 his
872 2064 1031 2124 nominibus
1048 2064 1171 2123 exclusa

173 2151 202 2208 in
218 2148 385 2227 quibusdam
404 2150 467 2226 ipsa
488 2148 572 2207 alteri
593 2149 752 2223 successit,
774 2165 838 2208 nam
852 2158 986 2210 mertare
1000 2157 1086 2225 atque
1100 2149 1170 2226 pal·

174 2241 241 2293 tare
254 2232 397 2307 dicebant,
414 2233 480 2309 quin
494 2232 636 2310 sordeam
650 2232 815 2310 foedasque
829 2250 882 2310 pro
898 2235 1073 2311 aspiratione
1082 2231 1173 2291 'velut

174 2316 258 2375 simili
277 2315 373 2376 littera
388 2323 517 2379 utentes:
540 2332 604 2374 nam
621 2324 720 2375 contra
735 2316 839 2376 Graeci
860 2319 989 2395 aspirare
1005 2315 1118 2392 solent,
1138 2324 1173 2375 ut

174 2417 228 2478 pro
243 2399 389 2459 Fundanio
408 2397 512 2459 Cicero
526 2408 641 2475 testem,
661 2402 708 2477 qui
724 2403 841 2478 primam
854 2403 915 2460 eius
931 2400 1054 2460 litteram
1069 2398 1172 2458 dicere

132 2490 166 2542 15
175 2501 231 2543 uon
247 2485 356 2562 possit,
373 2484 481 2544 irridet.
513 2484 572 2543 Sed
586 2483 608 2542 B
624 2501 740 2562 qaoque
756 2484 893 2544 inlocum
909 2485 1026 2545 aliarum
1040 2482 1173 2542 dedimus

173 2567 344 2646 aliquando,
371 2568 445 2627 unde
468 2565 590 2628 Barros
616 2577 645 2626 et
666 2566 787 2647 Brapea
808 2577 837 2627 et
856 2567 980 2630 Belcna.
1023 2566 1087 2626 Nec
1113 2584 1174 2625 non

175 2652 275 2712 eadem
290 2652 360 2711 fecit
376 2672 413 2712 ex
433 2653 533 2714 duello
553 2652 679 2727 bellam,
700 2652 775 2711 unde
790 2651 926 2715 Duellios
942 2651 1054 2730 quidam
1070 2650 1173 2710 dicere

132 2740 166 2793 16
176 2735 287 2798 Bellias
302 2738 372 2796 ausi.
404 2736 478 2810 Quid
497 2737 626 2797 stlocum
643 2733 816 2813 stlitesque‘l
847 2736 961 2810 QuidD
977 2736 1090 2795 litterae
1108 2753 1174 2794 cum

175 2820 358 2898 'squaedam
385 2818 540 2901 cognatio?
575 2820 672 2893 Quare
697 2821 788 2879 miuus
808 2823 924 2895 mirum,
949 2821 973 2879 si
998 2821 1026 2879 in
1046 2821 1173 2878 vetustis

175 2905 311 2983 operibus
324 2904 402 2964 urbis
413 2913 531 2963 nostrae
545 2912 574 2962 et
587 2902 752 2963 celebribus
767 2903 880 2982 templis
888 2887 1026 2980 legantur
1035 2899 1173 2962 Aleman-

174 2997 221 3049 ter
235 2998 264 3048 et
279 2986 459 3050 Cassandra.
496 2988 569 3062 Quid
586 2986 609 3047 0
631 2997 717 3067 atque
736 2986 762 3046 U
781 2997 959 3066 permutatae
981 2989 1119 3061 inuicem,
1140 2995 1175 3045 ut

172 3070 298 3135 Hecuba
313 3082 342 3132 et
356 3075 459 3134 matria
474 3070 612 3132 Calcidia
630 3080 659 3131 et
676 3070 825 3133 Paliceaa
840 3072 1047 3146 scriberentur,
1066 3088 1117 3145 ao,
1133 3087 1174 3129 ue

174 3158 202 3215 in
218 3155 336 3216 Graecis
351 3155 379 3215 id
394 3165 500 3216 tantum
516 3165 641 3230 notetur,
659 3157 809 3217 dederant
822 3173 858 3214 ac
869 3154 1099 3233 probauerant?
1121 3155 1174 3214 Sic

172 3231 340 3316 Ὀδυσσεὺς,
363 3258 447 3317 quem
464 3228 618 3300 Οὕδυσσέα
638 3240 769 3299 lecerunt
785 3239 911 3315 Aeoles,
935 3240 971 3299 ad
989 3237 1099 3300 Uliaea
1120 3238 1173 3297 de·

131 3324 274 3388 liduotus
296 3333 349 3382 est.
386 3320 480 3397 Quid?
500 3342 557 3382 non
577 3322 602 3382 E
624 3341 740 3401 qnoque
761 3322 855 3382 lloco
872 3320 945 3384 luit?
974 3321 1122 3385 Menenia
1142 3331 1174 3381 et

173 3411 257 3471 leber
279 3417 308 3466 et
327 3416 479 3484 mapester
499 3417 528 3466 ct
542 3406 651 3468 Dttooe
668 3415 783 3469 nictare
798 3424 855 3466 non
873 3408 995 3469 Diiovi?
1028 3407 1087 3466 Sed
1102 3406 1174 3465 mihi

172 3494 269 3554 locum
283 3495 399 3571 signare
414 3493 483 3551 satis
500 3501 554 3568 cst,
571 3507 629 3551 nou
645 3493 719 3551 euim
735 3491 828 3552 doceo
844 3491 898 3552 sed
912 3492 1052 3552 admoneo
1069 3489 1173 3549 doctu·
