2434 3925
168 164 208 225 64
470 178 506 224 ιι.
527 177 605 225 ruo.
625 175 845 236 cumanum

167 329 317 392 Ciceronis
332 332 360 390 in
376 329 516 407 Clodium,
534 330 600 403 Ouo
617 349 657 392 ec
670 331 784 391 iudicio
800 332 879 392 ιειιιι
898 332 1095 396 sciscendio
1109 325 1168 397 ιιιε

167 417 227 476 das
243 416 354 496 cffuyit.
384 414 493 487 Quibus
511 414 613 474 similia
628 423 749 493 possunt
766 416 927 493 cuicunque
948 420 1034 476 etiam
1055 436 1099 477 ex
1119 436 1166 478 co·

167 499 272 559 tidiano
286 515 418 557 sermone
433 517 612 559 succurrere.

249 582 321 642 Huic
347 582 477 642 subiacet
500 583 590 643 virtus
616 599 672 640 non
700 582 793 641 solum
818 591 919 661 aperte
947 583 1075 661 ponendi
1105 604 1166 644 rem

124 675 232 734 suante
248 666 351 725 oculos
371 666 424 725 sed
440 668 607 726 circumcise
627 676 714 744 atque
728 665 879 726 velociter.
918 665 963 725 Ao
978 665 1085 727 merito
1108 668 1164 727 lan·

167 751 249 810 datur
263 748 389 810 brevitas
405 751 531 827 integrm
554 750 606 809 sed
625 768 660 809 ea
674 751 765 808 minus
780 758 924 827 praestat,
942 752 1078 827 quotiens
1096 752 1165 811 nihil

167 834 245 909 dicit,
260 835 313 892 nisi
328 834 404 910 quod
423 851 545 893 necesse
564 843 619 908 est,
637 834 847 913 (βραχυλογίαν
867 843 988 908 vocant,
1004 852 1082 911 quas
1100 836 1163 894 red·

167 918 249 977 detur
265 919 338 976 inter
353 917 518 996 schemata)
537 926 581 976 est
598 934 669 976 vero
686 916 896 994 pulcherrima,
912 935 976 975 cum
992 917 1077 995 plura
1095 937 1162 996 pan·

167 1003 208 1059 cis
230 999 447 1078 complectitur:
474 1000 559 1079 quale
586 1001 714 1061 Sallustii
734 1010 794 1076 est,
818 997 1011 1062 Mithridates
1031 1021 1164 1080 corporo

165 1086 287 1162 inperiti,
299 1086 430 1163 proinde
443 1094 591 1147 armatus.
627 1084 691 1143 Hoc
710 1083 785 1143 male
805 1085 948 1143 imitantes
963 1087 1099 1162 sequitur
1115 1086 1162 1145 ob·
1208 1163 1209 1168 η

165 1170 295 1228 scuritas.

124 1266 160 1322 83
249 1251 351 1311 Vicina
376 1251 542 1329 praedictae
571 1250 623 1310 sed
646 1250 767 1329 amplior
791 1253 881 1310 virtus
908 1260 953 1311 est
983 1250 1161 1329 ἔμφασις,

167 1336 299 1395 ιιιιοιειιι
313 1334 458 1414 praehens
478 1335 656 1395 intellectum
678 1352 762 1411 qnam
777 1353 862 1411 quern
876 1334 966 1394 verba
980 1353 1033 1413 per
1049 1354 1083 1393 se
1101 1338 1162 1433 ipsa

168 1418 325 1477 declarant
358 1418 428 1477 Eius
444 1418 516 1477 duae
533 1427 597 1477 sunt
613 1419 745 1495 species:
767 1419 875 1493 altera,
895 1437 969 1496 quae
988 1419 1052 1496 plus
1072 1409 1162 1495 signi·

125 1502 233 1571 stlicau
250 1519 333 1579 quarn
345 1502 426 1569 dicit3
449 1503 551 1578 altera,
567 1520 641 1579 quae
657 1503 741 1561 etiam
757 1502 795 1577 id,
811 1502 888 1579 quod
904 1520 961 1561 non
973 1502 1049 1561 dicit.
1081 1502 1163 1562 Prior

168 1595 212 1644 εει
231 1594 259 1643 ει
276 1585 350 1663 apud
374 1585 541 1661 Homerum,
565 1604 628 1646 cum
643 1584 791 1645 Menelaus
808 1586 938 1646 Graios
930 1604 958 1645 ιιι
979 1604 1084 1664 equum
1113 1588 1162 1647 de·

167 1670 325 1729 scendisse
346 1671 398 1736 ait;
421 1690 484 1730 nam
503 1670 594 1730 verbo
617 1687 673 1728 uno
694 1670 913 1746 magnitudinem
935 1672 996 1729 eius
1017 1671 1160 1736 ostendit;

168 1762 198 1814 et
212 1752 287 1832 apud
308 1754 483 1831 Vergilium:
507 1753 678 1815 Demissam
697 1754 778 1831 inpss'
799 1773 858 1832 per
875 1754 1000 1831 funem
1023 1771 1091 1811 narn
1121 1756 1160 1812 sic

168 1856 283 1917 quoque
296 1838 414 1899 altitudo
430 1838 621 1898 demonstrata
635 1847 688 1897 est.
712 1837 802 1911 Idem,
816 1835 946 1915 Cyclopa
959 1855 1021 1896 cum
1035 1838 1160 1896 iacuisse

168 1924 237 1984 dixit
250 1941 312 2003 per
326 1932 456 1998 antrum,
475 1922 670 2000 prodigiosum
691 1919 759 1981 illud
777 1936 882 1999 corpus
899 1924 991 2000 spatio
1008 1921 1065 1980 loci
1084 1939 1158 1980 men·

126 2023 216 2076 35sus
232 2017 285 2066 εει.
324 2009 455 2083 Sequens
476 2009 571 2084 posita
592 2015 647 2070 est
660 2007 689 2064 in
705 2023 779 2067 voce
799 2014 846 2064 aut
868 2008 981 2064 omnino
1002 2023 1159 2083 suppressa

168 2093 319 2150 autetiam
341 2091 463 2150 abscisa.
509 2088 699 2167 Supprimitur
721 2106 797 2163 nox,
822 2098 853 2148 ut
876 2090 946 2148 lecit
968 2105 1020 2167 pro
1045 2087 1159 2165 Ligario

170 2172 289 2233 Cicero:
313 2172 428 2246 Quodsi
440 2175 474 2233 in
487 2174 547 2234 lanc
560 2181 646 2234 tanto
661 2174 786 2250 {ortana
802 2173 921 2234 bonitas
936 2182 1022 2234 tanta
1036 2192 1100 2233 ιιοιι
1115 2192 1160 2232 εε-

166 2265 223 2331 set,
240 2273 331 2333 qaam
346 2265 500 2333 tepente,
514 2277 572 2336 per
587 2265 616 2318 te
630 2258 765 2334 inquiam,
780 2257 914 2318 obtines:
927 2259 971 2317 int
960 2257 1069 2334 tetlipo,
1087 2256 1162 2333 qaid

166 2341 285 2416 loquor
319 2340 419 2400 Tacuit
435 2344 509 2400 enim
524 2340 604 2416 illud,
621 2341 697 2418 quod
713 2339 891 2399 nihilominus
909 2341 1084 2418 accipimus,
1106 2357 1159 2398 uon

167 2423 273 2483 deesse
288 2422 439 2523 homines,
450 2427 497 2502 qui
515 2425 550 2484 ad
566 2423 764 2483 crudelitatem
780 2441 845 2482 eum
859 2423 1016 2501 impellant.
1057 2422 1159 2482 Absci-

168 2506 242 2566 ditur
257 2524 310 2583 per
327 2499 548 2584 ἀποσιώπησιν
565 2526 659 2586 quae,
683 2508 819 2584 qnoniam
836 2516 881 2566 est
895 2507 1001 2583 ligura,
1022 2506 1158 2567 reddetur

125 2604 160 2660 86
168 2607 220 2649 suo
238 2591 316 2650 loco
343 2589 418 2649 Est
410 2609 438 2649 rn
448 2591 616 2668 vulgaribus
628 2609 744 2669 quoque
759 2591 858 2650 verbis
875 2590 1033 2669 emphasis:
1056 2587 1159 2650 Virum

166 2693 232 2735 erse
247 2683 377 2752 oportet,
401 2673 677 2752 cuticiacensis,
700 2683 730 2734 et
749 2672 914 2737 Vincendum
935 2682 987 2737 cst.
1022 2672 1146 2732 Adeo
1123 2692 1157 2731 ει-

166 2759 240 2818 milis
257 2767 301 2817 est
316 2760 369 2817 arti
384 2757 552 2837 plerumque
568 2767 676 2818 natura

250 2842 315 2901 Non
337 2851 431 2900 tamen
451 2845 521 2901 satis
545 2843 728 2920 eloquentiae
749 2851 879 2917 est‚ea‚
896 2839 1050 2918 dequibus
1072 2838 1156 2914 dicat,

168 2925 247 2984 clare
263 2936 348 3004 atque
364 2927 513 2986 evidenter
528 2927 700 2993 ostendere;
722 2926 774 2985 sed
792 2935 856 2984 sunt
871 2926 950 2984 multi
969 2943 1003 2983 ac
1021 2924 1093 2981 uarii
1110 2941 1155 2982 en·

124 3008 308 3075 muniendae
325 3012 463 3069 orationis
478 3010 563 3069 modi
600 3008 701 3068 Nam
693 3027 757 3086 ipsa
779 3008 828 3068 illa
847 2999 967 3084 ἀφέλεια
986 3005 1110 3084 simplex
1131 3014 1158 3064 et

168 3091 340 3152 inaffectata
359 3092 446 3153 habet
468 3093 607 3172 quendam
630 3111 745 3170 purum,
775 3091 867 3171 qualis
888 3094 972 3151 etiarn
997 3093 1025 3149 in
1047 3090 1157 3148 lerninis

168 3183 294 3249 amatur,
319 3186 463 3251 ornatum,
485 3185 514 3234 et
536 3185 600 3235 sunt
624 3177 763 3252 quaedam
784 3176 864 3235 velut
886 3194 902 3234 e
920 3175 996 3234 tenui
1013 3174 1157 3249 diligentia
1208 3172 1209 3245 ι

169 3259 248 3317 circa
264 3261 471 3336 proprietatem
487 3259 780 3337 significationemque
795 3259 956 3318 munditiae.
993 3257 1058 3316 ntia
1075 3257 1157 3334 copia
1208 3252 1209 3339 l

128 3341 314 3419 esloouples
332 3341 386 3400 alia
402 3342 520 3402 floribus
536 3343 622 3402 laeta.
660 3342 769 3406 Virium
784 3359 841 3403 non
856 3361 940 3401 unum
954 3337 1060 3418 genu's;
1083 3358 1156 3413 nam,
1208 3404 1209 3409 η

170 3425 329 3503 quidquid'
321 3443 350 3483 ιιι
366 3442 418 3483 suo
434 3443 544 3501 genere
559 3427 628 3486 satis
644 3425 778 3486 ellectum
794 3435 854 3501 est,
877 3425 964 3485 valet.
1000 3424 1157 3503 Praecipua
