2434 3925
302 172 711 240 msuonsuomuunxn,
727 168 793 225 aa.
970 158 1032 221 259

32 331 284 409 consignationes,
299 308 394 408 ipsum
409 330 534 409 denique
551 327 748 387 aduersarium
762 327 902 406 quaedam
914 344 971 388 uon
982 347 1032 388 ne·

29 424 176 495 getarum.
206 414 336 492 Ideoque
356 431 430 493 opus
446 422 492 473 est
505 413 609 473 intueri
625 430 710 472 omne
728 412 787 471 litis
801 414 1075 479 instrumentum31a
1189 378 1190 428 l

31 499 113 580 quod
132 500 233 560 videre
248 515 306 558 non
322 508 367 558 est
381 499 469 574 satis,
485 495 695 576 perlegendum
713 497 777 555 erit.
811 494 883 557 Nam
897 496 1033 574 frequen·

30 586 145 645 tissime
161 592 209 642 aut
222 600 281 642 uon
293 592 359 644 sunt
374 583 499 656 omnino,
516 598 591 660 quae
607 579 859 659 promittebantur,
878 590 926 640 aut
942 583 1034 640 minus

31 670 183 728 continent
202 676 251 727 aut
274 686 337 727 cum
364 667 421 728 alio
445 665 543 744 aliquo
569 667 702 724 nocituro
729 666 870 744 permixta
893 674 959 723 suut
987 675 1035 724 aut

29 755 120 813 nimia
139 760 205 810 sunt
227 759 256 810 et
276 751 362 811 iidem
383 751 442 811 hoc
463 751 528 829 ipso
550 749 734 823 detractura,
762 748 841 826 quod
857 764 915 808 uon
929 748 1035 809 habeut

29 836 159 896 modum.
191 834 324 915 Denique
344 835 430 895 linum
447 843 561 912 mptum
576 840 625 892 aut
640 832 782 892 turbatam
797 850 894 892 ceram
909 841 957 893 aut
972 835 1077 897 sinelit

30 922 168 998 agnitore
188 920 270 996 signa
291 918 461 997 frequenter
480 919 627 984 inuenies;
650 935 744 995 quae,
768 918 822 975 nisi
836 917 913 977 domi
929 935 1033 977 excus-

31 1006 129 1080 seris,
152 1005 180 1062 in
195 1002 261 1062 foro
282 1003 427 1081 inopinata
445 1002 611 1080 decipient,
633 1001 758 1080 plusque
779 1001 928 1060 nocebunt
945 1000 1034 1061 desti·

31 1098 95 1149 tnta
113 1105 196 1166 quam
216 1104 274 1147 non
290 1089 432 1166 promissa
447 1087 626 1146 nocuissent.
654 1083 744 1144 llulta
760 1086 845 1145 etiam
855 1129 864 1161 ,
875 1089 962 1164 ‘qnae
979 1084 1033 1144 liti·

31 1182 121 1251 gator
137 1171 207 1231 nihil
226 1171 263 1231 ad
277 1188 392 1232 causam
407 1171 555 1249 pertinere
579 1169 752 1244 crediderit,
778 1179 916 1247 patronos
939 1177 1033 1244 eruet,

30 1256 121 1317 modo
136 1274 190 1335 per
207 1272 318 1331 omnes,
335 1271 409 1335 quos
424 1255 603 1328 tradidimus,
624 1262 857 1331 argumentorum
873 1253 958 1314 locos
975 1260 1032 1314 eat.

32 1341 118 1416 Quos
139 1348 169 1400 ut
190 1341 433 1419 circumspectare
453 1340 482 1399 in
498 1337 613 1416 agendo
630 1347 660 1397 et
674 1346 816 1397 attentare
837 1338 968 1415 singulos
982 1338 1076 1400 mill

31 1426 110 1485 nime
127 1424 277 1499 conuenit,
295 1432 417 1503 propter
431 1440 503 1503 quas
519 1423 641 1482 diximus
659 1439 778 1481 causas:
795 1423 834 1482 ita
849 1423 878 1481 iu
895 1421 1033 1482 discendo

31 1509 131 1569 rimari
146 1510 342 1568 necessarium
358 1517 418 1584 est,
435 1525 510 1587 quae
525 1523 687 1586 personae,
708 1523 783 1585 quae
798 1514 941 1584 tempora,
959 1523 1034 1585 quas
1091 1523 1098 1535 ¹

32 1594 120 1668 loca,
142 1593 287 1666 instituta,
306 1593 508 1668 iustrumenta,
527 1600 705 1668 ceteraque,
730 1591 886 1669 exquibus
902 1599 1033 1650 uoutau·

32 1688 96 1737 tum
109 1675 190 1750 illud,
206 1675 284 1753 quod
301 1685 347 1736 est
362 1676 512 1737 artificiale
528 1675 709 1754 probationis
724 1692 833 1750 genus,
849 1674 949 1753 colligi
966 1690 1034 1752 pos·

31 1762 92 1836 sit,
115 1761 166 1821 sed
181 1762 229 1839 qui
244 1761 513 1841 metuendistestes,
536 1759 682 1838 quomodo
698 1759 754 1817 sint
768 1759 932 1819 refellendi.
962 1757 1035 1818 Nam

32 1844 187 1925 plurimum
203 1845 310 1921 refert,
331 1844 436 1905 inuidia
453 1863 521 1905 reus
537 1862 573 1905 an
588 1843 655 1903 odio
675 1861 711 1902 an
725 1851 890 1922 contemptu
909 1842 1034 1917 laboret,

33 1946 158 2009 quorum
176 1929 240 1991 iere
262 1947 331 2008 pars
352 1930 443 2010 prima
462 1931 647 2009 superiores,
668 1928 924 2008 proximapares,
949 1929 1035 1987 tertia

32 2014 205 2075 humiliores
220 2016 333 2093 premit.
365 2016 416 2075 Sic
433 2032 548 2075 oausam
563 2022 777 2093 perscrutatus,
794 2012 954 2091 propositis
969 2020 1034 2071 aute
1043 2020 1076 2071 15

34 2097 308 2175 oculosomnibus,
336 2116 411 2178 quae
432 2101 543 2178 prosint
557 2107 735 2172 noceautve,
759 2098 871 2157 tertiam
894 2096 1034 2173 deinceps

32 2197 191 2262 personam
210 2182 308 2243 induat
328 2183 446 2259 iudicis,
468 2184 614 2261 fingatque
629 2182 704 2260 apud
720 2198 753 2240 se
774 2183 821 2259 agi
836 2199 968 2255 causam,
993 2188 1033 2254 et,

33 2266 114 2345 quod
131 2268 224 2343 ipsum
238 2268 378 2326 movisset
392 2266 429 2326 de
448 2267 597 2327 eademne
613 2266 872 2345 pronuntiaturum,
888 2265 916 2325 id
931 2273 1033 2343 poten·

32 2351 184 2425 tissimum,
202 2350 278 2428 apud
291 2368 492 2429 quemcunque
509 2359 623 2428 agetur,
639 2351 793 2410 existimet.
820 2350 871 2410 Sic
886 2367 951 2410 eum
967 2364 1034 2409 raro

33 2432 121 2494 fallet
137 2442 275 2510 euentus,
293 2443 341 2495 aut
359 2435 445 2515 culpa
460 2435 561 2496 iudicis
577 2436 642 2494 crit.

383 2589 471 2650 QUAE
488 2588 523 2640 IN
539 2587 690 2640 AGENDIS.

121 2692 171 2752 lx.
193 2690 275 2765 Quae
292 2693 348 2752 siut
364 2692 399 2751 in
416 2691 557 2769 agendo
574 2691 770 2766 servanda,
786 2699 854 2751 toto
864 2690 927 2750 iere
942 2704 1035 2766 opere

35 2778 153 2837 executi
175 2795 286 2845 sumus:
313 2792 405 2857 pauca
426 2785 522 2835 tamen
541 2778 660 2854 propria
680 2775 763 2835 huius
787 2775 862 2848 loci,
888 2789 962 2851 quae
978 2789 1035 2830 nou

32 2871 94 2921 tam
109 2861 224 2922 dicendi
239 2871 301 2921 arte
319 2878 404 2941 quam
419 2860 524 2919 oidolis
540 2860 653 2935 agentis
667 2861 864 2927 continentur,
886 2858 1033 2931 attingam.

32 2944 113 3005 Ante
135 2947 246 3022 omnia,
272 2964 326 3022 ne,
349 2943 427 3024 quod
446 2943 596 3023 plerisque
620 2943 738 3018 accidit,
769 2941 807 3002 ab
827 2940 947 3000 utilitate
970 2957 1034 2998 eom

34 3047 143 3092 causae
158 3032 322 3108 praesentis
339 3028 444 3109 cupido
461 3027 553 3088 laudis
569 3027 702 3088 abducat.
734 3025 807 3086 Nam
821 3033 852 3084 ut
866 3023 1064 3101 gerentibusa

32 3113 115 3175 bella
137 3132 195 3175 uon
214 3131 330 3193 semper
353 3114 499 3174 exereitus
519 3128 574 3190 per
590 3112 676 3190 plana
691 3119 721 3170 ct
740 3126 861 3169 amoena
886 3108 1034 3169 ducendus

32 3206 97 3274 est,
113 3197 167 3259 sed
182 3197 306 3258 adeundi
322 3198 493 3276 plerumque
504 3199 601 3274 asperi
618 3194 722 3270 colles,
740 3192 950 3272 expugnandae
966 3192 1034 3253 civi·

30 3291 110 3342 tates
127 3280 284 3361 quamlibet
299 3282 440 3359 praecisis
457 3280 609 3358 impositae
624 3279 742 3357 rupibus
758 3288 806 3338 aut
821 3294 941 3356 operum
957 3276 1035 3335 mole

33 3365 190 3427 difficiles:
219 3365 259 3425 ita
283 3366 376 3425 oratio
397 3364 535 3443 gaudebit
550 3362 664 3441 quidem
686 3365 842 3423 occasione
861 3361 964 3421 laetius
984 3359 1034 3419 de·

34 3450 170 3511 currendi
192 3458 223 3510 et
244 3464 339 3528 aequo
362 3465 521 3527 congressa
543 3464 645 3527 campo
666 3456 742 3508 totas
756 3445 1035 3590 rirep7pppulariter
