2434 3925
331 223 421 272 ruer.
442 223 591 273 oncrum
614 224 684 272 ιιι.
706 223 734 289 ι,
755 222 797 273 ιο.
1022 211 1065 274 ta

57 380 143 457 lym
174 381 255 440 cuius
278 396 342 438 cum
367 395 402 438 se
425 379 588 456 imperitum
609 377 821 439 Themistocles
844 380 997 440 confessus
1018 398 1063 439 es·

57 474 128 540 set,
153 473 183 523 ut
203 462 303 523 verbis
327 460 476 523 Ciceronis
502 471 577 537 utar,
599 471 645 523 eet
665 464 787 525 dubitus
807 467 967 526 indoctior.
1008 465 1108 528 Seruo

57 557 197 608 veterum
225 564 342 624 quoque
371 547 564 607 Romanorum
593 547 688 625 epulis
717 547 789 607 fides
811 566 846 608 ac
878 548 963 608 tibias
986 548 1065 607 adhi-

57 633 139 693 bere
161 633 250 690 moris
273 630 336 690 luit.
370 629 482 690 Versus
504 648 621 708 quoque
645 632 789 692 Saliorum
810 631 917 692 habeut
939 650 1063 691 carmen.

2 735 3 780 t
59 717 152 791 Quae
173 733 238 775 cum
261 717 354 775 omnia
378 716 435 774 sint
456 733 473 775 a
491 713 583 774 Numa
599 734 672 792 rege
689 717 827 791 instituta,
850 716 957 775 iaciunt
978 717 1064 776 maui-

56 801 189 875 lestum,
212 817 249 858 ue
270 799 329 860 illis
351 799 481 877 quidem,
511 800 559 876 qui
586 800 674 859 rudes
702 818 738 859 ac
766 799 901 860 bellicosi
922 801 1064 876 videntur,

59 901 165 945 curam
184 884 321 957 musices,
340 892 473 961 quantum
489 883 540 944 illa
556 884 717 961 recipiebat
732 892 823 959 aetas,
841 884 981 943 deiuis'se.
1007 883 1106 948 lte-ur

58 970 154 1046 nique
176 969 205 1026 in
228 966 414 1046 proverbium
434 983 527 1045 usque
545 967 722 1028 Graecorum
742 961 920 1028 celebratum
934 978 991 1044 est,
1012 967 1065 1029 lc·

58 1055 174 1115 doctos
193 1070 215 1113 u
236 1050 334 1113 Musis
352 1061 444 1129 utque
462 1071 483 1112 c
501 1052 618 1112 Gratiis
638 1053 756 1114 aberro.

150 1136 259 1196 Verum
282 1135 408 1214 quidex
431 1153 465 1194 ea
488 1137 606 1213 proprie
629 1144 710 1214 petat
729 1137 840 1195 iuturus
863 1145 978 1212 orator,
1008 1137 1107 1200 dis-ut

59 1239 206 1281 seramus.
240 1218 393 1279 Numeros
412 1220 520 1278 musice
543 1219 677 1298 duplices
695 1220 811 1280 habet
795 1239 831 1279 ιιι
851 1221 973 1280 vocibus
994 1223 1045 1280 et
1037 1240 1065 1280 m

60 1322 204 1385 corpore,
227 1306 376 1382 utriusque
399 1304 473 1363 enim
493 1304 538 1363 rei
559 1313 644 1382 aptus
662 1306 776 1403 quidam
793 1304 894 1363 modus
918 1305 1064 1364 desidera-

61 1397 120 1450 tur.
157 1390 270 1449 Vocis
289 1390 429 1448 rationem
445 1386 638 1447 Aristoxenus
653 1391 779 1448 musicus
792 1388 914 1448 dividit
905 1408 933 1448 ιιι
947 1382 1065 1468 ῥυθμὸν

60 1484 92 1534 et
115 1472 212 1573 piton,
234 1489 355 1551 quorum
376 1473 497 1532 alterum
519 1472 731 1548 modulatione,
755 1473 876 1533 alterum
898 1490 1005 1533 canore
1028 1490 1064 1532 ac

61 1561 146 1618 sonis
169 1566 292 1617 constat.
337 1555 410 1616 Num
431 1557 519 1632 igitur
538 1572 596 1621 non
617 1557 691 1616 haec
714 1559 808 1616 omnia
830 1559 938 1616 oratori
960 1575 1062 1617 neces-

60 1644 155 1710 saria;
179 1660 301 1720 quorum
318 1659 403 1700 unum
424 1640 459 1700 ad
481 1650 613 1717 gestum,
637 1642 775 1700 alterum
782 1640 818 1701 ad
840 1642 1064 1701 collocationem

60 1727 237 1801 verborum,
256 1726 372 1785 tertium
388 1725 424 1784 ad
440 1724 534 1784 llexus
551 1727 644 1799 vocis,
668 1727 821 1803 quisunt
812 1743 841 1783 m
858 1726 972 1802 agendo
993 1743 1068 1803 quo

62 1828 120 1911 pue
145 1811 269 1888 plurimi,
293 1805 437 1888 pertinet?
480 1808 542 1868 Nisi
561 1810 668 1869 forte
660 1828 688 1891 up
711 1808 881 1868 carminibus
907 1818 1015 1869 tantum
1036 1813 1107 1869 etti

61 1897 91 1954 in
109 1896 232 1955 canticis
249 1895 375 1971 exigitur
392 1902 536 1952 structura
553 1878 694 1972 quaedam
712 1902 741 1952 et
758 1892 898 1952 inoffensa
917 1893 1064 1973 copulatio

62 1997 180 2054 vocum,
204 1981 233 2038 in
255 1979 369 2056 agendo
388 1996 598 2057 supervacuum
616 1987 675 2046 est;
702 1987 822 2037 autnon
841 1980 1014 2056 compositio
1035 1987 1064 2037 et

62 2082 155 2124 sonus
177 2065 206 2122 in
228 2065 358 2123 oratione
382 2079 499 2140 quoque
516 2063 597 2121 varie
619 2079 674 2140 pro
693 2080 788 2120 rerum
807 2061 894 2122 modo
913 2061 1065 2122 adhibetur

62 2150 140 2209 sicut
161 2149 190 2207 in
212 2148 332 2207 musice.
374 2146 505 2224 Namque
529 2155 558 2206 et
578 2163 654 2206 voce
678 2154 706 2205 et
729 2146 924 2206 modulatione
945 2146 1106 2223 grandiata

62 2233 154 2307 elate,
173 2231 294 2291 iucunda
312 2231 451 2306 dulciter,
474 2230 623 2291 moderata
641 2231 746 2291 leniter
763 2232 849 2306 canit,
867 2239 988 2309 totaque
1002 2240 1064 2290 arte

63 2317 212 2377 consentit
247 2333 311 2374 cum
342 2332 441 2374 eurum
470 2333 544 2415 quae
566 2315 698 2376 dicuntur
720 2315 882 2374 affectibus.
926 2315 1016 2393 Atqui
1038 2307 1106 2372 in25'

62 2401 176 2460 orando
199 2416 315 2482 quoque
337 2400 455 2459 intentio
477 2402 576 2475 vocis,
598 2401 749 2474 remissio,
772 2400 865 2458 llexus
882 2401 1008 2478 pertinet
1030 2398 1065 2458 ad

61 2486 225 2546 movendos
240 2483 412 2543 audientium
427 2483 559 2559 affectus,
577 2483 691 2563 aliaque
705 2493 735 2543 et
750 2483 953 2543 collocationis
970 2493 1000 2543 et
1013 2499 1065 2542 vo·

62 2570 106 2630 cis
134 2568 180 2646 (ut
202 2568 306 2627 eodem
326 2576 390 2626 utar
410 2567 518 2646 verbo)
542 2568 738 2629 modulatione
755 2569 977 2627 concitationem
993 2567 1065 2626 iudi·

63 2655 118 2728 cis,
144 2651 199 2712 alia
222 2651 448 2711 misericordiam
469 2652 606 2729 petimus;
624 2670 686 2711 cum
705 2652 791 2711 etiam
810 2653 938 2730 organis,
962 2651 1065 2729 quibus

62 2754 164 2796 sermo
185 2737 309 2835 exprimi
326 2752 385 2794 uon
407 2743 522 2814 potest,
547 2735 614 2795 duci
636 2728 759 2795 animos
768 2737 796 2795 in
819 2736 963 2796 diversum
984 2734 1064 2795 habi·

63 2828 125 2880 tum
143 2822 309 2880 sentiamus.
355 2818 537 2899 Corporis
557 2836 674 2898 quoqne
691 2830 773 2880 actus
792 2829 822 2880 et
838 2819 946 2881 decens
960 2819 1108 2892 mutuati

65 2905 115 2984 qui
137 2905 241 2965 dicitur
262 2895 426 2983 εὐρυθμία,
457 2912 486 2963 et
508 2912 554 2963 est
580 2905 765 2964 necessarius
788 2918 845 2964 nec
867 2904 982 2964 aliunde
1004 2904 1066 2981 peti

65 2997 174 3066 potest,
196 2991 303 3066 inquo
326 3006 394 3067 pars
417 2989 538 3048 aetionis
560 3004 619 3046 non
639 2989 752 3049 minima
775 2990 921 3056 consistit;
951 2987 1065 3065 quade

65 3089 98 3131 re
119 3074 266 3151 sepositus
289 3072 372 3133 nobis
395 3080 440 3132 est
463 3072 554 3132 locus
599 3071 683 3149 Age,
709 3091 767 3133 non
790 3072 907 3133 babebit
929 3074 1107 3152 imprimistl

66 3172 163 3216 curam
189 3159 272 3216 vocis
302 3152 420 3216 orator?
465 3155 539 3229 Quid
561 3165 618 3216 tam
645 3159 771 3217 musices
794 3153 963 3236 proprium?
1007 3156 1065 3217 Sed

65 3256 102 3304 ne
123 3240 197 3301 baec
220 3241 336 3318 quidem
356 3228 565 3319 praesumenda
587 3260 656 3320 pars
679 3250 733 3301 est
778 3242 841 3301 Uno
862 3242 973 3300 interim
996 3259 1064 3300 con

65 3326 136 3383 tenti
159 3327 248 3384 simus
271 3320 463 3425 exemplati.
487 3324 631 3400 Gracchi,
645 3327 794 3404 praecipui
816 3343 933 3386 suorum
953 3334 1064 3402 tempo·

66 3425 126 3467 rum
148 3410 290 3485 oratoris,
314 3409 359 3468 oui
380 3409 558 3479 contionanti
577 3412 747 3471 consistens
769 3420 836 3489 post
854 3427 918 3469 eum
939 3408 1064 3467 musicus

66 3490 175 3569 llstula,
199 3506 283 3569 quam
306 3495 445 3555 tenaciori
467 3501 589 3572 vocant,
612 3495 733 3570 modos,
755 3496 858 3575 quibus
880 3492 1004 3553 deberet
1023 3490 1065 3549 in·

106 3597 137 3637 ιι.
157 3597 181 3635 ι.
204 3597 319 3646 poturus.
880 3575 903 3639 4
