2434 3925
309 250 399 298 lusu.
413 250 561 298 ORATOR.
575 250 791 298 PROOEMIUM·
1015 245 1046 303 Χ5

44 404 157 465 inisset
180 404 334 484 aliquando
360 406 525 482 perfectus,
553 422 611 463 non
637 422 653 464 a
674 405 912 483 philosophorum
938 406 1047 465 scholis

44 491 165 549 virtutis
185 498 343 567 praecepta
358 497 535 566 peterentur.
570 488 653 547 Nunc
673 507 796 548 necesse
813 488 908 548 estad
928 506 980 548 eos
996 490 1047 549 ali·

45 573 166 651 quando
187 582 322 632 auctores
342 591 514 647 recurrere,
538 574 585 650 qui
608 572 768 648 desertam,
790 582 820 632 ut
841 573 914 647 diri,
938 583 1048 651 partem

46 659 197 716 oratoriae
213 659 293 733 artis,
310 657 661 733 meliorempraesertim,
677 666 907 735 occupaverunt,
924 666 952 716 et
967 658 1048 716 velut

46 750 181 800 nostrum
194 758 369 819 reposcere;
392 758 449 800 non
463 749 493 799 ut
510 740 694 798 nosillorum
709 749 819 799 utamur
833 743 972 816 inventis,
995 741 1047 801 sed

46 834 80 883 ut
103 824 172 884 illos
194 826 295 884 alienis
319 842 389 884 usos
413 842 480 883 esse
504 824 669 894 doceamus.
711 825 753 883 Sit
775 826 863 901 igitur
885 833 983 883 orator
1002 829 1047 884 vir
1056 837 1090 889 18

45 909 128 983 talis,
145 909 237 987 qualis
250 927 321 967 vere
336 911 452 986 sapiens
468 908 610 988 appellari
626 911 733 985 possit;
750 926 805 968 nec
820 908 945 968 moribus
961 910 1046 969 modo

45 992 200 1070 perlectus
231 993 310 1069 (nam
337 994 366 1053 id
388 1011 452 1052 mea
474 992 589 1070 quidem
614 994 767 1069 opinione,
797 1010 956 1071 quanquam
982 1002 1047 1052 sunt

47 1079 99 1154 qui
126 1076 313 1152 dissentiant,
340 1079 411 1155 satis
431 1094 489 1135 non
511 1078 571 1155 est)
599 1076 652 1135 sed
674 1079 759 1136 etiam
779 1078 899 1136 scientia
921 1084 950 1134 et
971 1080 1046 1136 omni

45 1160 189 1219 facultate
209 1161 332 1221 dicendi.
370 1160 471 1233 Qualis
494 1160 621 1219 fortasse
642 1178 726 1219 nemo
748 1161 841 1221 adhuc
863 1162 967 1234 fuerit,
993 1161 1045 1220 sed
1056 1172 1089 1226 19

46 1261 106 1303 non
131 1244 197 1304 ideo
218 1247 309 1304 minus
324 1244 408 1304 nobis
429 1246 464 1305 ad
480 1262 586 1303 summa
600 1243 772 1304 tendendum
790 1255 849 1312 est;
873 1245 950 1322 quod
966 1245 1046 1303 iece-

48 1337 116 1387 runt
133 1329 266 1406 plerique
284 1338 431 1404 veterum,
454 1330 516 1407 qui,
538 1329 592 1387 etsi
608 1328 732 1388 nondum
748 1346 919 1407 quemquam
933 1332 1046 1407 sapien·

46 1420 107 1471 tem
129 1422 276 1490 repertum
295 1412 447 1491 putabant,
475 1421 634 1490 praecepta
657 1420 751 1471 tamen
775 1416 934 1491 sapientiae
960 1414 1046 1472 tradi·

46 1495 162 1557 derunt.
192 1495 263 1555 Nam
278 1505 323 1555 est
338 1507 418 1556 certe
433 1496 540 1573 aliquid
556 1506 748 1556 consummata
762 1497 937 1575 eloquentia,
950 1515 1045 1575 neque
1055 1509 1088 1560 ί20

47 1580 167 1666 adeam
187 1582 341 1658 pervenire
359 1591 458 1641 natura
478 1580 590 1639 humani
608 1582 715 1657 ingenii
736 1582 880 1658 prohibet.
916 1580 1001 1654 Quod
1021 1584 1046 1640 si

48 1681 108 1723 non
121 1667 294 1741 contingat,
319 1664 402 1724 altius
422 1674 517 1724 tamen
540 1664 634 1740 ibunt,
655 1667 702 1742 qui
725 1665 761 1724 ad
784 1683 890 1724 summa
908 1668 1044 1741 nitentur,

47 1766 136 1826 quam
162 1750 225 1826 qui,
258 1757 440 1826 praesumpta
466 1748 670 1825 desperatione
695 1765 752 1827 quo
777 1750 866 1808 velint
893 1749 1044 1823 evadendi,

44 1834 181 1910 protinus
199 1833 274 1891 circa
296 1835 350 1892 ima
372 1832 559 1891 substiterint.

134 1915 200 1989 Quo
219 1918 310 1993 magis
328 1917 504 1995 impetranda
519 1919 573 1976 erit
589 1916 690 1990 venia,
713 1916 737 1974 si
752 1933 789 1975 ne
808 1918 916 1976 minora
932 1916 1045 1993 quidem
1053 1928 1083 1980 21

45 2000 115 2073 illa,
138 2017 239 2059 verum
260 2003 358 2078 operi,
382 2001 458 2080 quod
474 2001 658 2073 instituimus,
680 2002 846 2061 necessaria
866 2001 1042 2078 praeteribo.

43 2083 120 2143 Nam
135 2083 211 2143 liber
228 2086 334 2161 primus
351 2103 402 2160 ea,
422 2102 495 2162 quae
511 2092 575 2144 sunt
589 2093 656 2143 ante
671 2084 797 2143 cilicium
812 2084 952 2158 rhetoris,
976 2101 1043 2143 con·

43 2167 161 2227 tinebit.
191 2168 326 2233 Secundo
347 2171 436 2246 prima
453 2168 527 2247 apud
544 2168 689 2227 rhetorem
711 2169 853 2228 elementa
874 2177 902 2227 et
918 2186 991 2246 quae
1007 2169 1043 2228 de

44 2255 113 2329 ipsa
133 2250 296 2311 rhetorices
312 2252 469 2312 substantia
486 2261 661 2330 quaeruntur
681 2253 874 2312 tractabimus.
910 2252 1086 2330 Quinquett

44 2336 191 2412 deinceps
207 2338 373 2412 inventioni,
388 2354 450 2395 nam
464 2336 531 2396 huic
546 2345 574 2395 et
589 2331 741 2413 dispositio
758 2335 946 2413 subiungitur,
963 2346 1043 2414 quat·
1108 2382 1110 2384 v

44 2429 116 2479 tuor
143 2419 314 2496 elocutioni,
342 2422 370 2479 in
393 2422 472 2479 cuins
495 2429 605 2498 partem
629 2423 766 2479 memoria
791 2438 826 2480 ac
850 2423 1042 2499 pronuntiatio

44 2505 183 2578 veniunt,
207 2503 355 2564 dabuntur.
386 2504 466 2563 Unus
481 2505 621 2577 accedet,
640 2507 669 2563 in
690 2521 747 2583 quo
762 2503 845 2563 nobis
866 2514 964 2564 orator
978 2507 1042 2582 ipse

44 2587 245 2647 informandus
265 2596 327 2662 est,
350 2597 397 2663 ut,
420 2590 468 2666 qui
485 2604 581 2647 mores
603 2590 681 2663 eius,
702 2606 776 2666 quae
796 2589 824 2646 in
839 2588 1041 2666 suscipiendis,

45 2671 214 2744 discendis,
242 2673 362 2747 agendis
389 2673 483 2731 causis
510 2675 600 2747 ratio,
630 2673 707 2749 quod
729 2671 913 2748 eloquentiae
938 2690 1041 2748 genus,

48 2756 113 2833 quis
130 2755 234 2830 agendi
249 2755 353 2816 debeat
368 2774 436 2814 esse
450 2755 529 2832 finis,
552 2773 626 2834 qnae
642 2766 709 2833 post
726 2756 810 2814 finem
826 2757 933 2829 stadia,
955 2768 1042 2834 quan·-

46 2847 107 2898 tum
128 2847 228 2898 nostra
243 2840 352 2899 valebit
370 2840 532 2915 infirmitas,
555 2840 740 2899 disseramus.
775 2840 826 2898 His
844 2839 973 2898 omnibus
994 2838 1085 2906 adas

47 2922 233 2990 miscebitur,
250 2932 281 2982 ut
296 2926 417 3001 quisque
432 2923 514 2983 locus
533 2923 704 3001 postulabit,
721 2923 844 2983 docendi
858 2925 947 2997 ratio,
965 2940 1039 3000 quae

46 3022 107 3064 non
121 3022 223 3065 eorum
243 3007 328 3067 modo
344 3009 480 3082 scientia,
504 3006 607 3084 quibus
627 3007 698 3066 solis
713 3008 826 3084 quidam
846 3024 950 3066 nomen
971 3009 1039 3066 artis

47 3088 207 3164 dederunt,
236 3091 382 3150 studiosos
403 3093 523 3150 instruat
544 3099 573 3149 et
596 3091 642 3167 (nt
662 3093 706 3150 sic
727 3091 863 3170 dixerim)
883 3093 926 3150 ius
948 3093 1041 3168 ipsum

47 3172 211 3233 rhetorices
226 3175 449 3253 interpretetur,
470 3174 523 3233 sed
543 3174 623 3234 alere
641 3174 815 3249 facundiam,
838 3177 916 3234 vires
932 3191 1040 3251 augere

48 3255 236 3333 eloquentiae
256 3260 358 3335 possit.
392 3257 464 3318 Nam
484 3258 654 3335 plerumque
668 3257 760 3317 nudae
775 3259 844 3319 illae
864 3268 941 3318 artes
959 3259 1084 3321 nimiast

48 3338 214 3400 subtilitatis
231 3342 413 3402 affectatione
428 3343 562 3418 frangunt
576 3350 662 3419 atque
679 3343 832 3402 concidunt
846 3341 982 3421 quidquid
997 3349 1042 3398 est

49 3425 82 3481 in·
99 3427 231 3483 oratione
252 3428 442 3502 generosius,
466 3434 495 3484 et
514 3443 626 3484 omnem
648 3443 748 3485 sucum
767 3428 874 3504 ingenii
893 3426 992 3485 bibunt
1012 3432 1042 3481 et

50 3524 118 3568 ossa
134 3508 287 3585 detegunt,
311 3526 385 3587 qnae
404 3519 435 3568 nt
455 3526 522 3568 esse
544 3518 573 3567 et
592 3511 711 3585 astringi
727 3514 823 3569 nervis
844 3511 903 3569 suis
925 3508 1040 3580 debent,
