2434 3925
329 190 759 302 rusu.oannou;ure.vr,'i.
980 226 1043 289 257

6 403 7 406 ’
39 389 116 453 Non
130 391 302 453 mehercule
316 391 439 469 quidem
453 391 619 469 faciedum,
634 393 692 455 sed
705 394 751 454 sic
767 390 925 473 scripsisti.
942 390 1044 457 Ecce!

39 486 75 537 et
92 494 177 553 quam
191 477 283 553 potuit
298 475 539 535 truculentissime
553 494 616 535 eum
632 478 755 554 aspexit.
800 476 874 540 Illud
886 480 1085 556 praecipuetd

38 559 234 634 monendum,
251 577 287 617 ne
303 561 366 636 quis
382 561 436 618 nisi
456 561 570 619 summis
586 562 693 636 ingenii
711 560 820 619 viribus
836 561 1042 623 admovendas
1062 568 1067 586 '

1 646 14 685 ³
39 645 180 704 lacrimas
196 643 316 719 aggredi
338 643 456 710 audeat;
470 661 533 703 nam
550 652 581 702 ut
602 653 647 702 ιιι
666 644 754 720 longe
774 644 1042 705 vehementissimus

14 726 117 800 Tbic,
140 743 203 785 cum
219 726 353 802 invaluit,
373 727 509 786 affectus:
526 729 579 802 ita,
592 729 617 786 si
634 727 703 787 nihil
719 727 808 787 elficit
815 737 935 806 ,tepet;
958 747 1042 806 quem

1 819 19 849 ‘¹³
38 810 150 871 melius
162 810 287 869 inlirmus
300 818 381 870 actor
390 811 484 869 tacitis
496 811 619 870 iudicum
631 810 853 887 cogitationibus
864 813 1040 888 reliquisset.

6 886 16 935 l
38 894 120 955 Nam
138 903 167 952 ιι
185 895 281 952 vultus
304 903 333 952 et
347 911 406 953 vox
421 896 527 972 etipsa
544 894 594 953 illa
617 897 733 955 excitati
755 913 797 953 ιιι
791 896 903 955 iacies
919 895 1042 955 ludibrio
1049 909 1085 963 45

5 981 135 1038 etiam
160 978 330 1056 plerumque
351 987 420 1036 sunt
444 977 621 1052 hominibus,
648 996 721 1056 quos
746 996 804 1037 non
827 989 1041 1057 permoverunt.

1 1066 18 1105 ἰ
40 1061 147 1136 Quare
168 1063 301 1120 metiatur
320 1079 355 1120 ao
376 1061 531 1137 diligenter
550 1064 683 1121 aestimet
706 1063 784 1121 vires
811 1080 877 1121 suas
898 1071 1041 1138 detonet,

1 1157 12 1189 -·
38 1154 184 1224 quantum
204 1161 276 1203 onus
298 1144 442 1203 subiturus
463 1147 516 1219 sit,
537 1146 693 1222 intelligam
715 1146 784 1205 nihil
805 1145 892 1206 habet
913 1149 968 1206 ista
994 1164 1042 1205 res

1 1230 16 1275 ι
38 1228 172 1289 medium
193 1229 310 1287 sedant
329 1228 461 1288 lacrimas
476 1238 602 1288 meretur
618 1239 665 1289 aut
682 1231 779 1289 risum.

3 1332 4 1335 ¹
132 1312 197 1370 Non
222 1321 316 1372 autem
344 1329 526 1372 commovere
552 1322 658 1372 tantum
689 1316 963 1374 miserationem
991 1312 1084 1384 sedqfi

4 1410 14 1432 ³
40 1397 135 1458 etiam
146 1396 335 1455 discutere
348 1397 457 1474 epilogi
469 1407 513 1455 est
524 1399 671 1475 proprium
683 1415 746 1456 cum
757 1401 887 1457 oratione
900 1399 1042 1472 continua,

5 1492 8 1507 ²
41 1499 125 1560 quae
145 1489 239 1539 motos
260 1480 385 1540 lacrimis
403 1481 515 1539 iudices
530 1482 565 1541 ad
584 1482 719 1541 iustitiam
739 1483 858 1541 reducat
880 1492 938 1542 tum
959 1483 1043 1541 etiam

8 1575 10 1578 ’
41 1564 217 1644 quibusdam
231 1563 340 1623 urbane
356 1563 458 1638 dictis,
476 1565 561 1642 quale
579 1575 623 1624 est
642 1564 723 1626 Date
742 1583 839 1643 puero
854 1584 982 1644 ponem,
1005 1583 1044 1624 ιιι

3 1660 8 1683 i
37 1651 166 1730 plorem
184 1657 213 1707 et
225 1648 395 1725 corpulento
412 1649 564 1724 litigatori,
578 1651 659 1707 cuius
670 1649 868 1723 adversarius,
881 1651 949 1707 item
960 1666 1042 1726 puer,
1049 1663 1083 1718 47

1 1758 4 1769 ·
42 1736 127 1793 cirea
143 1731 252 1790 iudices
269 1740 331 1791 erat
347 1731 382 1790 ab
398 1733 539 1792 advocato
557 1732 645 1793 latus:
678 1731 760 1804 Quid
773 1733 913 1810 focium?
933 1751 990 1810 epo
1014 1740 1044 1791 te

41 1817 190 1879 baiulare
204 1835 265 1877 uon
277 1834 411 1893 possum.
456 1816 515 1876 Sed
529 1817 602 1875 haec
615 1825 710 1875 tamen
721 1833 778 1873 non
789 1815 896 1874 debent
911 1832 978 1873 esse
993 1815 1042 1872 mi·

3 1913 6 1925 ·
41 1901 130 1964 mica.
176 1898 276 1977 ltaque
294 1916 350 1958 nec
366 1899 446 1958 illum
459 1899 657 1978 probaverim,
673 1916 833 1978 quanquam
848 1901 923 1957 inter
944 1898 1043 1957 claris-

42 1987 137 2045 simos
160 1986 203 2042 sui
227 1985 366 2061 temporis
388 1993 520 2043 oratores
543 1983 613 2060 luit,
640 1987 702 2061 qui,
725 1984 824 2061 pueris
844 1984 872 2041 in
896 1983 1066 2061 epilogum.

41 2068 215 2147 productis,
230 2068 306 2126 talos
322 2063 391 2126 iecit
416 2069 448 2126 in
468 2068 605 2142 medium,
628 2085 701 2145 quos
722 2067 764 2125 illi
788 2067 914 2145 diripere
935 2081 1042 2142 eoepe-

41 2160 125 2219 runt3
142 2168 264 2228 namque
278 2151 352 2210 haec
369 2153 432 2229 ipsa
447 2152 616 2211 discriminis
631 2153 674 2210 sui
690 2152 849 2227 ignorantia
868 2150 962 2228 potuit
976 2165 1042 2207 esse

40 2233 234 2302 miserabilis;
258 2252 353 2312 neque
373 2235 468 2310 illum,
489 2236 554 2314 qui,
579 2253 643 2294 cum
668 2243 748 2294 esset
773 2244 907 2293 cruentus
929 2233 1085 2312 gladius48

42 2320 80 2381 ab
97 2326 270 2378 accusatore
287 2319 434 2396 prolatus,
454 2336 511 2397 quo
530 2321 555 2377 is
580 2319 724 2378 hominem
742 2318 884 2396 probabat
902 2319 1042 2389 occisum,

41 2403 144 2463 subito
167 2420 204 2461 ex
224 2403 371 2462 subselliis
394 2405 561 2462 atterritus
583 2403 671 2479 fugit,
702 2412 746 2477 et,
779 2405 874 2480 eapite
900 2420 938 2461 ex
961 2409 1043 2479 parte

41 2485 163 2560 velato,
182 2486 292 2560 eumad
308 2487 447 2563 agendum
463 2506 501 2547 ex
515 2486 597 2546 turba
613 2488 830 2566 prospexisset,
842 2485 1041 2561 interrogavit,

42 2590 89 2632 an
104 2571 167 2630 ium
180 2572 231 2630 ille
245 2588 314 2631 eum
331 2572 435 2646 pludio
456 2572 653 2632 recessisset?
690 2569 772 2629 Fecit
794 2572 868 2630 enim
885 2571 971 2629 risum
991 2566 1043 2625 sed

41 2652 187 2713 ridiculus
208 2652 269 2712 init
314 2652 518 2714 Discutiendae
541 2664 636 2714 tamen
659 2656 789 2714 oratione
815 2645 954 2713 eiusmodi
980 2669 1043 2709 sce·
1033 2657 1085 2711 -49

41 2755 119 2812 nae,
145 2738 323 2814 egregieque
354 2735 475 2813 Cicero,
504 2739 551 2815 qui
585 2747 684 2797 eontra
714 2740 866 2836 imaginem
900 2734 1042 2798 Saturnini
1142 2787 1145 2792 ,

41 2836 103 2902 pro
134 2819 250 2880 Rabirio
282 2822 410 2896 graviter
444 2830 473 2880 et
504 2831 603 2881 eontra
636 2822 783 2897 iuvenem,
818 2822 897 2880 cuius
924 2817 1043 2876 subinde

40 2904 151 2965 vulnus
173 2905 200 2963 in
223 2905 328 2965 iudicio
343 2905 561 2982 resolvebatur,
583 2922 637 2984 pro
657 2905 774 2966 Vareno
801 2904 888 2963 multa
912 2902 982 2962 dixit
997 2919 1043 2959 ur·

41 2990 133 3050 bane.

129 3072 199 3132 Sunt
229 3083 257 3133 ιι
281 3075 324 3133 illi
350 3073 477 3134 leniores
501 3072 623 3151 epilogi,
650 3071 752 3149 quibus
774 3069 942 3129 adversario
962 3069 1044 3128 satis·
1051 3078 1086 3131 50

43 3158 186 3232 facimus,
208 3159 232 3216 sl
255 3158 330 3217 forte
353 3159 390 3217 sit
412 3160 473 3217 eius
488 3174 614 3235 persona
635 3150 717 3229 t‘alis,
739 3164 770 3213 ιιι
783 3154 825 3212 illl
843 3152 983 3213 debeatur
998 3171 1043 3212 re-

42 3243 196 3315 verentia,
215 3249 263 3300 aut
281 3260 344 3300 eum
361 3245 452 3301 amice
469 3242 575 3318 aliquid
592 3255 804 3299 commonemus
822 3246 853 3296 et
870 3237 905 3296 ad
922 3243 1043 3297 concor·

44 3327 123 3387 diam
134 3325 291 3384 hortamur.
313 3325 398 3397 Quod
410 3335 454 3385 est
467 3343 560 3402 genus
569 3326 690 3401 egregie
705 3331 854 3382 tractatum
866 3340 882 3380 a
894 3321 1043 3394 Passieno,

45 3428 113 3469 oum
132 3406 276 3468 Domitiae
299 3411 398 3468 uxoris
420 3409 678 3487 suaepeouniaria
695 3406 746 3465 lite
767 3407 905 3466 adversus
926 3405 1044 3463 fratrem

46 3493 111 3554 eius
128 3491 331 3552 Aenobarbum
349 3503 465 3571 agerem
487 3511 566 3571 nam,
588 3510 652 3552 eum
669 3490 705 3551 de
726 3489 940 3632 necessitqqiue
957 3488 1044 3547 multa

90 3597 157 3634 ιιι.
171 3597 283 3645 cuturn.
