2434 3925
241 222 245 242 ¹
328 233 417 281 msa.
434 232 581 282 oneror.
598 234 667 281 nm.
683 234 733 300 111,
751 229 778 282 a.
993 221 1054 285 139

60 389 130 451 nibil
157 389 271 457 tacere;
300 388 336 448 de
358 387 490 447 faciendo
512 396 606 448 autem
629 386 814 447 deliberatur.
849 387 959 462 Quodsi
981 388 1097 453 banctt

59 482 168 534 vocant
188 472 401 546 necessitatem,
425 474 453 532 in
474 490 557 550 quam
574 472 703 531 homines
720 475 883 548 graviorum
906 482 981 531 metu
1005 491 1054 534 co·

59 567 177 635 guntur,
192 556 320 616 utilitatis
344 558 398 615 erit
421 557 566 633 quaesti0;
597 565 628 614 ut
647 557 671 613 si
694 555 807 615 obsessi
830 565 859 615 et
881 559 1005 635 impares
1026 565 1055 617 et
1120 614 1122 621 ,

61 659 137 721 aqua
163 640 288 718 ciboque
313 639 419 699 delecti
439 639 475 698 de
497 639 628 699 iacienda
650 639 686 698 ad
708 639 820 698 hostem
838 640 983 700 deditione
1005 641 1054 700 de·
1077 696 1086 709 ,

60 726 188 786 liberent
216 733 245 784 et
265 723 393 798 dicatur,
411 742 537 784 necesse
556 732 615 791 est:
643 741 746 801 nempe
768 726 914 801 sequitur,
942 733 973 783 ut
999 723 1055 784 boc

37 864 40 871 ,
61 808 240 882 subiiciatur,
257 809 371 884 alioqui
382 810 572 885 pereundum
588 816 646 868 est:
665 808 703 866 ita
716 816 836 886 propter
850 806 878 866 id
891 809 983 885 ipsum
998 825 1055 867 non

61 902 107 953 est
129 909 271 965 necesse,
294 893 359 969 quia
387 893 483 969 perire
504 893 599 969 potius
624 892 702 951 licet.
742 890 875 969 Denique
897 907 954 949 non
974 892 1053 952 tece-

61 984 127 1035 runt
151 976 298 1052 Saguntini
328 978 432 1034 necin
459 985 521 1035 rate
544 973 713 1052 Opitergina
735 976 931 1035 circumventi.
965 973 1096 1052 lgiturtt

61 1061 158 1119 iubis
182 1076 297 1136 quoque
318 1061 412 1117 causis
440 1067 488 1118 aut
509 1059 546 1117 de
574 1058 637 1119 sola
662 1058 785 1118 utilitate
807 1057 983 1135 ambigetur,
1007 1068 1055 1119 aut

63 1145 198 1221 quaestio
219 1146 294 1202 inter
308 1143 377 1202 utile
400 1152 486 1220 atque
508 1142 659 1201 honestum
686 1144 835 1202 consistet.
873 1143 913 1201 At
934 1143 1054 1202 enimsi

64 1230 127 1306 quis
143 1227 251 1286 liberos
268 1243 424 1304 procreare
442 1226 533 1302 volet,
556 1244 680 1285 necesse
696 1226 783 1286 babet
801 1227 908 1286 ducere
923 1243 1053 1286 uxorem.

63 1311 137 1385 Quis
156 1306 289 1370 dubitat?
312 1311 363 1370 sed
380 1313 417 1385 ei,
445 1312 493 1388 qui
515 1320 599 1388 pater
620 1309 682 1369 uult
703 1310 781 1385 fieri,
803 1310 911 1388 liqueat
930 1327 1055 1370 necesse

64 1403 121 1469 est,
147 1412 267 1453 uxorem
282 1412 349 1453 esse
371 1393 538 1453 ducendam.
572 1393 673 1473 ltaque
690 1394 755 1453 mihi
773 1412 809 1453 ne
828 1394 978 1454 consilium
994 1396 1097 1472 qui-25

64 1478 130 1537 dem
151 1478 273 1551 videtur,
294 1477 342 1536 ubi
358 1481 517 1538 necessitas
540 1487 600 1553 est,
624 1495 681 1537 non
701 1479 791 1576 magis
814 1496 897 1555 quam
917 1478 965 1538 ubi
987 1495 1055 1537 con·

65 1570 134 1637 stat,
156 1562 223 1640 quid
245 1561 307 1621 lieri
328 1579 385 1621 non
406 1563 508 1640 possit
549 1560 644 1620 Omnis
667 1565 740 1620 enim
761 1560 933 1622 deliberatio
951 1562 987 1623 de
1005 1562 1055 1622 du·

4 1678 5 1701 i
64 1645 119 1705 biis
139 1654 193 1704 est
220 1643 323 1704 blelius
342 1646 442 1722 igitur,
461 1647 509 1723 qui
521 1647 633 1705 tertiam
647 1655 757 1723 partem
775 1635 1054 1721 dixeruntdovardo,

65 1729 143 1811 quod
166 1730 256 1788 nostri
277 1731 421 1807 possibile
439 1731 598 1805 nominant,
624 1748 697 1807 quae
715 1739 745 1788 ut
767 1729 836 1789 dura
854 1729 985 1788 videatur
1006 1746 1055 1806 ap·

3 1872 4 1885 2
64 1813 198 1892 pellatio,
215 1821 309 1872 tamen
327 1813 390 1872 sola
408 1822 461 1872 est.
497 1811 574 1885 Quas
591 1821 690 1890 partes
709 1830 765 1871 non
782 1830 881 1871 omnes
901 1815 929 1871 in
946 1821 1097 1876 omnem26

65 1896 171 1957 cadere
192 1899 349 1956 suasoriam
373 1897 549 1956 manifestius
572 1905 633 1972 est,
665 1914 749 1975 quam
776 1904 806 1955 ut
826 1896 986 1955 docendum
1007 1896 1053 1953 sit.

65 1980 172 2041 Tamen
194 1982 269 2058 apud
290 1982 447 2061 plerosque
476 1999 572 2040 earum
592 1999 725 2041 numerus
747 1989 928 2057 augetur,a
953 1979 1055 2058 quibus

64 2074 209 2163 ponuntur
227 2074 256 2123 et
276 2075 390 2143 partes,
421 2082 495 2143 quae
516 2065 633 2142 species
655 2073 720 2123 sunt
740 2066 870 2142 partium.
902 2062 973 2122 Nam
998 2062 1053 2138 fas,

63 2151 179 2223 iustum,
201 2150 295 2248 pium,
315 2167 458 2251 aequum,
480 2158 657 2208 mansuetum
679 2165 794 2227 quoque
817 2147 876 2226 (sic
894 2149 968 2206 enim
991 2154 1055 2206 sunt

63 2233 244 2311 interpretati
266 2255 298 2293 ro
287 2225 437 2312 ἥμερον)
460 2241 489 2292 et
510 2234 535 2292 si
555 2250 611 2310 qua
631 2232 724 2291 adbuc
744 2232 872 2291 adiicere
895 2232 957 2330 quis
980 2232 1054 2291 eius·

65 2317 130 2376 dem
153 2318 270 2400 generis
291 2317 373 2392 velit,
396 2316 498 2375 subiici
520 2325 640 2394 possunt
658 2316 810 2375 honestati.
844 2316 890 2374 An
907 2317 944 2374 sit
960 2322 1096 2377 autemti

65 2399 168 2475 iacile,
192 2418 340 2477 magnum,
357 2401 524 2475 iucundum,
550 2401 612 2459 sine
634 2400 782 2479 periculo,
800 2399 836 2458 ad
859 2400 1056 2476 quaestionem

65 2485 191 2562 pertinet
205 2484 343 2543 utilitatis.
373 2483 427 2557 Qut
445 2484 503 2543 loci
526 2486 654 2542 oriuntur
670 2501 708 2542 ex
725 2482 967 2542 contradictione
993 2483 1054 2542 Est

66 2568 188 2646 quidem
201 2569 273 2628 attile
286 2570 344 2628 eccl
359 2568 499 2646 difficile,
514 2586 660 2647 porcum,
674 2567 871 2628 iniucundum
880 2552 1055 2645 ‚periculo-

65 2670 143 2712 com
183 2649 289 2710 Tamen
312 2651 480 2730 quibusdam
507 2652 710 2711 videturesse
737 2668 935 2728 nonnunquam
958 2649 1024 2709 de
1015 2668 1056 2708 ru·
1045 2657 1098 2711 -bd

68 2734 214 2795 cunditate
235 2735 298 2795 sola
322 2736 505 2810 consultatio,
522 2744 553 2794 ut
569 2737 593 2793 si
618 2735 654 2794 de
674 2734 851 2794 aedificando
867 2734 1053 2807 tbeatr0,1n·

66 2817 217 2881 stituendis
246 2819 319 2878 ludis
350 2818 537 2880 deliberetur.
580 2819 639 2878 Sed
666 2820 805 2877 neminem
834 2819 908 2878 adeo
931 2817 1056 2876 solutum

66 2901 136 2961 luxu
156 2911 238 2980 puto,
259 2912 289 2962 ut
309 2903 378 2963 nihil
400 2905 429 2962 in
449 2920 535 2962 causa
552 2902 690 2962 suadendi
708 2910 844 2980 sequatur
865 2909 983 2979 praeter
1003 2916 1054 2958 vo·

67 2986 214 3064 luptatem.
254 2986 414 3048 Praecedat
435 2988 509 3044 enim
529 3004 645 3064 semper
666 2986 772 3064 aliquid
793 3002 916 3044 necesse
939 2992 1001 3059 est,
1024 2992 1054 3043 ut
1062 2992 1097 3049 29

66 3070 95 3128 in
116 3070 191 3130 ludis
211 3069 304 3129 bonor
325 3070 459 3145 deorum,
482 3072 510 3129 in
532 3069 645 3129 theatro
667 3086 723 3129 non
738 3068 844 3127 inutilis
861 3067 992 3127 laborum
1007 3086 1054 3127 re·

65 3154 176 3228 missio,
203 3153 339 3213 deformis
359 3164 388 3214 et
409 3153 585 3213 incommoda
604 3151 721 3227 turbae,
741 3154 765 3210 si
785 3152 814 3211 id
836 3152 965 3227 nonsit,
987 3168 1054 3211 con-

65 3237 201 3312 flictatio,
233 3247 262 3297 et
283 3238 462 3298 nibilominus
486 3238 587 3297 eadem
608 3236 659 3296 illa
681 3236 803 3312 religio,
833 3254 895 3295 cum
914 3234 1055 3295 theatrum

65 3320 157 3380 veluti
170 3322 313 3399 quoddam
330 3322 407 3381 illius
426 3323 501 3381 sacri
518 3320 654 3399 templum
670 3318 846 3378 vocabimus.
875 3321 971 3396 Saepe
983 3324 1108 3380 verodtt'

67 3413 97 3464 et
109 3404 261 3475 utilitatem
273 3405 490 3483 despiciendam
504 3423 571 3464 esse
584 3405 713 3478 dicimus,
732 3412 762 3462 ut
773 3401 894 3463 honesta
906 3403 1053 3476 iaciamus,

66 3496 98 3548 nt
115 3488 253 3549 cumillis
274 3486 457 3570 Opiterpiois
477 3489 586 3550 olomuc
606 3489 777 3563 cmmidum,
804 3506 843 3549 cc
866 3504 900 3548 ae
921 3486 1054 3547 lontibus
