2434 3925
152 197 192 258 74
458 199 494 258 rt.
510 209 589 256 sne.
606 207 824 269 camoranam

150 363 208 424 lata
227 370 369 422 structura
387 372 482 439 caret,
504 381 567 423 cum
587 363 636 425 illa
651 363 772 423 rotunda
788 371 818 423 et
830 362 955 441 undique
971 363 1153 424 circumcisa

107 448 281 511 winsistere
303 447 424 505 invicem
444 456 595 525 nequeant.
641 447 759 506 Praeter
785 445 842 506 boc
865 449 949 506 etiam
970 446 1053 505 color
1076 449 1152 525 ipse

149 530 263 590 dicendi
278 529 433 609 quamlibet
449 531 550 606 claris,
568 531 663 591 multis
678 540 772 590 tamen
784 532 915 590 novariis
926 530 1007 589 velut
1020 531 1150 590 maculis

150 616 360 693 conspergrtur.
390 612 490 689 Porro,
505 623 536 673 ut
553 614 636 674 affert
653 614 747 673 lumen
759 614 857 674 clavus
869 619 1012 692 purpurae
1027 617 1056 672 in
1071 613 1147 674 loco

149 700 289 757 insertus:
307 699 345 758 ita
362 707 442 757 certe
461 700 601 760 neminem
618 698 722 758 deceat
741 698 895 757 intertexta
917 697 1047 775 pluribus
1062 700 1147 772 nptis

1 823 2 850 2
105 783 246 846 terentis.
278 780 385 856 Quare,
402 781 471 841 licet
485 780 557 840 haec
580 791 609 841 et
625 784 718 841 nitere
741 791 770 842 et
786 781 963 859 aliquatenus
980 789 1082 839 extare
1101 784 1145 839 vl·

1 871 2 880 ’
149 865 277 941 deantur,
293 874 387 925 tamen
403 874 431 924 et
448 865 552 925 lumina
568 865 618 925 illa
635 882 692 924 non
707 865 836 924 dammae
849 865 900 924 sed
914 863 1047 924 scintillis
1063 867 1145 924 inter
1159 869 1162 875 '

148 948 252 1009 furnum
276 948 461 1009 emicantibus
482 948 583 1009 similia
606 950 727 1017 dixeris;
750 949 844 1026 (quae
867 966 903 1007 ne
918 956 1057 1026 apparent
1076 950 1142 1026 qui·

148 1032 230 1108 dem,
254 1032 302 1092 ubi
322 1041 383 1092 tota
404 1033 482 1092 lucet
501 1035 614 1108 oratio,
635 1041 666 1092 ut
686 1034 714 1091 in
737 1031 800 1092 sole
816 1032 910 1092 sidera
926 1034 988 1110 ipsa
1005 1030 1144 1092 desinunt

148 1119 243 1197 cerni)
260 1126 299 1192 et,
318 1134 391 1193 quae
407 1116 516 1176 crebris
535 1118 690 1194 parvisque
711 1114 860 1176 conatibus
881 1134 913 1174 se
929 1114 1080 1191 attollunt,
1098 1118 1141 1175 in·

148 1200 281 1281 aequalia
297 1209 401 1259 tantum
426 1209 455 1259 et
471 1200 551 1259 velut
566 1200 740 1276 confragosa
761 1217 816 1258 nec
838 1198 1051 1259 adspirationem
1067 1217 1139 1258 con·

104 1293 305 1362 aosequumnr
327 1285 507 1343 eminentium
530 1292 560 1343 et
580 1283 729 1363 planorum
752 1285 872 1360 gratiam
897 1283 1028 1361 perdunt.
1073 1282 1140 1342 Hoc

148 1385 263 1449 quoque
279 1367 400 1443 accedit,
418 1366 493 1444 quod
509 1367 587 1427 solas
609 1368 733 1446 captanti
748 1368 903 1426 sententias
918 1366 1020 1425 multas
1036 1366 1138 1426 dicere

146 1469 271 1510 necesse
286 1460 330 1510 est
344 1450 442 1527 leves,
457 1450 592 1527 frigidas,
608 1453 730 1530 ineptas.
767 1449 833 1510 Non
853 1452 927 1509 enim
947 1459 1044 1528 potest
1066 1468 1136 1512 esse

147 1535 288 1611 delectus,
304 1535 352 1594 ubi
366 1551 483 1594 numero
501 1531 656 1594 laboratur.
688 1534 788 1611 Itaque
802 1533 901 1593 videas
918 1543 947 1593 et
965 1533 1138 1594 divisionem

147 1636 200 1697 pro
220 1620 359 1678 sententia
381 1620 449 1697 poni
465 1627 494 1677 et
508 1627 717 1695 argumentum3
739 1620 775 1676 sit
795 1626 888 1678 tamen
909 1620 937 1677 in
959 1616 1089 1677 clausula
1108 1627 1137 1678 et

103 1711 138 1765 31
146 1703 224 1761 salse
250 1705 456 1782 pronuntietur.
503 1699 651 1763 Occidisti
674 1720 801 1764 acorem
817 1703 883 1779 ipsc
904 1701 1046 1770 odollam·
1074 1721 1137 1763 non

142 1787 258 1866 ferrem
286 1796 330 1864 te,
355 1787 473 1848 edomas·
495 1787 707 1864 repudiasses,
731 1786 832 1845 divisio
856 1794 909 1846 est.
961 1783 1012 1845 Vis
1039 1787 1136 1863 scire,

145 1889 291 1944 aeaenom
306 1889 372 1932 case
386 1872 589 1931 amatorium?
620 1869 740 1931 Viveret
757 1869 856 1945 domo,
876 1870 937 1929 nisi
948 1868 1025 1930 illud
1039 1869 1134 1931 bibis·

145 1966 200 2032 eat,
218 1964 412 2033 argumentum
428 1963 482 2013 est.
518 1952 581 2014 Neo
591 1953 692 2014 multas
708 1952 840 2033 plerique
855 1955 1009 2013 sententias
1025 1951 1134 2030 dicunt,

103 2048 137 2102 32
145 2039 196 2099 sed
212 2041 305 2098 omnia
319 2048 451 2116 tanquam
474 2040 640 2098 sententias.
678 2036 750 2097 lluic
772 2037 939 2116 quibusdam
961 2039 1135 2097 contrarium

145 2121 282 2198 studium,
306 2123 353 2199 qui
371 2122 483 2198 fugiunt
504 2139 538 2181 ac
554 2122 738 2182 reformidant
753 2139 863 2180 omnem
879 2121 952 2181 banc
965 2123 995 2180 in
1009 2119 1133 2180 dicendo

144 2205 332 2285 voluptatem,
347 2205 415 2265 nihil
432 2204 587 2283 probantes
602 2207 657 2264 nisi
672 2205 785 2283 planum
800 2215 829 2265 et
840 2205 945 2265 humile
960 2214 989 2264 et
1003 2206 1066 2263 sine
1083 2222 1133 2264 co·

144 2296 219 2347 natu.
249 2288 301 2363 lta,
319 2288 384 2348 dum
398 2285 512 2364 timent,
533 2307 569 2348 ne
586 2288 738 2368 aliquando
755 2289 871 2363 cadant,
893 2306 1008 2368 semper
1026 2289 1132 2348 iacent.

146 2370 229 2445 Quod
247 2373 321 2430 enirn
335 2381 441 2431 tantum
463 2375 492 2432 in
513 2375 653 2433 sententia
670 2371 744 2432 bona
762 2375 868 2432 crimen
885 2369 950 2432 est?
978 2370 1043 2431 Non
1064 2390 1132 2432 cau-

144 2472 195 2513 sae
209 2452 352 2532 prodest?
367 2473 423 2515 non
437 2457 559 2516 iudicem
573 2454 691 2516 movet?
707 2473 764 2515 non
776 2455 917 2516 dicentem
932 2451 1132 2515 commendati

102 2538 202 2601 &Sed
214 2547 258 2599 est
273 2538 413 2616 quoddam
430 2558 531 2616 genus,
547 2557 603 2619 quo
617 2549 732 2599 veteres
744 2557 801 2598 non
811 2539 971 2599 utebantur.
993 2538 1132 2616 Adquam

143 2641 236 2701 osque
261 2641 314 2681 nos
339 2625 451 2682 vocatis
479 2621 672 2683 vetustatem?
709 2623 780 2683 Nam
806 2625 830 2682 si
856 2624 933 2683 illam
960 2631 1129 2684 extremamt

143 2707 231 2766 multa
245 2705 473 2783 Demosthenes,
489 2725 562 2785 quae
578 2716 643 2766 ante
658 2724 722 2768 eum
735 2724 828 2766 nemo.
868 2705 1017 2781 Quomodo
1034 2715 1131 2784 potest

83 2822 86 2827 ·
144 2790 270 2868 probare
290 2788 476 2866 Ciceronem,
500 2792 548 2869 qui
566 2790 635 2850 nihil
655 2799 736 2869 putet
758 2808 796 2850 ex
811 2788 921 2851 Catone
936 2789 1130 2867 Gracchisque

93 2886 96 2893 ·
143 2871 324 2934 mutandum?
362 2874 421 2934 Sed
442 2882 507 2933 ante
528 2873 582 2933 hos
607 2873 764 2952 simplicior
783 2873 875 2933 adbuc
898 2875 970 2934 ratio
996 2873 1131 2952 loquendi

102 2957 206 3020 alluit.
239 2957 303 3035 Ego
318 2975 390 3017 vero
407 2957 481 3018 baec
497 2958 600 3018 lumina
620 2959 756 3018 orationis
777 2957 857 3016 velut
876 2957 977 3017 oculos
993 2958 1130 3036 quosdam

144 3058 211 3100 esse
227 3042 408 3119 eloquentiae
424 3041 522 3101 credo.
552 3041 611 3106 Sed
627 3059 721 3119 neque
736 3041 838 3101 oculos
851 3059 917 3100 esse
932 3050 993 3101 toto
1006 3058 1129 3119 corpore

143 3125 246 3200 velim,
266 3143 302 3185 ne
324 3135 422 3186 cetera
436 3125 561 3184 membra
582 3125 707 3185 cilicium
725 3143 804 3184 suum
821 3124 956 3203 perdant3
973 3134 1018 3202 et,
1041 3126 1066 3183 si
1080 3143 1127 3184 ne·

137 3225 230 3267 cesse
250 3210 296 3284 sit,
311 3218 440 3269 veterem
456 3209 535 3269 illurn
549 3207 699 3268 horrorem
711 3208 824 3269 dicendi
840 3208 933 3268 malim
951 3226 1035 3287 quam
1049 3211 1129 3269 istam

144 3309 247 3351 novam
266 3291 418 3351 licentiam.
460 3292 518 3351 Sed
538 3301 619 3370 patet
643 3291 735 3352 media
756 3291 894 3371 quaedam
912 3293 978 3367 via,
1004 3292 1080 3353 sicut
1100 3295 1127 3352 iu

146 3376 224 3436 cultu
244 3377 379 3454 victuque
400 3379 524 3436 accessit
539 3376 647 3454 ‘aliquis
661 3376 745 3435 'citra
764 3375 1020 3454 reprehensionem
1044 3377 1125 3435 nitor.

173 3478 256 3538 aare,
278 3461 351 3519 sicut
368 3469 536 3538 possumus,
557 3460 719 3522 adiiciamus
735 3459 894 3520 virtutibus.
942 3461 1022 3521 Prius
1036 3468 1127 3521 manen
