2434 3925
168 165 227 228 162
468 182 505 229 ss.
527 182 606 230 usu.
630 182 849 242 quarumnam

165 342 298 412 quantum
317 332 352 393 ab
373 334 431 393 illis
451 344 558 395 tautnnr
577 334 613 395 ab
634 335 752 397 lloratio
773 336 928 412 dissentio,
954 339 1002 417 qni
1021 338 1169 401 Lucilium

162 415 259 496 plume
279 420 454 479 tenetentum
476 429 506 477 et
525 439 592 480 esse
606 422 742 497 aliquid,
765 422 847 498 quod
860 423 964 482 tudere
975 426 1097 501 possis,
1113 444 1167 503 pn-

163 509 213 561 tat.
253 501 324 560 Nam
339 502 460 562 eruditio
480 505 509 562 in
523 519 560 562 eo
572 504 642 562 mira
658 513 687 563 et
701 503 820 563 libertas
831 512 918 582 atque
934 504 1000 565 inde
1015 508 1167 567 acerbitas

164 595 193 645 et
216 585 386 645 abundantia
410 586 489 649 salis.
535 585 653 646 llultum
682 595 728 646 est
752 589 859 647 tersior
885 606 920 647 ac
949 607 1039 668 purus
1070 594 1166 668 magis

160 669 334 729 Horatius
362 678 406 743 et,
427 687 484 729 non
506 669 589 729 labor
611 672 673 729 eius
690 688 804 745 amore,
826 672 1011 750 praecipuus.
1041 672 1165 734 Multum

161 761 191 812 et
205 753 422 829 verae'gloriae
443 756 571 831 quamvis
593 772 650 813 uno
673 753 747 813 libro
766 754 918 813 Persius
938 758 1052 815 meruit.
1093 760 1164 817 Sunt

117 837 232 900 titolari
249 837 394 914 hodieque
410 846 439 895 et
456 838 504 915 qui
520 836 587 896 olim
597 836 824 898 nominabuntur.
852 837 982 898 Alterum
994 840 1067 900 illud
1079 844 1164 900 etiarn

160 923 239 1000 prius
257 923 361 1000 satirae
376 939 470 996 genus
485 920 538 980 sed
559 938 617 980 nou
632 921 695 980 sola
717 923 871 981 carminum
886 919 1027 982 varietate
1043 926 1164 984 mixtum

160 1003 286 1065 condidit
302 1004 501 1063 Terentius
516 1004 649 1079 Varro,
673 1006 717 1063 vir
733 1003 926 1065 Romanorum
941 1006 1161 1067 eruditissimus.

159 1088 299 1147 Plurimos
319 1087 367 1146 bic
391 1088 481 1148 libros
505 1098 535 1147 et
558 1082 741 1147 doctissimos
769 1091 949 1167 composuit,
968 1092 1162 1167 peritissimus

159 1172 274 1247 linguae
299 1171 415 1232 Latinae
439 1181 468 1230 et
497 1173 587 1231 omnis
614 1172 788 1249 antiquitatis
814 1181 844 1230 et
868 1190 965 1232 rerum
986 1172 1162 1234 Graecarum

158 1265 388 1332 nostrarumque,
405 1255 471 1333 plus
487 1264 582 1315 tamen
595 1257 734 1315 scientiae
746 1256 905 1315 collaturus
921 1274 1004 1334 mam
1020 1257 1161 1336 eloquen

116 1341 225 1404 ostiae.
262 1337 406 1397 Iambus
428 1355 486 1397 non
510 1357 580 1398 sane
601 1358 619 1399 a
639 1338 774 1399 Romanis
796 1339 961 1399 celebratus
983 1350 1030 1399 est
1046 1350 1079 1400 ut
1097 1360 1161 1420 pro

158 1425 250 1501 prium
269 1439 359 1498 opus,
382 1422 550 1500 quibusdam
571 1425 774 1501 interpositns;
796 1424 876 1482 cuius
892 1422 1038 1482 acerbitas
1051 1426 1084 1483 in
1100 1425 1162 1485 Ca·

157 1505 272 1581 tullo,
292 1505 489 1582 bibaculo,
505 1505 679 1582 lloratio,
703 1524 864 1584 quanquam
882 1506 924 1565 illi
942 1507 1057 1585 epodos
1076 1510 1162 1568 inter¹

156 1591 270 1663 veniat,
292 1591 465 1667 reperietur.
502 1589 540 1648 At
560 1590 776 1664 Lyricorum
797 1590 872 1649 idem
893 1590 1078 1650 Horatius
1101 1592 1162 1652 fere

156 1673 238 1732 solus
256 1673 314 1750 legi
331 1673 443 1748 dignus.
480 1673 552 1733 Nam
574 1684 603 1732 et
624 1675 746 1750 insurgit
769 1673 922 1751 aliquando
948 1683 979 1733 et
994 1675 1104 1752 plenus
1120 1686 1163 1736 est

156 1756 338 1816 iucunditatis
360 1766 390 1816 et
409 1759 519 1833 gratiae
541 1766 570 1816 et
589 1759 678 1816 variis
700 1757 800 1833 liguris
821 1767 851 1816 et
875 1756 973 1816 verbis
989 1757 1163 1820 felicissime

156 1841 260 1900 audax.
298 1838 329 1900 Si
352 1859 437 1919 quem
457 1842 583 1901 adiicere
600 1840 692 1914 uelis,
713 1843 738 1899 is
754 1842 809 1899 erit
825 1838 982 1900 Caesius
999 1841 1160 1919 Bassus,

157 1942 242 2004 quem
257 1942 349 2004 nuper
360 1926 495 1993 vidimus3
519 1924 571 1985 sed
596 1943 661 1984 eum
682 1923 771 2001 longe
783 1925 971 2002 ‘praecedunt
987 1926 1108 2003 ingenia
1122 1929 1158 1987 vi·

113 2011 289 2070 97ventinm.
324 2008 562 2085 Tragoedias
584 2011 746 2086 scriptores
765 2017 896 2068 veterum
914 2008 1047 2069 Attius
1076 2021 1159 2089 atquc

155 2094 333 2153 Pacuvius
353 2094 504 2152 clarissimi
518 2094 660 2168 grauitate
674 2093 894 2167 sententiarum,
915 2091 1076 2152 uerborum
1092 2113 1158 2173 pon·

154 2177 241 2244 dere,
265 2179 436 2235 auctoritate
457 2193 655 2254 personarum.
691 2172 826 2234 Ceterum
845 2178 921 2235 nitor
945 2185 975 2235 et
997 2195 1111 2238 summa
1134 2181 1159 2236 in

156 2259 326 2320 excolendis
349 2259 487 2337 operibus
513 2277 613 2318 manus
633 2260 724 2335 magis
746 2259 838 2318 videri
859 2267 958 2337 potest
977 2263 1157 2338 temporibus

156 2362 240 2421 quam
251 2344 324 2420 ipsis
341 2344 480 2402 defuisse.
519 2342 628 2402 Vinium
649 2350 743 2402 tamen
758 2342 837 2401 Attio
853 2342 919 2421 plus
935 2343 1090 2412 tribuitur;
1110 2346 1157 2405 Pa·

154 2430 267 2487 cuvium
287 2427 379 2486 videri
402 2426 577 2499 doctiorem,
602 2428 739 2504 quiesse
762 2425 841 2486 docti
863 2426 1019 2501 affectant,
1046 2430 1156 2488 volunt

112 2511 211 2571 981am
232 2511 336 2569 Varii
360 2509 503 2583 Thyestes
525 2509 643 2568 cuilibet
668 2508 842 2569 Graecarum
862 2513 1027 2588 comparari
1048 2522 1156 2590 potest.

154 2594 276 2653 Ovidii
292 2592 395 2653 Medea
409 2594 522 2653 videtur
533 2593 599 2652 mibi
613 2592 778 2666 ostendere,
797 2602 932 2670 quantum
945 2592 996 2651 ille
1011 2596 1058 2653 vir
1077 2614 1157 2673 prae·

154 2688 232 2738 stare
248 2679 392 2756 potuerit,
415 2679 440 2735 si
462 2678 578 2752 ingenio
597 2694 651 2736 suo
672 2677 816 2754 imperare
831 2695 915 2754 quam
930 2677 1089 2753 indulgere
1104 2697 1157 2739 nna

153 2763 264 2823 luisset.
301 2759 409 2821 Eorum
431 2776 504 2838 quos
523 2758 643 2818 viderim
664 2759 753 2837 longe
774 2761 912 2838 princeps
934 2760 1158 2839 Pomponius

154 2845 362 2920 Secundus,
382 2862 467 2922 quem
485 2861 572 2902 senes
593 2843 707 2920 quidem
727 2861 826 2922 parum
849 2845 991 2919 tragicum
1006 2846 1156 2921 putabant,

111 2930 314 2991 99eruditione
328 2946 364 2988 ao
377 2931 471 2987 nitore
485 2935 636 3006 praestare
652 2925 868 2986 confitebantur.
904 2925 936 2985 In
964 2931 1158 2990 comoedia

155 3013 277 3070 maxime
300 3012 504 3085 claudicamus,
522 3011 589 3069 licet
603 3010 697 3068 Varro
713 3008 834 3085 Musas,
855 3009 934 3068 Aelii
952 3010 1080 3071 Stilonis
1096 3032 1157 3073 seu·

153 3095 259 3169 tentia,
280 3093 419 3155 Plautino
440 3096 516 3154 dicat
529 3112 667 3154 ammone
684 3095 840 3155 locuturos
858 3094 973 3171 scisse,
1001 3094 1158 3168 si,Lutinc

153 3178 236 3255 loqui
260 3178 387 3252 uellent,
415 3178 485 3237 licet
510 3175 711 3257 Caecilium
742 3184 860 3235 veteres
888 3176 1023 3236 laudibus
1052 3179 1155 3253 ierant,

155 3261 226 3321 licet
243 3260 408 3319 Terentii
430 3264 537 3338 scripta
558 3259 593 3319 ad
609 3260 773 3337 Scipionem
789 3259 957 3319 Africanum
971 3261 1155 3328 referentum

155 3361 229 3422 quae
245 3353 340 3402 tamen
359 3353 424 3402 sunt
443 3346 471 3402 in
495 3343 551 3402 hoc
568 3360 677 3418 genere
698 3342 913 3419 elegantissima
934 3351 963 3401 et
978 3344 1048 3420 plus
1065 3346 1156 3407 adbuc

113 3428 300 3492 loobabitura
320 3426 446 3504 gratiae,
471 3429 496 3485 si
521 3430 712 3486 introversus
733 3427 878 3488 trimetros
900 3428 1066 3488 stetissent
1105 3431 1157 3512 Vix
