2434 3925
306 194 396 244 rxsr.
409 195 640 244 unumunurn
653 196 716 263 x11,
731 192 798 248 eo.
974 183 1036 246 259

31 351 287 428 consignationes,
303 351 397 430 ipsum
413 352 538 430 denique
555 349 752 411 adversarium
766 352 906 429 quaedam
918 369 975 413 non
986 372 1036 413 ue

26 445 180 515 guturum.
210 434 340 513 Ideoque
359 452 434 515 opus
450 444 496 495 est
510 436 614 495 intueri
629 452 713 496 omne
732 435 790 495 litis
804 437 1079 505 instrumentum312

28 519 117 600 quod
135 519 237 580 videre
251 535 310 578 nou
325 529 371 580 est
385 521 473 595 satis,
489 518 699 598 perlegendum
717 520 781 579 erit.
814 518 887 580 llam
901 521 1037 599 frequen·

27 606 148 665 tissime
164 612 213 662 aut
226 619 284 662 non
297 613 363 665 sunt
377 605 503 678 omnino,
520 621 595 680 ques
613 603 863 682 promittebantur,
882 614 929 664 aut
945 608 1037 665 minus

29 691 186 757 continent
206 696 255 747 aut
277 706 341 747 cum
368 688 425 748 alio
449 688 546 766 aliquo
573 689 705 747 nocituro
733 690 874 767 permixta
897 698 962 748 sunt
991 699 1039 749 aut

26 774 123 834 nimia
143 780 208 831 sunt
231 780 260 830 et
279 772 366 832 iidem
387 772 445 832 hoc
466 774 532 851 ipso
554 771 738 848 detractura,
766 772 844 851 quod
860 789 919 832 non
932 772 1039 834 habeut

26 857 162 917 modum.
194 854 328 934 Denique
347 857 434 916 linum
450 865 563 936 ruptum
579 864 629 915 aut
643 855 786 916 turbatam
800 874 897 916 ceram
912 866 960 917 aut
975 858 1080 923 siue13

28 942 171 1019 agnitore
191 940 274 1017 signa
294 939 464 1019 frequenter
484 941 630 1009 invenies;
653 958 747 1019 quae,
771 941 825 999 nisi
840 941 917 1001 domi
932 959 1037 1001 excus-

29 1026 132 1099 seris,
154 1024 183 1083 in
198 1024 264 1084 foro
285 1024 430 1102 inopinata
449 1024 615 1104 decipient,
637 1024 761 1103 plusque
783 1025 930 1086 nocebunt
949 1025 1037 1086 desti·

28 1119 97 1169 tuta
115 1126 198 1186 quam
219 1125 277 1168 non
293 1111 435 1187 promissa
450 1110 629 1168 nocuissent.
658 1106 747 1167 llulta
763 1111 848 1168 etiam
858 1153 867 1184 ,
878 1112 965 1189 ‘quae
981 1110 1036 1169 liti·

29 1202 124 1272 gatur
140 1192 209 1251 nihil
229 1192 265 1253 od
281 1210 396 1254 causam
410 1194 558 1272 pertinere
582 1191 755 1268 crediderit,
781 1203 919 1271 patronus
942 1202 1036 1269 eruet,

28 1277 123 1337 modo
138 1294 193 1355 per
210 1294 321 1353 omnes,
338 1294 411 1356 quos
427 1277 605 1351 tradidimus,
627 1286 860 1354 argumentorum
876 1278 960 1339 locos
979 1286 1035 1338 eat.

30 1362 119 1436 Quos
140 1368 171 1420 ut
192 1362 436 1440 circumspectare
456 1363 485 1421 iu
502 1360 616 1437 agendo
633 1370 662 1420 et
677 1369 818 1421 attentare
839 1362 970 1441 singulos
986 1363 1079 1425 nri-14

29 1447 112 1506 nime
130 1445 280 1520 conuenit,
297 1455 419 1524 propter
434 1463 506 1525 quas
522 1445 643 1505 diximus
662 1462 780 1504 causas:
798 1446 837 1506 ita
852 1448 880 1505 in
897 1445 1036 1507 discendo

29 1530 133 1590 rimari
148 1531 345 1589 necessarium
360 1539 421 1605 est,
438 1548 513 1609 quae
527 1545 690 1609 personae,
711 1547 785 1608 quae
800 1538 942 1610 tempora,
962 1548 1036 1609 quae
1094 1548 1101 1560 '

31 1614 122 1687 loca,
144 1614 289 1688 instituta,
309 1615 511 1690 instrumenta,
530 1622 708 1691 ceteraque,
733 1614 888 1691 exquibus
904 1624 1035 1674 nontan·

30 1709 96 1758 tum
111 1695 192 1771 illud,
209 1697 287 1775 quud
303 1707 349 1758 est
364 1698 514 1758 artificiale
530 1698 711 1777 probationis
726 1716 835 1774 genus,
851 1699 951 1777 colligi
968 1715 1036 1777 pos·

29 1783 93 1855 sit,
116 1781 168 1841 sed
184 1783 231 1859 qui
246 1783 516 1863 nerueqdicestes,
539 1782 685 1862 quomodo
700 1783 756 1841 sint
770 1783 935 1844 refellendi.
965 1782 1037 1842 Nam

30 1865 189 1946 plurimum
205 1865 312 1942 refert,
333 1866 438 1927 inuidia
455 1885 523 1927 reus
539 1884 575 1927 an
590 1866 657 1926 odio
677 1883 712 1925 au
727 1875 892 1946 contemptu
911 1866 1036 1941 laboret,

32 1967 160 2030 quorum
178 1949 241 2011 iere
263 1969 332 2029 pars
354 1952 445 2030 prima
463 1953 649 2032 superiores,
670 1952 926 2031 proximapares,
951 1953 1036 2012 tertia

31 2033 206 2096 humiliores
222 2036 335 2114 premit.
366 2037 417 2097 Sic
434 2054 550 2097 causam
565 2045 779 2115 perscrutatus,
796 2037 1078 2116 propositisante15

32 2117 310 2196 oculosomnihus,
337 2138 412 2199 quae
433 2123 545 2200 prosint
560 2129 736 2195 noceantve,
761 2122 874 2181 tertiam
895 2120 1035 2198 deinceps

30 2217 192 2283 personam
213 2203 309 2263 induat
329 2205 448 2280 iudicis,
469 2206 616 2284 fingatque
631 2204 707 2284 apud
722 2222 755 2263 sc
775 2207 822 2280 agi
838 2223 969 2279 causam,
995 2213 1035 2279 et,

32 2286 116 2367 qnod
132 2288 225 2364 ipsum
239 2289 379 2348 movisset
393 2288 431 2349 de
450 2289 550 2350 eadem
566 2308 598 2349 re
614 2290 874 2368 pronuntiatarum,
889 2290 918 2350 id
933 2298 1035 2368 poten·

31 2371 185 2446 tissimum,
204 2372 279 2450 apud
294 2390 493 2451 quemcunque
510 2382 624 2452 agetur,
641 2374 794 2433 existimet.
821 2374 872 2434 Sic
887 2393 952 2434 eum
968 2390 1036 2435 raro

31 2453 121 2516 fellet
138 2464 276 2532 eventus,
294 2466 342 2517 aut
360 2457 446 2536 culpa
460 2458 563 2518 iudicis
576 2459 643 2517 erit.

384 2611 472 2672 QUAE
489 2610 523 2663 IN
540 2609 690 2662 AGENDIS.

122 2714 171 2775 IX.
193 2714 276 2788 Quae
292 2715 348 2773 sint
365 2713 399 2772 iu
417 2714 558 2791 agendo
574 2712 771 2790 servanda,
786 2723 849 2776 toto
865 2714 929 2773 iere
943 2730 1036 2790 opere

35 2801 154 2861 executi
175 2817 287 2866 sumns;
314 2814 406 2877 pauca
426 2806 523 2857 tamen
541 2801 661 2877 propria
680 2798 764 2858 lruius
788 2799 863 2872 loci,
890 2815 963 2874 quae
979 2813 1036 2856 non

33 2895 94 2946 tam
110 2883 224 2944 dicendi
240 2893 302 2943 arte
320 2899 404 2961 quam
419 2882 525 2941 officiis
540 2884 653 2959 agentis
668 2885 865 2952 continentur,
887 2883 1033 2957 attingam.

34 2969 114 3028 Ante
135 2968 246 3042 omniu,
272 2985 326 3043 ne,
349 2964 427 3045 quod
446 2966 597 3044 plerisque
620 2966 739 3041 accidit,
769 2965 806 3025 alr
827 2964 948 3025 utilitate
971 2982 1035 3023 eum

36 3069 143 3113 causae
159 3053 322 3130 praesentis
339 3050 445 3129 cupido
461 3049 553 3110 laudis
570 3050 702 3111 abducat.
734 3050 807 3109 Nam
822 3057 853 3108 ut
866 3048 1064 3125 gerentibust

35 3136 114 3198 bella
136 3152 195 3195 non
214 3151 330 3212 semper
353 3135 499 3196 exercitus
519 3151 574 3212 per
590 3134 676 3213 plana
692 3143 721 3193 et
741 3151 861 3194 amoena
887 3133 1034 3193 ducendus

35 3230 97 3297 est,
113 3218 168 3280 sed
182 3218 306 3278 adeundi
322 3218 492 3297 plerumque
504 3222 601 3297 asperi
618 3218 722 3293 colles,
741 3218 951 3297 expugnandae
966 3218 1035 3279 civi·

34 3314 110 3367 tutes
126 3299 284 3383 quamlibet
299 3304 439 3380 praecisis
457 3304 609 3380 impositae
624 3302 742 3381 mpiltua
758 3312 806 3362 aut
821 3319 941 3380 operum
957 3302 1035 3362 mole

35 3389 190 3451 difficiles:
219 3385 259 3445 itd
284 3387 376 3446 oratio
398 3386 535 3464 gaudebit
550 3386 664 3464 quidem
686 3390 842 3448 occasione
861 3386 965 3446 laetius
985 3385 1034 3444 de·

36 3472 169 3535 currendi
191 3478 222 3530 et
243 3484 339 3548 nequo
362 3486 521 3549 congressu
543 3488 644 3551 campo
665 3480 741 3531 totas
755 3470 1035 3615 vireq7pppulariter
