2434 3925
141 181 200 244 192
468 194 505 241 n
516 193 594 241 aas
606 192 826 252 commum

138 349 277 410 affuturos
300 347 391 408 luisse
413 355 586 426 proponunt
630 346 702 407 Nam
725 355 755 406 et
775 347 855 406 inviti
883 347 994 407 iudices
1019 346 1155 407 andiunt

138 441 368 511 praesumentem
383 441 482 510 partes
498 451 580 508 suas,
603 449 659 490 nec
675 432 732 490 hoc
747 433 854 490 oratori
871 434 1041 507 contingere
1062 433 1154 491 inter

137 517 320 576 adversarios
341 516 419 594 quod
439 516 621 592 Pythagorae
645 517 721 574 inter
735 515 896 592 discipulos
919 523 1033 594 potest:
1065 513 1152 592 Ipse

137 602 225 661 discit.
261 599 321 660 Sed
344 599 418 660 istud
439 603 531 675 magis
552 602 682 659 minusve
702 599 836 658 vitiosum
858 607 903 657 est
923 616 977 677 pro
998 600 1150 675 personis

93 684 300 744 tadicenttum.
337 682 508 743 Delenditur
536 686 609 743 enim
636 682 817 760 aliquatenus
844 691 958 758 aetate,
984 682 1147 757 dignitate,

20 784 25 789 ’
136 770 322 834 auctoritate;
345 786 419 846 quae
436 776 532 827 tamen
546 769 596 827 vix
609 768 639 825 in
652 767 712 825 ullo
727 775 805 827 tanta
820 765 942 841 inerint,
959 774 1063 824 utnon
1085 765 1147 824 hoc
1203 820 1204 835 ἶ

136 852 333 912 affirmationis
345 870 437 928 genus
448 852 664 931 temperandum
679 847 723 909 'sit
735 850 830 928 aliqua
844 850 1045 923 moderatione
1061 851 1147 909 sicut

137 938 246 1010 omnia,
274 938 303 995 in
327 935 430 1014 quihus
457 945 595 1014 patronus
617 942 814 1012 argumentum
838 952 875 992 ex
897 952 930 992 se
952 935 1016 1013 ipso
1040 941 1143 1011 petet.

136 1019 252 1080 Fuisset
265 1020 413 1094 tumidius,
434 1023 459 1078 si
482 1020 682 1099 accipiendum
701 1019 826 1077 criminis
847 1017 915 1077 loco
933 1026 1075 1094 negasset
1095 1016 1144 1076 Ci-
1203 1058 1204 1063 η

137 1122 223 1179 cero,
250 1103 362 1182 Equitis
384 1103 504 1162 Romani
526 1122 593 1163 esse
617 1103 720 1177 lilium,
748 1120 782 1161 se
804 1101 989 1161 defendente.
1025 1101 1065 1165 At
1089 1101 1143 1161 ille

134 1188 206 1248 lecit
221 1186 278 1247 hoc
293 1189 378 1247 etiam
394 1187 555 1249 favorabile
583 1186 786 1262 coniungendo
804 1203 868 1245 oum
885 1185 1026 1245 iudicibus
1043 1185 1142 1261 digni·

134 1281 221 1331 tatem
241 1290 335 1349 suam:
369 1269 490 1350 Equitio
511 1280 612 1333 autem
630 1271 760 1331 Romani
780 1288 848 1331 eoae
865 1270 975 1348 fitium,
996 1272 1143 1330 amancio

98 1374 103 1387 “
134 1359 201 1418 ioco
210 1357 286 1436 poci
300 1357 340 1417 ob
355 1357 598 1431 accusatoribus,
614 1373 711 1435 oeque
724 1355 809 1416 cobis
821 1355 1032 1415 iudicantibus
1044 1371 1140 1431 opor·

135 1442 191 1502 tuit
210 1457 308 1519 neque
328 1440 560 1518 defendentibus
577 1441 673 1503 nobis.

74 1522 127 1587 '29
219 1524 389 1602 lmpndens‚
416 1525 604 1599 tumultuosa,
632 1523 766 1583 iracunda
792 1523 867 1583 actio
897 1520 1027 1581 omnihus
1054 1523 1138 1580 inde·

136 1625 220 1676 cora;
242 1608 296 1667 sed
312 1618 341 1666 ut
356 1611 477 1687 quisque
497 1608 776 1685 aetate‚,dignitate‚
793 1625 844 1665 usu
862 1607 1021 1685 praecedit,
1041 1608 1139 1682 magis

135 1694 163 1751 in
190 1710 225 1752 ea
250 1693 520 1770 reprehendendus.
562 1692 672 1751 Videas
700 1700 794 1751 autem
823 1691 967 1751 rixatores
994 1690 1137 1767 quosdam

134 1795 230 1855 neque
246 1777 370 1836 indicum
389 1779 552 1836 reverentia
573 1794 669 1855 neque
687 1775 791 1852 agendi
812 1793 893 1834 more
911 1793 946 1834 ac
963 1774 1050 1833 modo
1066 1792 1137 1833 con·

135 1862 235 1936 tinem,
263 1878 320 1940 quo
344 1861 468 1940 abipso
493 1864 596 1920 mentis
623 1861 720 1920 habitu
743 1859 925 1918 manifestum
948 1860 1001 1932 sit,
1027 1867 1085 1917 tam
1108 1860 1136 1916 in

93 1953 128 2007 30
136 1945 328 2024 suscipiendis
343 1964 426 2025 quam
442 1947 470 2005 in
487 1946 607 2023 agendis
624 1946 718 2004 causis
734 1943 803 2004 nihil
819 1944 902 2023 pensi
918 1942 1038 2002 hahere.
1064 1941 1134 2003 Pro·

136 2030 193 2090 lert
213 2031 288 2091 enim
309 2049 407 2094 mores
428 2032 597 2110 plerumque
619 2031 711 2089 oratio
735 2038 765 2087 et
782 2030 864 2088 animi
881 2037 996 2087 secreta
1012 2027 1132 2104 detegit.

134 2115 199 2174 Nec
214 2116 276 2175 sine
293 2134 379 2175 causa
392 2114 495 2175 Graeci
510 2115 707 2193 prodiderunt,
729 2112 766 2173 Ut
774 2115 867 2187 oinct,
885 2115 1031 2191 quemque
1044 2114 1133 2172 otiam

136 2200 250 2259 dicere.
286 2199 442 2259 llumiliora
469 2199 517 2258 illa
544 2200 627 2257 vitia:
657 2199 805 2257 summissa
829 2196 970 2272 adulatio,
998 2196 1133 2255 affectata

136 2283 310 2360 scurrilitas,
339 2285 366 2342 in
390 2283 479 2343 rebus
500 2301 535 2342 ac
561 2281 661 2342 verbis
681 2300 780 2361 parum
803 2281 943 2340 modestis
965 2298 1000 2340 ac
1020 2279 1133 2359 pudicis

26 2445 27 2450 ἵ
134 2365 200 2424 vilis
216 2368 324 2444 pudor,
347 2370 375 2426 in
399 2369 474 2427 omni
493 2368 610 2444 negotio
636 2367 771 2443 neglecta
787 2365 955 2431 anctoritas;
978 2382 1053 2441 quae
1069 2363 1133 2423 lere
1202 2386 1204 2396 ¹

135 2450 266 2510 accidunt
281 2453 326 2527 iis,
343 2453 391 2530 qui
406 2454 519 2524 nimium
535 2461 582 2510 aut
596 2450 694 2510 blandi
709 2468 777 2509 esse
793 2460 839 2509 aut
853 2449 967 2508 ridiculi
980 2448 1088 2507 volunt.

92 2544 125 2597 31
216 2535 313 2614 lpsnm
330 2538 415 2595 etiam
434 2537 618 2614 eloquentiae
643 2552 736 2613 genus
754 2533 826 2593 alios
843 2533 920 2592 aliud
935 2534 1031 2593 decet
1060 2531 1131 2591 Nam

135 2636 232 2701 neqne
249 2628 306 2679 tam
328 2620 442 2699 plenum
465 2631 494 2679 et
513 2630 642 2680 erectum
658 2628 687 2678 et
704 2619 797 2678 audax
818 2628 847 2678 et
862 2617 1041 2695 praecultum
1055 2618 1130 2676 seni

45 2712 50 2732 ³
135 2703 200 2764 hus
215 2706 385 2768 convenerit
406 2722 488 2783 quam
516 2723 650 2784 pressum
671 2712 700 2764 et
720 2704 786 2761 mite
808 2712 837 2762 et
859 2702 984 2762 limatum
1000 2711 1031 2761 et
1046 2700 1130 2799 quale

134 2788 258 2866 intelligi
277 2789 339 2849 vult
360 2788 483 2864 Cicero,
510 2807 573 2849 cum
596 2790 681 2864 dicit,
711 2788 871 2848 orationem
892 2805 971 2846 suam
995 2787 1129 2863 coepisse

135 2892 320 2945 coneocem
346 2876 420 2933 sicut
444 2834 574 2932 vdstihus
599 2890 715 2953 quoque
742 2889 800 2931 non
829 2890 955 2950 purpura
981 2886 1129 2947 coccoque

92 2964 127 3017 32
134 2956 313 3035 fulgentibus
334 2958 383 3019 illa
404 2967 484 3018 aetas
499 2960 569 3018 satis
585 2968 652 3036 apta
668 2959 714 3016 sit.
744 2955 777 3015 ln
792 2955 945 3015 iuvenibus
961 2957 1046 3014 etiam
1061 2953 1128 3012 uhe-

135 3042 211 3100 riora
240 3043 327 3121 paulo
354 3052 383 3101 et
406 3061 498 3121 paene
524 3042 717 3121 periclitantia
743 3040 883 3100 feruntur.
919 3039 959 3098 At
982 3040 1010 3098 in
1031 3037 1128 3097 iisdem

135 3126 244 3185 siccum
268 3136 297 3185 et
319 3127 472 3186 sollicitum
498 3136 527 3186 et
542 3135 718 3186 contractum
731 3125 846 3184 dicendi
869 3126 1048 3203 propositum
1068 3121 1127 3199 ple·

134 3227 253 3287 rumque
266 3211 472 3270 affectatione'
464 3229 526 3288 ipsa
541 3212 706 3270 severitatis
717 3210 838 3268 invisum
853 3219 908 3285 est,
921 3208 1034 3287 quando
1047 3207 1127 3265 etiam

134 3309 242 3352 morum
258 3295 357 3353 senilis
373 3296 528 3355 auctoritas
543 3296 689 3354 immatura
703 3295 731 3352 in
746 3293 983 3355 adolescentibus
994 3291 1124 3352 creditur.

80 3377 316 3455 338implioiora
333 3378 471 3438 militares
493 3378 608 3439 decent.
639 3378 853 3456 Philosophiam
875 3396 914 3437 ex
928 3376 1077 3456 professo,
1096 3381 1126 3431 ut

134 3463 248 3540 quidam
272 3462 394 3540 iaciunt,
421 3463 632 3524 ostentantibus
658 3480 758 3541 parum
783 3463 883 3523 decori
910 3471 973 3522 suut
998 3458 1125 3540 plerique
