2434 3925
119 132 178 197 132
436 146 473 193 ιι.
487 145 565 192 aas.
578 141 798 204 commmunia

117 319 200 381 quam
222 301 247 360 si
262 301 355 361 omnia
374 297 464 358 verba
480 308 533 358 suo
550 298 606 357 line
622 298 786 366 cluduntur;
814 305 843 357 et
857 313 1061 375 nonnunquam
1075 298 1118 359 lai·
1209 322 1210 325 ¹

116 387 181 446 ulca
197 386 281 445 etiam
296 384 400 445 decent
415 383 580 462 iaciuntque
596 382 736 461 ampliora
758 380 910 460 quaedam:
933 390 964 441 ut
978 379 1120 444 Pulchro

115 471 249 532 oratione
264 478 344 533 coto.
377 467 447 526 Tum
462 467 568 544 longae
587 484 641 544 per
656 484 689 525 se
707 474 737 525 et
751 466 833 525 velut
853 467 967 543 opimae
981 465 1118 540 syllabae

116 553 223 631 aliquid
236 553 320 612 etiam
328 552 414 612 medii
425 552 564 630 temporis
576 552 649 609 iuter
659 550 796 625 vocales,
816 550 898 628 quasi
910 551 1118 624 intersistatur,

73 645 269 699 aiassumunt.
321 636 384 709 Qua
403 636 440 696 de
465 653 498 695 re
526 644 590 694 utar
620 632 770 694 Ciceronis
799 634 979 711 potissimum
1003 634 1117 694 verbis.

115 721 230 797 Habet,
249 721 356 797 inquit,
377 721 428 782 illc
449 728 595 797 tanquam
609 718 711 780 bintus
732 727 761 780 ct
780 737 949 780 concursus
963 721 1120 781 vocalium

115 807 202 867 molle
218 806 381 883 quiddam,
397 813 426 866 ct
440 807 521 881 quod
532 804 648 864 indicet
661 821 722 865 oon
734 803 889 881 inprotom
901 804 1121 882 recuperatam

115 891 154 951 de
169 909 204 952 re
220 889 348 950 bominac
361 890 459 967 mnqia
473 907 565 968 quom
579 888 620 948 dc
633 888 736 949 verbis
749 884 929 949 loborantis.

199 971 334 1032 Ceterum
346 982 539 1032 consonantes
551 989 684 1050 quoque,
703 989 858 1049 eurumque
869 972 1027 1049 praecipue
1040 989 1119 1048 quae

115 1067 180 1117 sunt
201 1058 384 1135 asperiores,
406 1058 435 1116 in
458 1058 645 1117 commissura
663 1055 819 1115 verborum
835 1057 978 1130 rixantur,
999 1063 1032 1114 ut
1052 1057 1118 1115 siS
1209 1054 1210 1071 ¹

115 1142 212 1202 ultima
234 1159 297 1200 cum
318 1139 345 1200 X
364 1142 494 1219 proxima
516 1140 671 1217 confligat:
691 1156 811 1217 quarum
834 1141 943 1219 tristior
963 1141 1067 1213 etiam,
1091 1141 1118 1197 si

73 1225 198 1285 38binae
215 1224 401 1301 collidantur,
418 1224 523 1285 stridor
538 1234 597 1299 est,
620 1233 651 1283 ut
666 1221 727 1284 Arc
741 1225 921 1285 studiorum.
964 1222 1046 1296 Quae
1063 1223 1120 1282 luit

115 1327 201 1371 causa
223 1318 252 1368 et
272 1309 392 1384 Servio,
414 1318 445 1369 ut
462 1309 537 1384 dixi,
559 1307 771 1369 subtrahendae
787 1309 807 1367 S
823 1307 954 1381 litterae,
979 1308 1119 1385 quotiens

114 1394 212 1453 ultima
235 1401 315 1451 esset
338 1393 452 1471 aliaque
477 1402 655 1453 consonante
675 1393 890 1470 susciperetur:
914 1392 992 1469 quod
1012 1409 1117 1470 repre·

114 1476 213 1537 hendit
226 1476 377 1552 lurauius,
393 1476 520 1537 Messala
535 1476 673 1537 defendit.
706 1475 778 1535 Nam
795 1494 890 1554 neque
904 1475 1040 1535 lucilium
1062 1494 1118 1554 pu·

114 1568 174 1620 tant
196 1560 236 1619 uti
256 1560 357 1620 eadem
372 1561 487 1637 ultima,
510 1580 574 1620 cum
590 1560 659 1621 dicit
678 1558 866 1622 Aeserninus
884 1561 943 1638 suit
957 1567 986 1619 et
1003 1559 1120 1638 aliquus

114 1646 256 1723 locoque,·
281 1652 310 1702 et
326 1642 431 1704 Cicero
453 1648 482 1704 in
497 1644 625 1705 Oratore·
641 1644 740 1722 plures
762 1645 944 1721 antiquorum
965 1643 1049 1703 tradit
1072 1646 1119 1704 sie

73 1736 107 1791 39
116 1728 240 1788 locutos.
282 1727 351 1788 Inde
365 1730 564 1808 belligerare,
578 1730 792 1806 pomeridiano,
807 1738 837 1787 et
847 1728 896 1788 illa
912 1726 1043 1787 Censorii
1060 1725 1117 1787 Ca-

115 1813 190 1872 tonis
204 1811 280 1873 Diee
294 1813 389 1889 buno,
405 1831 500 1892 aeque
514 1811 543 1872 ll
559 1812 655 1873 littera
670 1814 698 1871 in
719 1811 743 1872 ll
757 1813 877 1872 mollita.
920 1811 1002 1885 Quae
1019 1813 1048 1870 in
1064 1830 1117 1870 re·

114 1895 223 1956 teribus
239 1894 320 1955 libris
335 1906 451 1976 reperta
466 1905 576 1956 mutare
593 1898 717 1975 imperiti
729 1896 840 1972 solent,
858 1904 888 1955 et
901 1896 967 1956 dum
982 1894 1117 1955 librario·

72 1991 173 2044 dorum
196 1982 332 2040 insectari
352 1982 452 2042 volunt
471 1983 663 2057 inscientiam,
695 1999 774 2041 suam
797 1980 978 2041 confitentur.
1025 1980 1118 2059 Atqui

115 2064 215 2125 eadem
236 2064 286 2125 illa
306 2065 417 2141 littera,
443 2067 578 2144 quotiens
591 2066 691 2125 ultima
706 2075 750 2125 cst
771 2074 802 2125 et
815 2065 948 2126 vocalem
963 2063 1045 2124 verbi
1067 2083 1118 2123 se·
1157 2109 1159 2114 .

114 2149 228 2228 quentis
243 2150 282 2208 ita
298 2150 453 2227 contingit,
475 2158 506 2210 ut
527 2151 556 2209 in
573 2165 637 2209 eam
650 2150 774 2210 transire
789 2151 898 2228 possit,
915 2151 1027 2209 etiamsi
1042 2151 1118 2208 scri·

114 2231 205 2307 bitur,
224 2240 318 2291 tamen
333 2251 432 2311 parum
446 2235 629 2312 exprimitur,
651 2242 682 2293 ut
699 2230 825 2295 Multum
837 2233 888 2295 ille
909 2242 939 2293 et
962 2231 1119 2305 Ostentum

114 2323 199 2384 ernt,·
220 2316 294 2375 adeo
315 2326 347 2376 ιιι
361 2334 454 2395 paene
472 2317 620 2378 cuiusdam
640 2334 733 2378 novae
752 2318 867 2378 litterae
883 2334 985 2376 sonum
1001 2316 1116 2377 reddat.

114 2397 217 2477 Neque
240 2400 314 2459 enim
336 2402 468 2460 eximitur
489 2401 542 2462 sed
557 2401 730 2462 obscuratur
752 2410 782 2461 et
796 2410 903 2461 tantuna
921 2401 1016 2479 aliqua
1039 2402 1120 2461 inter

71 2482 183 2544 llduas
205 2483 326 2542 vocales
345 2483 425 2544 velut
449 2494 516 2546 nota
540 2494 601 2560 est,
627 2503 663 2545 nc
686 2487 768 2583 ipsae
795 2495 910 2545 coeant.
953 2484 1118 2545 Videndum

114 2568 214 2642 etiam,
233 2584 269 2625 nc
288 2566 419 2642 syllabae
434 2568 516 2628 verbi
532 2570 637 2647 prioris
655 2569 771 2629 ultimae
787 2570 844 2629 sint
865 2570 974 2649 primae
989 2587 1118 2646 sequen·

112 2651 159 2710 tis.
202 2649 234 2712 ld
248 2670 285 2711 ue
302 2653 366 2731 quis
381 2654 511 2730 praecipi
528 2655 662 2728 miretur,
681 2651 816 2713 Ciceroni
835 2655 865 2712 in
886 2654 1018 2733 epistolis
1034 2655 1118 2713 exei-

114 2734 168 2795 dit:
184 2735 248 2798 lies
259 2738 331 2797 nuic
343 2737 462 2798 innisae
474 2738 559 2799 cisne
571 2745 656 2814 sunt,
672 2736 776 2799 Brtde.
820 2737 859 2797 lit
873 2739 902 2797 in
917 2739 1058 2797 carmine:

266 2818 490 2899 Osortonctcm
500 2830 605 2883 natum
619 2840 666 2882 me
682 2819 810 2883 Consule
824 2822 961 2886 Rectum.

72 2908 106 2961 42
113 2900 205 2962 Etiam
216 2904 435 2981 monosyllaba,
450 2907 475 2966 si
490 2905 573 2983 plura
588 2913 673 2981 sunt,
684 2906 759 2966 male
775 2906 1029 2970 continuabuntur.
1046 2907 1122 2982 quia

114 3003 237 3046 necesse
265 2998 311 3048 est
333 2991 505 3067 compositio
526 2990 622 3049 multis
650 2989 787 3049 clausulis
815 2992 933 3050 concisa
959 2988 1119 3049 subsultet.

113 3068 242 3146 Ideoque
264 3074 348 3132 etiam
366 3073 494 3133 brevium
510 3072 668 3132 verborum
688 3091 723 3132 ac
749 3076 892 3133 nominum
910 3074 1024 3134 vitanda
1044 3088 1120 3132 oon·

113 3153 231 3212 tinuatio
244 3164 273 3214 et
288 3172 325 3214 ex
340 3157 456 3218 diverso
473 3167 589 3234 quoque
601 3157 771 3233 longorum,
788 3158 872 3217 client
884 3159 958 3217 enim
973 3156 1121 3235 quandam

114 3236 228 3297 dicendi
249 3240 419 3299 tarditatem.
463 3240 517 3301 llla
539 3258 656 3319 quoque
671 3243 741 3300 vitia
758 3250 823 3301 sunt
845 3242 973 3301 eiusdem
988 3242 1064 3314 loci,
1089 3243 1120 3301 si

115 3321 246 3381 cadentia
258 3321 388 3382 similiter
399 3331 428 3383 et
443 3325 573 3384 similiter
588 3325 748 3385 desinentia
763 3326 910 3386 et'eodem
923 3325 1009 3386 modo
1022 3324 1117 3385 decli-

72 3411 177 3468 sinata
198 3405 287 3465 multa
310 3406 469 3483 iunguntur.
514 3407 558 3468 Ne
578 3408 673 3469 verba<
689 3409 804 3488 quidem
818 3409 916 3469 verbis
933 3418 983 3469 aut
998 3410 1118 3469 nomina
