2434 3925
362 205 799 275 1nsn.oannon.u1n.v1,3.
1015 197 1076 259 277

65 365 121 426 dis
146 370 197 423 aut
211 361 317 421 nostris
338 369 386 420 aut
407 361 508 421 alienis
530 362 764 439 persuasionibus
779 372 827 422 aut
842 364 980 441 dicendo,
1001 367 1078 443 quod

65 450 147 508 lieri
164 464 221 506 non
236 454 342 525 potest.
380 443 483 504 Aliena
504 445 583 504 linxit
604 446 692 521 luha,
715 448 763 524 qui
780 451 927 524 querenti,
952 451 1027 527 quod
1042 449 1120 514 ab90

66 549 162 611 equo
178 548 230 591 suo
247 538 326 589 esset
341 546 494 607 aspersus,
517 528 620 601 Ouid?
640 528 701 605 Tu,
722 532 826 607 inquit,
849 551 896 592 me
911 532 1077 610 Hippocen·

65 627 208 679 taurum
227 616 405 693 putaresne
425 611 457 671 C.
474 611 607 689 Cassius,
625 615 673 692 qui
687 614 767 674 militi
782 616 844 673 sine
859 615 955 692 gladio
976 617 1077 676 decur-

64 701 170 774 renti,
187 697 281 774 Heus,
297 699 464 773 eomntils‘to,
477 716 580 776 pupae
596 699 671 759 bene
686 701 791 773 uteris,
808 700 907 775 inquit.
937 698 974 758 Et
987 700 1077 760 Galba

66 785 113 844 de
133 782 276 861 piscibus,
294 782 341 858 qui
357 798 421 841 cum
432 781 524 859 pridie
542 799 579 840 ex
594 791 677 861 parte
694 783 774 842 adesi
791 785 942 841 etaersati
959 792 1077 860 postera

66 868 127 926 die
156 866 280 944 appositi
305 873 419 940 essent,
446 862 650 941 destinemus,
675 868 730 927 etti
749 867 948 942 subeomant,
976 869 1075 943 inquit.

67 951 211 1010 Tertium
230 949 300 1008 illud
323 946 444 1024 Gieero,
465 957 496 1007 ut
517 949 591 1024 dixi,
616 949 754 1009 adversus
773 948 901 1018 Curium;
924 950 986 1008 lieri
1003 953 1077 1009 enim

38 1063 42 1069 ¹
69 1042 166 1094 certe
181 1049 239 1092 non
253 1041 378 1110 poterat,
395 1041 436 1106 ut,
454 1051 517 1091 eum
532 1032 717 1108 declamaret,
734 1042 815 1092 natus
829 1050 887 1092 non
902 1042 992 1092 esset:
1023 1034 1116 1093 Estttl

69 1127 108 1178 et
138 1117 188 1176 illa
209 1135 246 1175 ex
268 1117 358 1176 ironia
379 1116 473 1191 fictio,
495 1133 551 1192 qua
570 1135 640 1174 usus
664 1125 708 1175 est
724 1114 756 1175 G.
774 1114 892 1176 Caesar.
923 1116 994 1176 Nam
1013 1136 1076 1176 eum

67 1203 167 1262 testis
181 1196 307 1276 diceret,
329 1218 345 1259 a
360 1216 412 1258 reo
434 1201 538 1259 lemine
553 1218 604 1259 sua
620 1200 699 1259 ierro
714 1202 819 1277 petita,
843 1211 872 1260 et
887 1211 966 1261 esset
981 1200 1074 1260 facilis

68 1285 284 1362 reprehensio,
301 1301 352 1342 cur
367 1283 444 1343 illam
459 1285 637 1362 potissimum
652 1293 763 1361 partem
775 1287 906 1363 corporis
922 1285 1075 1344 vulnerare

69 1369 239 1428 voluisset:
263 1365 344 1439 Quid
360 1369 437 1429 emen
449 1368 585 1445 faceret,
600 1369 700 1445 inquit,
716 1387 785 1428 eum
798 1377 831 1430 tu
843 1371 965 1447 paleam
985 1377 1014 1429 et
1030 1369 1074 1430 lo-

68 1455 184 1514 ricem
193 1452 344 1512 haberes?
369 1450 425 1510 Vel
440 1453 546 1528 optima
562 1460 607 1510 est
618 1451 760 1510 simulatio
773 1461 872 1512 eontra
884 1453 1073 1529 simulantem,
1082 1456 1116 1511 92

72 1535 177 1616 qualis
192 1536 241 1595 illa
255 1534 372 1594 Domitii
386 1533 449 1593 Afri
463 1535 531 1594 luit:
556 1534 647 1594 Vetus
667 1534 792 1594 hahebat
806 1545 1022 1610 testamentum,
1045 1546 1074 1595 et

70 1639 155 1681 unus
171 1621 321 1679 examinis
337 1618 563 1693 recentioribus,
592 1636 713 1697 sperans
735 1619 841 1697 aliquid
864 1638 902 1679 ex
917 1622 1074 1680 mutatione
1139 1690 1141 1696 A

70 1704 256 1778 tabularum,
272 1703 374 1762 falsam
389 1702 512 1762 labulam
529 1703 678 1777 intulerat,
699 1704 853 1762 consulens
869 1722 950 1779 eum,
966 1723 1001 1762 an
1016 1706 1072 1781 pri·

71 1788 206 1865 mipilari
225 1789 287 1846 seui
311 1788 366 1846 iam
385 1795 491 1846 testato
512 1804 612 1845 rursus
633 1786 768 1845 suaderet
788 1787 919 1847 ordinare
940 1805 1074 1865 suprema

73 1872 198 1931 iudicia.
234 1869 312 1947 Noli,
329 1872 428 1949 inquit,
444 1872 570 1949 faceres
586 1870 716 1953 offendis
730 1872 822 1931 illum.

165 1954 369 2017 Iucundissima
382 1964 447 2015 suut
460 1964 554 2015 autem
569 1973 607 2013 ex
622 1954 666 2014 his
682 1955 811 2014 omuibus
828 1955 904 2015 lenia
918 1963 964 2029 et,
984 1963 1015 2012 ut
1030 1955 1114 2017 sic93

75 2040 219 2114 dixerim,
240 2038 308 2099 boni
323 2039 477 2099 stomachi:
499 2047 529 2097 ut
544 2038 617 2097 hier
633 2039 708 2098 idem
722 2041 835 2115 ingrato
850 2038 987 2114 litigatori
1004 2055 1071 2096 con·

76 2132 215 2202 spectum
237 2124 298 2182 eius
320 2125 348 2182 iu
368 2124 432 2183 ioro
453 2123 552 2182 vitanti
574 2140 628 2201 per
648 2123 891 2182 nomenclatorem
906 2122 1021 2181 missum
1036 2122 1072 2181 ad

76 2225 157 2282 eum,
172 2202 267 2269 Amas
280 2227 343 2284 me,
357 2209 462 2284 inquit,
478 2208 560 2284 quod
575 2216 603 2267 te
620 2226 680 2268 non
699 2208 785 2267 eidi?
810 2205 847 2266 Et
868 2206 1070 2282 dispensatori,

77 2291 142 2372 qui,
158 2308 222 2350 curn
237 2290 272 2349 ad
286 2290 396 2368 reliqua
412 2307 469 2349 non
483 2290 695 2368 responderet,
716 2289 831 2350 dicebat
847 2288 982 2365 subinde,
1003 2287 1072 2350 Non

77 2375 201 2438 comedi
207 2392 319 2452 penem
334 2382 363 2436 et
376 2390 490 2452 equam
504 2376 588 2436 otto:
614 2373 726 2435 Posses·
744 2375 857 2448 redde,
876 2375 957 2450 quod
968 2374 1069 2434 debes.

78 2460 164 2533 Quae
178 2450 237 2517 ὑπὸ
250 2448 282 2518 τὸ
296 2444 373 2536 ἦθος
385 2466 500 2518 vocant.
536 2457 589 2516 Est
608 2466 707 2534 gratus
728 2459 825 2532 iocus,
848 2458 895 2534 qui
912 2458 1002 2516 minus
1021 2464 1113 2518 ess-94

78 2541 201 2621 probrat
216 2559 299 2619 quam
314 2550 467 2619 potestus
485 2541 559 2600 idem
574 2540 680 2600 dicenti
696 2541 856 2614 candidato,
874 2539 1002 2619 Semper
1014 2541 1069 2601 do·

78 2643 162 2685 mum
176 2634 258 2686 tuem
276 2626 373 2692 colante
391 2643 454 2684 cum
469 2632 570 2701 posset
585 2624 679 2702 palam
692 2642 817 2701 negare,
836 2621 952 2699 Credo,
969 2624 1068 2700 inquit,

80 2715 226 2772 etenum
243 2717 297 2771 est·
331 2707 446 2767 Interim
472 2707 508 2767 de
531 2725 563 2766 se
585 2708 685 2766 dicere
704 2708 853 2768 ridiculum
877 2716 920 2782 et,
940 2707 1017 2784 quod
1042 2708 1069 2764 in

80 2792 167 2851 alium
190 2793 215 2850 si
238 2791 385 2852 absentem
407 2792 565 2865 diceretur,
591 2790 728 2851 urbanum
752 2800 910 2865 nouerat,
939 2791 1070 2866 quoniam
1175 2781 1182 2792 ’

79 2876 138 2953 ipsi
148 2875 241 2953 palam
256 2875 457 2953 exprobratur,
473 2883 571 2933 movet
580 2875 682 2934 risum:
698 2875 784 2953 quale
795 2874 918 2951 Augusti
934 2882 989 2947 est,
1007 2882 1110 2936 cum95

80 2958 118 3018 ab
133 2956 170 3018 eo
188 2960 270 3019 miles
284 2961 384 3019 neseio
403 2958 469 3035 quid
491 2957 621 3035 improbe
642 2968 771 3036 peteret,
794 2967 822 3017 et
841 2958 954 3016 veniret
969 2964 1069 3016 eontra

80 3041 257 3117 Marcianus,
279 3060 364 3121 quem
379 3041 577 3119 suspicabatur
592 3050 622 3100 et
636 3043 728 3120 ipsum
742 3041 849 3118 aliquid
865 3041 968 3099 iniuste
983 3056 1067 3115 roga·

80 3134 187 3186 turum:
207 3124 275 3187 Non
290 3129 404 3205 mepta,
420 3126 525 3203 iuquit,
546 3125 679 3203 sumum,
695 3126 868 3201 commilito,
887 3139 966 3202 quoe
975 3124 1067 3203 petia,

82 3224 172 3287 quam
192 3211 273 3287 quod
287 3209 502 3273 Marcionitae
517 3210 726 3288 mepete'turus
744 3215 798 3269 est.

163 3292 305 3353 Adiuvant
325 3294 512 3354 urbanitatem
536 3304 565 3356 et
583 3310 714 3353 versus
736 3291 885 3351 commode
901 3290 998 3369 positi,
1015 3297 1108 3353 seu96

81 3378 134 3436 toti
147 3384 179 3435 ut
192 3384 266 3451 sunt,
283 3375 375 3454 (quod
391 3378 464 3437 adeo
480 3378 565 3437 iacile
578 3385 633 3451 est,
649 3384 679 3434 ut
695 3374 811 3436 Ovidius
827 3393 865 3435 ex
879 3373 1067 3434 tetrastichon

82 3458 172 3522 llacri
189 3460 313 3521 carmine
328 3460 430 3522 librum
444 3463 472 3521 in
485 3461 577 3522 malos
594 3468 697 3539 poetas
714 3457 930 3537 composuerit)
943 3455 1021 3534 quod
1035 3454 1067 3514 lit
