2434 3925
365 165 814 234 man.0ann0mn1n.x1,a.
1031 154 1093 217 227

65 323 180 384 tentius
193 321 340 383 vibrantes
355 322 452 399 digitis
466 322 625 383 iaculantur
637 330 685 383 aut
698 341 781 384 manu
794 321 905 383 sublata
917 322 1079 384 denuntiant
1142 350 1146 357 ·

66 415 138 483 aut,
165 407 243 485 quod
265 424 319 484 per
339 424 371 466 se
394 407 506 466 interim
526 407 724 485 recipiendum
741 417 801 482 est,
824 407 957 486 quotiens
972 408 1079 486 aliquid

66 492 148 570 ipsis
169 490 293 569 placuit,
316 490 344 549 in
366 507 478 566 ungues
499 492 662 568 eriguntur;
688 490 741 551 sed
761 491 895 550 vitiosum
912 491 939 551 id
960 491 1076 568 faciunt,

66 584 120 635 aut
136 575 241 652 digito,
258 582 390 652 quantum
405 573 556 652 plurimum
573 584 707 652 possunt,
725 584 827 634 erecto
845 584 892 633 aut
907 575 992 634 etiam
1008 575 1077 636 duo·

65 657 144 734 bus,
170 667 218 719 aut
232 667 353 736 utraque
368 675 451 717 manu
466 659 503 719 ad
518 658 633 718 modum
649 658 755 736 aliquid
772 658 942 736 portantium
959 676 1077 738 compo·

65 742 137 802 sita.
169 741 222 801 llis
238 740 381 802 accedunt
402 742 471 802 vitia
490 759 548 802 non
568 751 686 802 naturae
702 742 756 802 sed
775 741 990 820 trepidationis,
1013 761 1077 803 cum
1085 740 1134 797 121

66 843 125 885 cre
152 833 344 886 concurrente
363 825 466 893 rixari;
495 827 520 885 si
546 826 684 886 memoria
706 826 848 885 fefellerit
870 835 917 885 aut
938 827 1075 903 cogitatio

65 926 129 969 non
144 909 328 986 suffragetur,
346 909 428 987 quasi
442 908 574 970 faucibus
589 908 696 987 aliquid
711 909 864 988 obstiterit,
882 910 1030 978 insonare;
1047 910 1076 970 iu
1138 908 1141 913 ’

65 993 225 1053 adversum
249 1001 368 1070 tergere
394 1011 496 1070 nares,
524 992 711 1055 obambulare
733 1011 867 1054 sermone
891 993 1074 1071 imperfecto,

65 1078 212 1137 resistere
229 1075 323 1137 subito
342 1085 371 1135 et
386 1077 500 1138 laudern
515 1077 632 1137 silentio
647 1093 787 1155 poscerc;
811 1095 884 1156 quae
901 1078 994 1137 omnia
1008 1095 1075 1155 per·

66 1161 156 1239 sequi
172 1177 266 1239 prope
282 1160 417 1241 inlinitum
433 1171 487 1222 cst.
512 1162 569 1221 Sua
583 1162 658 1220 enirn
674 1162 777 1241 cuique
793 1171 857 1220 sunt
872 1162 949 1220 vitia.
971 1159 1133 1220 retrusum

66 1264 105 1305 ac
120 1254 224 1304 venter
239 1263 277 1304 ne
293 1245 489 1322 proiiciantur,
504 1245 730 1313 observandum
747 1244 869 1324 pandant
885 1245 961 1304 enirn
977 1253 1075 1322 poste·

66 1330 165 1404 riora,
189 1337 219 1388 et
241 1337 286 1387 est
307 1327 407 1388 odiosa
422 1330 515 1388 omnis
531 1330 682 1407 supinitas.
710 1328 814 1391 Latera
830 1347 893 1388 cum
908 1337 992 1406 gestu
1008 1345 1075 1388 con·
1180 1328 1182 1331 ’

67 1413 202 1472 sentiant.
231 1410 314 1472 Facit
329 1412 405 1471 enirn
419 1413 526 1491 aliquid
543 1421 572 1472 et
586 1412 673 1473 totius
689 1414 821 1492 corporis
837 1421 941 1488 motus,
957 1411 1032 1472 adeo
1046 1422 1076 1472 ut

68 1493 177 1556 Cicero
192 1494 257 1574 plus
273 1494 324 1555 illo
341 1496 388 1573 agi
403 1514 487 1575 quarn
502 1496 632 1557 manibus
653 1497 725 1575 ipsis
739 1504 829 1576 putet.
859 1497 902 1556 lta
918 1497 992 1557 eninr
1008 1495 1076 1556 dicit

66 1580 98 1638 in
116 1577 254 1640 Oratore:
272 1575 386 1642 Nattae
405 1581 549 1660 argutiae
572 1582 751 1659 digitorum,
773 1600 834 1644 oca
855 1581 900 1642 cd
918 1599 1075 1642 numerum

65 1663 222 1726 articttlus
242 1664 375 1737 eadm,
397 1672 507 1727 trunco
529 1668 629 1744 mepte
649 1673 709 1727 toto
729 1667 849 1744 seipse
869 1664 1035 1727 modernae
1047 1672 1076 1725 ct

65 1748 152 1809 cirili
164 1748 295 1809 laterum
309 1744 450 1826 flexione.
481 1746 587 1809 Femur
605 1749 712 1824 ferire,
737 1749 814 1828 quod
830 1748 951 1808 Athenis
967 1750 1134 1826 primusltt

65 1831 178 1892 iecisse
193 1831 322 1892 creditur
340 1829 449 1909 cleon,
472 1841 502 1893 et
524 1833 657 1893 usitatum
680 1841 725 1892 est
745 1841 774 1892 et
790 1833 972 1910 indignantes
987 1832 1075 1892 decet

67 1925 100 1976 et
114 1916 221 1977 excitat
235 1915 403 1977 auditorem.
429 1916 521 1997 ldque
537 1917 565 1977 in
580 1914 693 1980 Calidio
706 1913 812 1978 Cicero
828 1915 991 1985 desiderat;
1006 1912 1075 1980 Noc

63 2001 165 2081 frosm,
181 2000 285 2080 inquit,
299 2018 466 2079 percauta,
483 2021 544 2064 noc
556 2002 667 2082 femor.
700 2000 883 2080 Quanquam,
900 1999 1020 2077 silicet,
1037 2000 1073 2059 de

65 2086 164 2146 fronte
179 2084 329 2146 dissentio.
359 2082 431 2146 Nam
447 2087 532 2146 etiam
549 2086 738 2164 complodere
753 2104 852 2145 manus
868 2084 1014 2144 scenicum
1029 2090 1075 2144 est

67 2178 100 2229 et
119 2177 220 2247 pectus
244 2167 380 2228 caedere.
410 2168 484 2230 lllud
505 2186 621 2249 quoque
643 2185 710 2230 raro
734 2168 867 2245 decebit,
896 2185 967 2228 cava
989 2167 1132 2226 manultd

67 2253 182 2313 summis
200 2252 296 2329 digitis
312 2260 415 2330 pectus
431 2263 584 2332 appetere,
604 2255 629 2313 si
646 2253 760 2332 quando
775 2261 889 2313 nosmet
904 2253 986 2330 ipsos
1001 2251 1073 2311 allo,-

67 2338 188 2415 quimur,
205 2335 400 2413 cohortantes,
416 2336 615 2414 obiurgantes,
631 2339 816 2405 miserantem
833 2336 909 2414 quod
922 2335 1073 2414 siquando

67 2421 127 2496 bet,
145 2429 242 2497 togam
257 2437 373 2499 quoque
389 2421 455 2481 inde
470 2422 688 2483 removerinon
702 2419 867 2482 dedecebit.
897 2418 931 2479 ln
949 2419 1073 2498 pedibus

69 2503 261 2566 observantur
284 2513 374 2565 status
395 2515 425 2565 et
440 2505 583 2565 incessus.
613 2505 731 2566 Prolato
747 2506 849 2566 dextro
866 2513 944 2564 stare
961 2512 990 2563 et
1005 2521 1072 2562 ean-

69 2587 133 2648 dem
153 2606 266 2650 manum
288 2605 323 2648 ac
345 2589 451 2666 pedem
471 2590 622 2667 prolerre,
647 2590 779 2650 delorme
803 2597 859 2648 est.
885 2587 927 2646 ¹lu
942 2587 1130 2647 dextrum125

69 2671 233 2733 incumbere
250 2672 363 2731 interim
378 2673 461 2733 datur
476 2673 528 2734 sed
544 2690 637 2752 aequo
654 2682 793 2752 pectore,
810 2672 859 2751 qui
874 2681 970 2731 tamen
985 2670 1072 2729 comi·

71 2774 120 2816 cus
134 2756 224 2832 magis
240 2774 322 2834 quam
338 2758 480 2817 oratorius
495 2766 596 2833 gestus
612 2766 667 2817 est.
692 2755 769 2818 blale
785 2759 871 2816 etiam
885 2755 914 2813 in
929 2754 1073 2812 sinistrum

71 2838 171 2918 pedem
188 2840 376 2901 insistentium
394 2840 499 2900 deuter
513 2850 561 2900 aut
575 2841 687 2900 tollitur
701 2850 749 2900 aut
765 2840 881 2899 summis
897 2837 994 2914 digitis
1009 2854 1071 2895 sus·

69 2921 208 3002 penditur.
239 2922 381 2985 Varicare
404 2923 627 3003 supramodum
650 2925 730 2988 etin
753 2922 854 2983 stando
878 2921 1010 2981 delorme
1027 2927 1072 2980 est

69 3016 108 3083 ct,
124 3006 284 3066 accedente
302 3017 396 3084 motu,
419 3025 513 3087 prope
538 3007 707 3068 obscenum.
738 3005 892 3066 Procursio
908 3013 1070 3083 opportuna
1078 3015 1129 3071 126

68 3090 176 3165 brevis,
192 3089 358 3167 moderata,
373 3109 448 3152 rara.
481 3088 743 3152 converteretur]
759 3086 912 3149 ambulatio
929 3087 1070 3166 quaedam

67 3183 189 3256 propter
203 3173 370 3235 immodicas
386 3175 578 3237 laudationum
592 3193 705 3250 moras,
726 3190 885 3253 quanquam
903 3168 1010 3232 (licere
1025 3190 1070 3232 ra·

66 3277 128 3320 rum
143 3257 290 3316 incessum
304 3274 400 3337 neque
414 3261 453 3321 ita
474 3259 591 3337 longum
607 3256 722 3337 probat.
752 3257 923 3318 Discursare
941 3273 1014 3316 vero
1030 3262 1069 3331 et,

69 3341 146 3424 quod
162 3339 304 3401 Domitius
319 3341 392 3402 Ater
407 3344 444 3405 de
460 3344 532 3404 Sura
547 3342 646 3403 tullio
661 3342 741 3418 dixit,
757 3350 910 3419 catcpcrc,
925 3339 1070 3417 ineptissi-

70 3445 156 3527 mum;
182 3423 351 3507 urbaneque
373 3424 478 3488 Flavus
497 3426 653 3505 Verginius
675 3424 922 3569 interrogavit15dp
944 3422 1071 3526 quodam
