2434 3925
57 262 62 269 ,
165 183 225 244 150
476 192 838 255 nt.FAB.QU1NT1L1AN1

162 351 234 413 Nam
249 351 408 429 scriptores
420 346 533 429 quidem
544 345 701 406 iambomm
712 347 879 425 veterisque
894 347 1065 407 comoediae
1078 348 1172 409 etiam

161 435 263 495 inillis
280 451 330 492 sae
353 431 548 499 claudentur3
570 430 623 489 sed
645 430 728 489 nobis
751 439 878 489 nostrum
900 448 973 510 opus
993 432 1104 491 intueri
1125 442 1171 492 sat

162 528 217 579 est.
264 515 316 576 Om
338 518 363 576 ia
382 514 488 590 verba,
509 515 641 591 exceptis
668 510 704 574 de
732 513 834 592 quibus
862 515 936 591 dixi,
962 523 1026 574 sunt
1055 515 1169 575 alicubi

162 604 284 681 optima;
301 617 365 660 nam
383 607 411 658 et
426 596 577 656 humilibus
593 599 705 656 interim
722 605 751 656 et
761 597 927 673 vulgaribus
939 615 1025 677 opus,
1041 608 1074 658 et
1090 618 1166 677 quae
1211 610 1212 625 ¹

161 686 294 746 nitidiore
315 686 343 743 in
364 691 446 761 parte
462 681 594 740 videntur
613 681 746 756 sordida,
768 679 817 739 ubi
836 700 885 741 res
905 684 1016 759 poscit,
1039 684 1165 762 proprie

120 766 300 833 lodicuutur.
336 766 415 826 llaec
436 773 466 823 ut
485 766 609 824 sciemus
627 772 713 844 atque
729 781 829 824 eorum
849 782 906 825 non
921 765 1164 842 significationem

161 853 248 913 modo
264 849 316 910 sed
331 850 437 910 iormas
455 849 540 906 etiam
552 865 759 925 mensurasque
776 849 918 925 norimus,
933 858 980 924 ut,
995 849 1163 928 ubicunque

163 944 246 997 erunt
260 935 371 1013 posita,
388 932 575 1006 conveniant,
590 933 644 990 nisi
660 931 748 991 multa
764 931 890 992 lectione
910 940 995 1010 atque
1013 934 1162 994 auditione
1198 932 1213 959 ²

162 1019 280 1097 assequi
296 1017 375 1077 nullo
390 1016 476 1075 modo
491 1032 655 1094 possumus,
670 1033 733 1075 cum
746 1031 858 1076 omnem
870 1034 1030 1075 sermonem
1042 1017 1161 1077 auribus

164 1105 284 1183 primum
303 1101 487 1178 accipiamus.
517 1098 640 1177 Propter
651 1099 729 1177 quod
742 1098 892 1159 iniantesa
907 1102 990 1159 mutis
1001 1101 1161 1160 nutricibus

163 1189 242 1247 iussu
263 1202 364 1262 regum
384 1185 413 1241 in
431 1181 586 1242 solitudine
607 1183 738 1258 educati,
764 1184 875 1243 etiamsi
901 1183 990 1243 verba
1019 1184 1160 1261 quaedam

123 1281 155 1335 11
164 1272 294 1330 emisisse
310 1266 473 1341 traduntur,
490 1275 584 1325 tamen
599 1266 736 1344 loquendi
750 1266 888 1327 facultate
905 1268 1059 1327 caruerint.
1093 1269 1161 1328 Sunt

164 1362 259 1423 autem
273 1351 328 1411 alia
342 1350 425 1410 buius
442 1358 570 1426 naturae,
587 1359 619 1410 ut
632 1350 707 1410 idem
722 1349 850 1428 pluribus
865 1350 987 1410 vocibus
998 1350 1160 1425 declarent,

164 1440 204 1497 ito
217 1445 248 1495 ιιι
263 1434 332 1494 nibil
347 1433 572 1510 significationis,
590 1450 648 1512 quo
663 1434 759 1512 potius
774 1435 873 1510 utaris,
890 1435 1012 1508 intersit,
1029 1443 1062 1493 ut
1082 1437 1161 1497 ensis

164 1529 194 1580 et
206 1520 349 1598 alodium·
370 1517 425 1577 alia
440 1533 528 1592 vero,
550 1534 625 1595 quae
640 1518 750 1579 etiamsi
764 1518 881 1596 propria
892 1535 987 1576 rerum
1002 1516 1161 1597 aliquarum

165 1605 221 1662 sint
238 1603 368 1676 nomina,
385 1603 528 1679 τροπικῶς
550 1601 657 1680 [quasi]
679 1609 773 1661 tamen
794 1601 829 1660 ad
848 1601 968 1660 eundem
982 1599 1161 1662 intellectum

122 1687 304 1762 Inserantur,
319 1693 350 1743 ut
362 1685 481 1763 ferrum
499 1692 529 1743 et
542 1703 657 1746 macro.
690 1683 762 1744 Nam
776 1702 831 1762 per
847 1683 1014 1744 abusionem
1027 1687 1162 1747 sicarios

164 1772 249 1831 etiam
264 1786 363 1829 omnes
383 1785 536 1843 vocamus,
558 1769 606 1846 qui
628 1768 746 1828 caedem
765 1768 826 1828 telo
849 1785 1022 1847 quocunque
1044 1771 1160 1829 commi·

163 1856 262 1914 serint.
291 1852 356 1912 Alia
374 1853 493 1911 circuitu
504 1850 659 1911 verborum
670 1852 792 1931 plurium
810 1851 995 1927 ostendimus,
1014 1852 1104 1930 quale
1119 1861 1161 1913 est

163 1936 203 2000 m
216 1938 318 2018 pressi
335 1938 425 2015 copia
443 1937 542 1998 lactis
579 1935 702 1997 Plurima
721 1952 793 1996 vero
816 1937 972 1996 mutatione
987 1935 1159 2013 figuramus:

136 2075 137 2078 ,
163 2022 253 2098 Seio,
278 2018 346 2082 Noa
359 2022 464 2099 ipocro
480 2029 509 2079 et
528 2017 596 2080 Noa
611 2039 658 2081 me
671 2020 751 2100 sopit
764 2028 794 2079 et
807 2017 875 2081 Neo
889 2039 937 2081 me
957 2024 1114 2098 praeterit
1133 2030 1159 2080 et

122 2118 157 2173 13
165 2105 240 2180 Quis
254 2106 370 2166 nescit?
387 2113 417 2164 et
431 2101 551 2165 Nemini
565 2103 691 2165 dubiosa
706 2111 758 2166 est.
790 2104 849 2164 Sed
872 2104 955 2165 etiam
973 2122 1011 2163 ex
1027 2107 1157 2181 proximo

161 2190 282 2250 mutuari
303 2188 382 2248 libet.
425 2186 497 2248 Nam
522 2196 551 2248 et
576 2188 708 2265 intelliqo
734 2196 764 2246 et
786 2190 882 2251 seatio
909 2196 939 2247 et
959 2188 1049 2248 oideo
1071 2206 1159 2266 saepe

161 2271 236 2332 idem
251 2273 348 2332 valent
363 2271 440 2349 quod
456 2273 529 2334 seio.
570 2270 698 2344 Quorum
719 2271 802 2331 nobis
819 2272 980 2331 ubertatem
994 2288 1029 2330 ac
1047 2271 1157 2331 divitias

161 2354 239 2416 dabit
254 2355 354 2430 lectio,
368 2365 399 2414 ut
415 2372 472 2414 non
488 2355 581 2415 solum
596 2354 740 2433 quomodo
754 2364 909 2415 occurrent
923 2354 975 2414 sed
990 2356 1078 2414 etiam
1091 2372 1158 2434 quo·

120 2439 244 2521 ldmodo
261 2447 378 2516 oportet
393 2448 512 2498 utamur.
549 2437 615 2498 Non
632 2457 748 2516 semper
764 2440 838 2497 enim
858 2438 932 2498 baec
947 2440 1021 2497 inter
1036 2456 1071 2497 se
1087 2440 1158 2500 idem

162 2523 287 2591 iaciunt3
305 2539 361 2581 nec
377 2522 451 2581 sicut
465 2521 502 2581 de
516 2522 666 2582 intellectu
682 2523 765 2582 animi
780 2531 861 2581 recte
877 2522 996 2582 dixerim
1014 2523 1107 2583 video
1123 2524 1157 2581 ita

161 2608 198 2668 de
213 2606 277 2666 risu
293 2605 444 2672 oculorum
458 2607 602 2684 intelliqo,
618 2624 673 2665 uec
687 2614 718 2665 ut
732 2624 837 2667 mucro
849 2605 975 2682 gladium
989 2605 1032 2664 sic
1046 2622 1157 2665 mucro·

120 2702 226 2754 ionem
247 2690 372 2768 elodiae
393 2688 527 2748 ostendit.
567 2689 627 2749 Sed
650 2698 681 2748 ut
695 2691 780 2768 copia
798 2689 953 2748 verborum
968 2689 1011 2747 sic
1026 2699 1156 2766 paratur.

163 2777 203 2835 its
217 2791 275 2833 non
289 2771 443 2832 verborum
457 2781 565 2832 tentum
579 2775 673 2849 gratia
688 2773 841 2849 legendum
855 2773 904 2832 vel
919 2772 1090 2831 audiendum
1106 2781 1157 2832 est.

162 2858 234 2918 Nam
255 2859 393 2932 omnium,
418 2873 607 2935 quaecunque
623 2857 777 2931 docemus,
799 2856 856 2916 hoo
878 2864 943 2915 sunt
958 2854 1094 2933 exempla
1108 2872 1156 2934 po·

163 2944 287 3001 tentiora
300 2942 385 3001 etiam
399 2941 470 3018 ipsis
486 2958 561 3018 quae
576 2940 724 3000 traduntur
739 2940 862 3015 artibus,
879 2957 942 2999 cum
959 2955 994 2998 eo
1012 2940 1061 3016 qui
1077 2939 1158 2999 discit

164 3025 320 3104 perductus
335 3033 397 3098 est,
419 3033 450 3083 ut
468 3024 635 3100 intelligere
658 3041 693 3083 ea
714 3025 776 3082 sine
800 3019 1013 3083 demonstrante
1033 3031 1062 3081 et
1078 3023 1157 3100 sequi

163 3109 219 3168 iam
234 3111 294 3206 suis
307 3107 416 3166 viribus
432 3109 540 3186 possit,
565 3108 648 3186 quie,
669 3124 744 3186 quae
758 3107 862 3167 doctor
876 3108 1044 3186 praecepit,
1062 3115 1158 3165 orator

122 3191 310 3339 Idomeni‘lltia
325 3291 396 3334 vero
414 3274 579 3349 audientes,
595 3273 652 3333 alia
667 3272 802 3350 legentes
819 3274 911 3349 magis
927 3273 1069 3332 adiuvant.
1102 3271 1156 3334 Ex·

164 3359 233 3418 citat
249 3358 297 3436 qui
314 3356 383 3416 dicit
402 3359 503 3435 spiritu
516 3358 598 3435 ipso,
623 3374 679 3416 nec
692 3357 816 3434 imagine
832 3365 861 3416 et
876 3356 981 3416 ambitu
996 3373 1092 3415 rerum
1107 3355 1155 3416 sed

163 3440 251 3503 rebus
264 3439 400 3500 incendit.
436 3439 542 3499 Vivant
557 3441 650 3501 omnia
662 3442 737 3500 enim
758 3449 788 3500 et
801 3449 968 3517 moventur,
987 3439 1154 3518 excipimus·
