2434 3925
343 213 431 262 mou.
449 213 597 263 osunen.
615 214 684 262 ura.
703 215 758 280 m,
773 214 797 265 1.
983 218 994 283 j
1012 203 1072 265 251

28 376 33 415 l
83 377 167 430 sator
187 365 292 427 babeat
313 365 443 426 omnibus
465 368 503 426 ita
524 366 662 427 defensis.
705 366 759 428 Illa
777 384 849 428 vero
864 367 1105 446 iucundissimas

84 454 111 512 si
127 453 277 527 contingat
290 450 405 529 aliquod
421 469 458 510 ex
473 451 640 511 adversario
658 450 766 510 ducere
781 462 987 528 argumentum,
1004 462 1034 512 ut
1049 455 1074 511 si
1156 468 1157 473 ¹

82 535 184 596 dieas:
206 534 338 611 Reliquit
352 535 432 595 bono
444 543 565 612 partem
585 552 718 610 causae,
740 543 788 593 aut
802 536 920 597 incidie
933 555 1075 614 premere

82 619 209 694 maluit,
233 627 281 677 aut
305 618 351 678 ad
372 637 484 696 preces
505 619 639 697 eonptpit
657 619 778 693 metito,
802 637 870 679 curu
889 623 982 680 sciret
997 621 1075 681 boec

82 710 114 763 et
129 702 215 765 baec.
259 701 317 761 Sed
332 718 389 760 non
407 710 472 760 sunt
491 702 623 779 singulae
643 703 760 779 speeies
780 703 1015 781 persequendae,
1036 716 1101 768 net

83 785 151 845 sola
167 784 332 860 rideantur,
357 803 430 863 quae
444 784 521 845 forte
536 803 610 844 nuuc
632 785 749 861 dixero,
770 803 834 845 cum
857 788 1028 846 occasiones
1044 796 1075 848 et

83 886 125 928 ex
148 869 244 927 causis
265 876 294 926 et
319 887 355 927 ex
378 868 461 928 dictis
474 868 704 931 adversariorum
725 877 755 928 et
774 886 812 928 ex
833 868 999 947 quibusdam
1013 870 1072 930 ior·

82 952 164 1011 tuitis
190 968 305 1028 quoque
335 953 470 1011 oriantur.
519 951 582 1011 Nec
608 951 761 1012 referenda
788 953 873 1012 modo
898 962 996 1011 nostra
1020 952 1072 1012 sed
1150 1014 1154 1029 l

82 1035 286 1113 postulandum
298 1037 382 1094 etiam
394 1034 429 1094 ab
441 1034 626 1111 adversariis,
636 1044 666 1095 ut
678 1035 712 1095 ad
720 1034 858 1113 quaedam
869 1035 1071 1115 respondeant.

82 1117 118 1179 Id
133 1128 245 1193 autem,
258 1120 282 1176 si
299 1128 327 1177 et
341 1119 462 1178 actionis
473 1120 618 1197 supererit
634 1119 716 1179 locus
728 1127 757 1178 et
772 1136 807 1178 ea
822 1122 1099 1197 proposuerimus‚6

13 1198 15 1237 s
84 1221 161 1281 quae
180 1202 277 1262 refelli
298 1219 354 1261 non
375 1202 496 1279 possint.
540 1202 613 1262 Nam
633 1218 810 1281 provocare,
833 1220 907 1281 quac
928 1203 994 1262 inde
1016 1204 1072 1263 sint

84 1287 188 1361 fortia,
215 1303 272 1344 nou
294 1288 439 1362 arguentis
464 1294 509 1344 est
527 1286 581 1345 sed
602 1287 753 1345 mouentis.
803 1285 939 1346 Idunum
963 1286 1099 1365 epilogii

83 1388 178 1447 genus
204 1371 296 1428 visum
322 1378 367 1428 est
391 1369 540 1447 plerisque
564 1368 725 1428 Atticorum
752 1378 782 1429 et
807 1369 989 1449 philosophis
1007 1370 1071 1429 iere

9 1514 10 1523 ,
84 1451 283 1530 omnibns3qui
295 1450 331 1510 dc
343 1460 405 1512 arte
420 1454 545 1512 oratoria
561 1455 698 1530 scriptum
707 1453 814 1531 aliquid
828 1454 1015 1532 reliquerunt.
1038 1452 1071 1515 Id

84 1537 216 1597 sensisse
229 1535 342 1595 Atticos
362 1534 466 1610 eredo,
482 1536 546 1614 quia
566 1534 688 1595 Athenis
708 1537 829 1596 affectus
847 1553 965 1596 movere
986 1537 1071 1597 etiam

83 1638 140 1700 per
163 1634 337 1698 praeconem
367 1618 573 1698 prohibebatur
599 1628 706 1678 orator.
755 1619 948 1698 Philosophus
979 1621 1071 1679 miuus

83 1704 190 1779 miror,
206 1704 281 1781 apud
304 1718 376 1780 quos
396 1700 456 1762 vitii
477 1702 544 1761 loco
567 1711 613 1761 est
634 1702 725 1769 allici3
746 1720 803 1762 uec
821 1701 889 1762 boni
911 1720 1007 1762 mores
1020 1706 1069 1763 fvi·

84 1787 203 1862 deutur,
227 1788 299 1845 sica
319 1802 390 1844 vero
412 1785 534 1845 iudicem
549 1786 656 1860 auerti,
671 1803 726 1844 nec
744 1788 899 1845 convenire
916 1786 992 1845 bono
1007 1787 1069 1845 viro

82 1871 161 1931 vitiis
175 1870 225 1928 uti.
268 1867 459 1928 Necessarios
480 1877 574 1928 tamen
594 1867 716 1927 affectus
735 1867 913 1942 fatebuntur,
936 1870 960 1927 si
987 1869 1070 1927 aliter

83 1952 209 2014 obtineri
222 1971 292 2012 vera
314 1961 343 2013 et
357 1954 430 2013 iusta
447 1960 476 2011 et
490 1953 518 2011 in
533 1969 681 2012 commune
703 1950 851 2050 prpiutura
873 1969 930 2011 nou
947 1953 1068 2030 possint.

85 2036 222 2098 Ceterum
242 2036 312 2095 illud
332 2037 457 2096 constitit
476 2037 550 2095 inter
570 2053 687 2111 omnes,
708 2037 792 2095 etiam
811 2036 839 2094 in
860 2035 923 2096 aliis
943 2035 1098 2112 partibustl
1173 2075 1175 2080 -

82 2121 223 2195 actionis,
247 2123 271 2179 si
293 2119 443 2219 multiplex
462 2136 548 2178 causa
569 2120 606 2177 sit
627 2127 656 2178 et
675 2118 804 2197 pluribus
825 2121 998 2195 argumentis
1020 2118 1069 2178 de·

82 2205 184 2279 seusa,
202 2203 309 2263 utiliter
326 2196 582 2279 ἀνακεφαλαίωσιν
604 2202 667 2261 lieri
687 2202 799 2269 solere;
823 2203 908 2263 sicut
916 2218 999 2262 nemo
1019 2202 1068 2266 du·

82 2287 218 2348 bitaverit
232 2286 334 2346 multas
350 2304 416 2345 esse
439 2304 557 2361 causas,
572 2287 599 2344 iu
616 2284 717 2363 quibus
733 2285 813 2345 nullo
828 2285 895 2345 loco
916 2286 953 2345 sit
967 2304 1068 2346 neces·

81 2372 177 2446 saria,
197 2388 223 2428 sl
215 2370 339 2429 breves
355 2379 384 2429 et
396 2368 540 2447 simplices
556 2365 669 2428 fuerint.
702 2367 781 2428 Haec
796 2386 863 2447 pars
878 2371 1076 2448 perorationis

83 2455 248 2514 accusatori
268 2462 448 2532 patronoque
463 2469 607 2530 exaequo
624 2453 779 2514 communis
794 2462 848 2512 est.

167 2535 385 2596 dilectibus
409 2553 525 2614 quoque
551 2536 653 2596 iisdem
679 2535 742 2594 fere
763 2544 893 2610 utuntur,
922 2536 976 2596 sed
1004 2537 1096 2601 aliiso

82 2620 132 2681 bic
153 2629 240 2698 atquc
260 2620 310 2679 ille
332 2620 447 2697 saepius
460 2637 494 2679 ac
509 2619 617 2695 magis,
633 2637 696 2678 nam
712 2619 779 2679 buie
791 2620 936 2680 concitare
946 2620 1067 2694 iudices,

82 2704 127 2763 illi
147 2703 268 2763 {lectore
294 2704 437 2762 convenit.
480 2702 588 2761 Verum
614 2710 643 2760 et
670 2711 821 2762 accusator
845 2702 933 2762 babet
958 2702 1069 2762 interim

83 2787 217 2847 lacrimas
233 2804 270 2846 ex
289 2786 473 2845 miseratione
499 2786 561 2844 eius
579 2786 637 2859 rei,
658 2802 742 2862 mam
763 2785 924 2853 ulciscitur;
949 2794 978 2844 et
1000 2802 1068 2845 reus

83 2870 122 2929 de
142 2869 307 2946 indignitate
330 2869 488 2928 calumniae
507 2869 726 2946 conspirationis
741 2869 936 2927 vehementius
957 2868 1069 2927 iuterim

84 2955 221 3032 queritur.
265 2952 402 3012 Dividere
417 2953 502 3028 igitur
512 2951 585 3010 hacc
600 2950 697 3012 officia
712 2951 978 3026 commodissimum,
994 2968 1068 3028 quae

83 3037 254 3116 plerumque
269 3044 349 3111 sunt,
368 3045 399 3095 ut
414 3035 487 3110 dixi,
508 3036 658 3113 prooemio
672 3034 773 3094 similia
788 3033 841 3093 sed
856 3033 990 3094 liberiora
1006 3033 1067 3112 ple·

82 3122 233 3198 moraque.
275 3119 424 3179 Inclinatio
441 3119 514 3178 euim
531 3118 653 3178 iudicum
669 3118 703 3177 ad
717 3134 770 3176 uos
785 3118 891 3195 petitur
905 3119 984 3192 initio
1003 3118 1109 3196 par-lo
1195 3191 1196 3198 ἵ

84 3204 162 3280 cius,
175 3222 239 3263 cum
252 3202 359 3263 admitti
376 3204 445 3262 satis
458 3210 503 3261 est
516 3211 545 3260 et
560 3202 652 3263 oratio
668 3209 727 3259 tota
742 3210 890 3277 superest;
910 3202 939 3260 iu
949 3202 1066 3299 epilogo

83 3296 234 3363 teroem,
257 3286 371 3364 qualem
389 3288 508 3345 animum
529 3284 645 3344 iudex
636 3303 665 3343 nn
685 3284 833 3343 consilium
854 3284 944 3359 ierat,
968 3293 997 3343 et
1013 3285 1067 3343 iam

83 3371 155 3432 nibil
174 3369 295 3449 amplius
317 3369 419 3430 dicturi
439 3386 552 3443 sumus,
579 3385 635 3427 nec
659 3375 765 3442 restat,
794 3384 851 3445 quo
874 3383 1066 3427 reservemus.

85 3452 140 3515 llst
158 3455 243 3533 igitur
264 3453 393 3533 utrisque
416 3469 578 3527 commuue,
603 3451 759 3513 conciliare
780 3451 850 3529 sibi,
873 3460 1005 3512 auertere
1032 3447 1108 3511 abll
