2434 3925
337 205 783 275 msu.onnrorc.n1n.vrr,a.
1017 197 1057 258 15

57 372 135 438 tem,
156 370 188 423 nt
204 360 296 437 dicat,
323 361 367 425 Tc
380 363 538 432 noadiae,-
558 369 587 422 at
603 363 651 439 qui
666 364 750 439 dicit,
776 361 820 425 Tc
839 365 993 442 occidisti,
1009 384 1056 426 su·

58 447 235 527 pervacuum
253 446 341 506 babet
355 455 458 524 postea
473 446 588 520 dicere,
606 444 671 526 Epo
685 467 746 508 noa
761 450 871 510 occidi.

143 530 205 591 Hac
229 547 317 609 porro
343 532 473 589 actiones
502 537 633 590 constant
664 534 961 609 comparatione;
993 535 1098 612 ipsam

58 616 236 692 comparatio
258 631 315 673 non
336 632 390 673 una
411 615 458 672 via
487 614 608 673 ducitur.
650 613 708 674 Aut
736 616 810 674 enim
831 625 919 675 totam
941 635 1057 677 causam
1086 617 1095 640 ⁸

57 707 186 759 nostram
208 716 273 757 cum
294 707 355 758 tota
375 697 533 757 adversarii
551 714 639 757 causa
655 701 851 780 componimus
875 709 923 758 aut
943 702 1058 777 singula

58 790 227 859 argumenta
245 800 308 842 curn
321 782 452 858 siugulis.
489 780 617 853 Quorum
633 788 726 840 utrum
744 784 781 842 sit
801 783 980 859 iaciendum,
998 802 1056 843 nou

57 874 157 945 potest
171 866 276 925 nisiex
290 866 379 943 ipsius
396 866 453 924 litis
468 864 590 924 utilitate
606 866 761 940 cognosci:
779 875 810 925 ut
822 864 926 926 Cicero
944 868 1057 944 singula

57 966 114 1028 pro
127 948 243 1007 Vareno
265 957 411 1026 comparat
435 949 464 1007 in
485 949 577 1026 primo
598 949 732 1017 crimine;
759 958 804 1009 est
821 951 895 1009 enim
912 954 1055 1029 superior,

58 1050 125 1093 cum
146 1048 271 1110 persona
295 1032 380 1091 alieni
403 1050 467 1092 curn
487 1049 613 1111 persona
632 1034 730 1092 matris
750 1042 860 1093 temere
875 1051 1056 1112 comparare·

57 1126 114 1176 tur.
152 1113 248 1189 Quare
270 1118 405 1195 optimum
420 1125 481 1192 est,
503 1118 528 1174 si
547 1115 612 1182 ‘beri
627 1117 751 1194 poterit,
767 1126 797 1176 ut
812 1118 925 1194 singula
941 1120 1056 1178 vincan-

56 1210 135 1259 tura
161 1200 297 1276 singulis3
322 1201 374 1261 sed
396 1203 421 1260 si
441 1200 555 1280 quaudo
575 1200 747 1277 inpartibus
762 1201 972 1262 laborabimus:
996 1203 1056 1261 uni·

56 1284 198 1344 versitate
224 1287 406 1362 pugnandum
432 1293 486 1343 est.
512 1282 550 1342 Et
574 1283 638 1342 sive
662 1285 785 1343 invicem
812 1294 965 1360 accusant,
993 1288 1100 1349 sireis

57 1368 173 1428 crimen·
190 1386 258 1428 reus
284 1371 354 1428 citra
383 1368 598 1428 accusationem
622 1369 650 1426 in
674 1369 871 1428 adversarium
895 1371 998 1443 vertit,
1026 1378 1057 1428 ut

56 1451 183 1511 Roscius
200 1452 229 1510 iu
243 1460 429 1512 accusatores
444 1468 530 1526 suos,
546 1452 676 1530 quamvis
691 1469 759 1511 reos
774 1469 831 1511 non
845 1452 980 1518 fecisset;
994 1454 1057 1512 sive

56 1538 87 1596 in
98 1538 196 1613 ipsos,
213 1551 285 1613 quos
301 1553 353 1595 sua
363 1553 447 1594 manu
463 1535 586 1612 periisse
597 1535 741 1611 dicemus,
757 1536 863 1595 lactum
877 1536 1056 1596 dellectitur·

55 1635 116 1678 uon
128 1618 227 1692 aliter,
246 1636 330 1696 quarn
345 1619 439 1693 iniis,
462 1636 536 1695 quae
552 1627 676 1678 mutuam
691 1622 906 1679 accusationem
921 1620 1056 1695 habeant,

55 1704 208 1779 utriusque
225 1704 314 1780 partis
337 1710 504 1779 argumenta
524 1703 598 1761 inter
619 1720 652 1761 se
668 1712 879 1780 comparantur.
912 1702 944 1762 ld
963 1712 1101 1767 autemst

55 1804 167 1861 penus,
194 1786 305 1864 dequo
330 1786 485 1846 novissime
501 1787 572 1860 dixi,
595 1802 652 1844 non
676 1785 768 1844 solum
788 1785 946 1866 inscholis
967 1804 1058 1863 saepe

56 1878 197 1929 tractatur
224 1871 276 1929 sed
302 1872 387 1931 etiam
413 1871 442 1928 in
468 1870 542 1929 loro.
581 1868 653 1928 Nam
681 1869 775 1928 idest
799 1870 828 1927 iu
849 1887 936 1929 causa
956 1869 1058 1929 Naevii

57 1953 208 2032 Arpiniani
230 1954 323 2015 solum
342 1956 518 2034 quaesitum,
543 1951 754 2031 Praecipitate
769 1965 846 2014 esset
865 1955 906 2015 ab
926 1973 961 2015 eo
978 1973 1058 2013 uxor

56 2057 101 2098 aa
118 2056 153 2098 se
171 2039 242 2115 ipen
267 2058 326 2100 cuo
340 2047 446 2118 sponte
466 2038 606 2106 iecisset?
639 2035 726 2096 Cuius
743 2034 885 2097 actionem
900 2046 928 2096 et
943 2038 1058 2116 quidem

55 2120 152 2180 solam
167 2123 195 2180 in
216 2122 273 2182 boc
288 2132 400 2199 tempus
416 2122 582 2196 emiseram,
606 2122 685 2198 quod
707 2122 798 2200 ipsum
820 2140 864 2180 me
882 2120 990 2180 iecisse
1008 2122 1058 2181 du·

57 2213 136 2264 eturn
150 2206 268 2265 iuvenili
290 2206 446 2285 cupiditate
460 2205 573 2281 gloriae
594 2205 699 2263 lateor.
733 2204 805 2264 Nam
823 2214 958 2280 ceterae,
983 2223 1058 2283 quae

54 2288 113 2349 sub
128 2291 241 2348 nomine
261 2306 326 2348 meo
343 2290 487 2363 feruntur,
509 2286 687 2387 negligentia
703 2291 907 2366 excipientium
924 2291 953 2348 in
970 2307 1058 2367 quae·

56 2381 134 2432 stum
147 2374 323 2432 notariorum
339 2382 493 2451 corruptae
509 2375 650 2432 minimam
664 2381 776 2472 partem
793 2375 850 2432 mei
866 2373 982 2432 habent

144 2455 196 2515 Est
213 2466 243 2515 et
258 2457 314 2516 alia
328 2456 447 2556 duplex
453 2459 620 2516 coniectura
635 2447 738 2515 huic'
721 2458 950 2555 porcaorpyopc'p
965 2457 1059 2516 diver·
1066 2466 1102 2520 25

56 2556 111 2614 sa,
127 2537 163 2598 de
181 2542 374 2618 praemiis:
393 2551 423 2599 ut
438 2542 466 2600 in
481 2541 530 2601 illa
547 2542 762 2617 controversia,
781 2518 943 2622 Tpraaocc
957 2542 1059 2619 caepi·

56 2631 164 2692 catus,
187 2641 209 2683 c
229 2625 347 2685 medico
367 2644 423 2687 cuo
441 2626 547 2685 datam
561 2625 799 2696 dicoecesanam,
822 2627 908 2687 torsit
927 2630 1060 2699 eumfet

56 2724 130 2768 cum
144 2708 171 2767 ic
192 2708 316 2769 dedisse
331 2727 365 2768 ce
377 2716 579 2788 perceperat,
596 2711 728 2770 arcessit
741 2711 872 2771 niteram
887 2668 1038 2769 medicam
1046 2729 1060 2774 ‚-

54 2791 111 2851 ille
125 2791 230 2852 dutum
244 2793 272 2853 ei
285 2811 433 2853 ceccaum
448 2795 540 2869 dicit,
555 2795 612 2854 ced
625 2811 659 2853 ce
673 2795 841 2856 antidotum
856 2794 1015 2863 donarem,
1032 2798 1061 2850 et

56 2873 147 2934 dedit
166 2877 194 2935 ei
210 2878 375 2955 potionem,
396 2894 457 2955 quc
472 2886 560 2955 epoto
576 2887 725 2954 tyrannus
740 2878 877 2937 decessit.
913 2875 958 2933 De
975 2890 1059 2951 prae·

53 2958 116 3018 nrio
134 2958 190 3018 duo
213 2961 317 3020 medici
339 2960 523 3020 contendunt.
562 2960 635 3018 Nam
651 2969 682 3018 ut
702 2960 762 3019 illic
784 2960 890 3018 facturn
911 2958 939 3015 in
958 2956 1060 3015 adver·

54 3043 165 3101 sarium
189 3044 437 3103 transferentium·
463 3046 501 3103 ita
527 3043 574 3103 hic
599 3043 654 3102 sibi
677 3043 879 3102 vindicantium
903 3057 1059 3119 personae,

56 3143 183 3202 causae,
205 3127 376 3203 facultates,
399 3138 546 3206 tempora,
570 3128 773 3201 instrumenta,
796 3126 959 3184 testimonia
983 3141 1059 3182 corn·

56 3218 203 3288 parantur
232 3209 451 3289 llludquoque,
466 3212 646 3271 etiamsinon
664 3219 708 3268 est
723 3199 959 3289 ανιικατηγορία,
975 3207 1103 3266 srmrl126

55 3302 154 3352 tamen
168 3295 279 3371 ratione
294 3304 449 3370 tractatur,
465 3297 493 3355 in
509 3312 566 3373 quo
584 3296 654 3354 citra
673 3294 887 3353 accusationem
902 3294 1059 3371 quaeritur,

57 3385 153 3436 utrum
180 3378 287 3437 facturn
319 3380 365 3437 sit.
402 3339 532 3456 Utbaqnc
554 3381 628 3437 enim
653 3396 721 3455 pars
747 3395 827 3436 suam
849 3377 1061 3455 expositionem

54 3457 148 3519 'babet
169 3470 256 3539 atque
278 3479 340 3521 eam
363 3472 475 3523 tuetur:
503 3472 533 3522 ut
559 3464 587 3520 in
609 3462 660 3521 lite
676 3461 830 3521 Urbiniana
851 3463 958 3540 petitor
980 3458 1059 3532 dicit,
