2434 3925
327 255 417 304 rusa.
441 253 590 305 oanuon.
613 256 683 305 mm
703 257 757 322 x1,
778 253 806 308 a.
1001 242 1064 308 233

38 412 163 478 demtia
181 410 290 471 uultum
310 418 373 486 aut,
395 429 452 490 quo
470 412 506 471 sit
526 411 618 488 magis
640 420 754 487 torvus,
777 412 941 489 superciliis
963 413 1063 472 astrin-

38 515 155 579 gere,
182 495 305 573 capillos
331 513 347 555 a
369 495 466 555 tronte
488 503 588 555 contra
613 504 741 555 naturam
762 504 944 572 retroagere,
971 506 1001 556 ut
1026 497 1064 557 sit

37 586 170 645 horror
190 579 241 641 ille
263 578 418 647 terribilis;
447 587 521 655 tum,
548 579 577 639 id
600 579 678 658 quod
700 579 804 640 Graeci
828 578 1063 658 frequentissime

37 667 191 739 iaciunt,
218 662 324 722 crebro
353 662 505 739 digitorum
533 660 732 742 labiorumque
758 672 837 723 motu
866 665 1062 740 commentari,

37 753 142 814 clare
161 764 314 822 excreare,
330 747 436 824 pedem
450 747 570 807 alterum
584 746 672 824 louge
688 746 833 825 prolerre,
848 755 960 827 partem
974 756 1063 825 togae

8 874 9 877 =
40 835 179 896 sinistra
194 839 314 905 tenere,
339 838 417 890 stare
437 830 580 890 diductum
598 831 647 891 vel
662 831 784 908 rigidum
801 830 850 892 vel
866 832 996 909 supinum
1014 831 1063 891 vel

37 922 211 980 incurvum
233 913 283 974 vel
308 913 450 991 humeris,
478 923 508 974 ut
533 914 667 976 luctaturi
692 913 807 992 solent,
834 914 870 975 ad
897 916 1062 993 occipitium

43 1001 169 1066 ductis·
665 1052 668 1059 .

143 1082 301 1143 Prooemio
314 1081 547 1160 frequentissime
559 1082 634 1143 leuis
644 1083 778 1143 convenit
790 1084 991 1162 pronuntiatio.
1012 1082 1061 1143 Ni·
1069 1088 1118 1143 161

39 1171 89 1233 bil
106 1167 194 1229 euim
214 1174 260 1225 est
276 1165 312 1225 ad
334 1166 542 1226 conciliandum
557 1167 666 1244 gratius
682 1167 873 1243 verecundia,
895 1186 952 1228 non
968 1178 1068 1232 tamen.

41 1269 192 1332 semper.
225 1248 329 1328 Neque
346 1251 421 1310 euim
437 1267 491 1310 uno
506 1252 592 1312 modo
611 1251 740 1311 dicontur
757 1251 892 1327 exordia,
920 1261 951 1312 ut
966 1252 1060 1312 docui

41 1340 237 1412 Plerumque
258 1342 353 1393 tamen
376 1342 405 1393 et
425 1352 484 1394 vox
501 1344 668 1414 temperata
691 1344 721 1394 et
742 1344 841 1412 gestus
862 1336 1008 1396 modestus
1033 1345 1062 1394 et

42 1423 169 1483 sedens
190 1417 310 1478 humero
334 1426 402 1495 toga
424 1427 454 1477 et
479 1419 599 1480 laterum
624 1418 698 1479 lenis
723 1420 752 1478 iu
776 1422 926 1498 utramque
950 1430 1060 1498 partem

42 1515 171 1577 motus,
196 1502 301 1562 eodem
315 1501 512 1580 spectantibus
529 1504 638 1579 oculis,
662 1503 789 1564 decebit.
820 1502 953 1564 Narratio
969 1505 1061 1580 magis
1070 1517 1119 1572 162

8 1648 9 1653 ,
45 1589 205 1672 prolatam
225 1603 353 1662 manum,
379 1587 512 1647 amictum
535 1587 729 1663 recidentem,
756 1596 869 1664 gestum
889 1588 1060 1664 distinctum,

42 1690 162 1736 vocem
179 1669 307 1729 sermoni
321 1671 480 1749 proximam
495 1679 525 1730 et
540 1680 647 1730 tautum
661 1671 818 1748 acriorem,
838 1688 939 1732 sonum
953 1672 1061 1751 simpli·

8 1806 10 1831 ,
46 1777 117 1821 cem
135 1754 376 1833 frequentissime
391 1754 547 1833 postulabit
561 1757 590 1814 in
603 1754 648 1815 bis
663 1755 810 1815 duntaxat:
828 1752 863 1828 0.
878 1758 956 1817 emin
970 1753 1060 1835 Lipa-

8 1837 9 1842 ’
44 1846 129 1916 iius,
148 1857 225 1902 cana
240 1846 319 1899 esset
331 1839 364 1898 in
377 1835 488 1918 Africa
503 1841 589 1901 nulla
603 1840 675 1901 detti
688 1841 839 1918 euspicio,
856 1848 886 1899 et
899 1836 935 1902 Α.
954 1836 1059 1900 Cluen-

45 1931 111 1998 tius
123 1922 264 1988 Habitus
274 1930 368 2003 puter
381 1923 517 1989 huiusce.
540 1923 627 1985 Aliud
639 1925 667 1983 in
679 1924 781 1984 eadem
792 1932 916 2003 poscent
927 1924 1058 1998 allectus,

45 2013 99 2073 vel
115 2007 261 2070 concitati
280 2005 372 2068 Nubit
388 2027 502 2087 penero
520 2028 644 2084 cocrua,
665 2008 715 2069 vel
730 2007 845 2069 tlebiles
865 2006 1062 2070 constituitur

43 2101 80 2160 in
103 2096 179 2174 soro
196 2088 375 2154 Laodiceae
395 2094 602 2171 spectaculum
626 2094 773 2155 acerbum
793 2101 822 2154 et
843 2095 985 2154 miserum
1009 2093 1062 2153 toti
1146 2087 1151 2104 '

44 2180 149 2243 Asiae
159 2176 358 2257 prouinciae.
391 2174 516 2236 blaxime
534 2178 614 2237 varia
635 2186 664 2237 et
678 2174 829 2256 multiplex
842 2177 918 2238 actio
935 2185 979 2236 est
993 2184 1118 2254 pro-163

43 2265 213 2327 bationum.
240 2257 321 2320 'Nam
342 2267 372 2318 et
389 2276 572 2338 proponere,
596 2262 711 2339 partiri,
733 2261 914 2337 interrogare
934 2261 1059 2319 sermoni

45 2358 116 2410 suat
137 2342 297 2426 proxima,
320 2352 350 2402 et
372 2343 627 2404 contradictionem
643 2362 767 2404 sumere.
799 2344 871 2405 Nam
891 2362 925 2405 ea
943 2362 1058 2423 quoque

48 2434 172 2494 diversa
189 2427 358 2508 propositio
372 2436 426 2486 est.
460 2428 519 2488 Sed
535 2428 609 2489 banc
628 2437 722 2488 tamen
736 2428 888 2508 aliquando
906 2429 1059 2489 irridentes

51 2514 213 2593 aliquando
238 2512 380 2571 imitantes
395 2513 617 2590 pronuntiamus.
648 2513 866 2589 Argumentatio
888 2512 1117 2592 plerumqueldl

51 2599 164 2675 agilior
184 2605 216 2657 et
231 2595 329 2655 acrior
344 2604 374 2655 et
388 2597 537 2656 instantior
551 2598 780 2657 consentientem
796 2598 917 2658 orationi
933 2596 1072 2675 postulat·

53 2683 144 2740 etiam
152 2690 281 2758 gestum,
293 2680 322 2740 id
334 2688 379 2739 est
392 2680 497 2741 fortem
509 2682 699 2742 celeritatem.
718 2679 880 2743 Instandum
891 2679 1058 2760 quibusdam

54 2765 85 2823 in
101 2763 237 2841 partibus
255 2771 285 2822 et
300 2763 446 2824 densanda
464 2766 566 2825 oratio.
592 2763 788 2842 Egressiones
802 2766 866 2825 lere
884 2772 914 2823 et
930 2763 1013 2824 lenes
1028 2770 1058 2821 et

54 2847 161 2906 dulces
183 2856 214 2906 et
227 2849 385 2925 remissae,
409 2857 509 2926 raptus
524 2848 733 2927 Proserpinae,
756 2849 872 2908 Siciliae
887 2846 1056 2924 descriptio,

57 2927 111 2987 (ln.
130 2926 263 3007 Pompeii
278 2931 349 2991 laus.
385 2930 489 3010 Neque
510 2933 585 2992 enim
607 2934 724 3007 mirum,
752 2933 843 2991 miuus
862 2929 971 2990 babere
989 2946 1056 2990 con·

56 3012 199 3072 tentionis
216 3031 268 3088 ea,
291 3033 365 3093 quae
382 3025 446 3075 sunt
460 3024 542 3075 extra
561 3018 769 3095 quaestionem.
800 3013 916 3075 Nollior
929 3024 1115 3079 nomon-165

58 3112 147 3173 quam
163 3111 230 3154 eum
251 3098 480 3175 reprehensione
501 3099 635 3159 diversae
650 3100 740 3178 partis
756 3099 890 3158 imitatio:
919 3096 1056 3160 Videbar

55 3179 168 3239 cidere
184 3179 264 3239 alios
283 3182 435 3244 intrantes
457 3184 536 3245 alme
554 3192 655 3244 autem
675 3189 834 3259 wennies,
856 3182 1004 3261 quondm
1018 3199 1058 3243 ea

56 3262 131 3322 cino
151 3262 342 3326 commutor.
372 3265 428 3327 Ubi
448 3284 506 3327 non
526 3266 669 3326 dissidens
691 3282 797 3326 avoce
819 3266 990 3343 permittitur
1004 3284 1056 3341 ge·

57 3354 121 3403 stus
137 3361 274 3423 quoque,
294 3348 323 3407 in
346 3357 494 3429 utramque
510 3360 621 3429 partem
636 3358 736 3410 tenera
753 3350 893 3428 quaedam
912 3350 965 3410 sed
984 3351 1056 3408 intra

56 3445 159 3486 manus
184 3436 282 3489 tamen
307 3440 337 3490 et
356 3433 418 3493 siue
437 3442 515 3494 motu
536 3433 658 3494 laterum
678 3434 837 3494 translatio.
867 3432 1113 3493 Accendendildo

56 3511 161 3572 iudicis
178 3510 283 3590 plures
300 3524 364 3576 sunt
378 3518 494 3594 gradus.
525 3519 655 3579 Summus
671 3517 722 3579 ille
740 3526 769 3578 et
785 3534 841 3596 quo
858 3518 952 3578 nullus
969 3525 1013 3577 est
1027 3516 1056 3575 iu
