2434 3925
157 148 217 211 184
463 162 500 211 u.
518 162 597 211 aaa.
615 160 836 224 Quuuammn

153 321 247 380 donec
264 276 464 404 perueniamus
480 318 516 379 ad
535 318 634 393 linem,
654 335 713 378 non
727 319 818 378 mluus
833 328 999 397 prospectu
1021 321 1181 399 procede

152 418 214 462 mus
230 419 314 479 mam
321 396 436 500 gradu,
455 403 480 460 si
496 419 553 461 nou
569 403 780 462 intersistentes
794 403 1049 480 offensantesque
1076 405 1177 465 brem

152 486 202 546 illa
218 494 304 563 atque
321 487 438 545 concisa
453 485 666 563 singultantium
680 486 767 546 modo
783 487 903 546 eiecturi
917 505 1042 547 sumus.

112 582 194 634 11
234 567 309 628 Est
301 571 387 646 igitur
401 587 470 629 usus
488 566 600 647 quidam
614 568 804 647 irrationalis,
821 587 905 649 quem
924 570 1047 632 Graeci
1068 567 1173 652 aloru

47 716 48 719 ,
152 645 256 733 τριβὴν
272 662 393 728 vocant,
416 669 471 731 qua
492 670 591 713 manus
611 655 640 714 in
659 654 813 714 scribendo
833 652 974 731 decurrit,
997 675 1079 734 qua
1104 657 1171 717 ocul

152 747 231 798 totos
246 737 356 797 simul'
348 756 376 797 tn
398 736 525 796 lectione
545 754 648 797 versus
671 738 822 817 flexusque
842 756 940 798 eorum
963 749 994 798 et
1024 744 1168 801 transitu

152 824 310 896 intuentur,
339 830 368 881 et
395 829 460 881 ante
482 823 634 900 sequentia
652 822 750 882 vident
777 840 860 900 quam
883 825 981 900 priora
1009 825 1167 885 dixerunt

152 906 217 981 Quo
233 914 366 965 constant
380 906 516 965 miracula
537 906 586 966 illa
612 907 641 965 in
655 907 750 966 scenis
768 906 933 984 pilariorum
947 925 984 967 ac
998 910 1168 969 ventilato

151 1009 229 1065 rum,
250 998 280 1049 ut
300 1008 335 1050 ea
356 1007 430 1068 quae
452 991 598 1049 emiserint
620 989 695 1049 ultro
717 991 816 1050 venire
838 993 866 1050 in
886 1008 985 1050 manus
1003 994 1137 1053 credas
1150 1004 1170 1052 et

111 1087 144 1139 12
152 1092 207 1153 qua
225 1073 357 1133 iubentur
372 1072 539 1135 decurrere.
569 1072 628 1133 Sed
643 1074 690 1134 hic
712 1092 781 1133 usus
796 1075 834 1133 ita
848 1075 995 1153 proderit,
1018 1078 1057 1135 si
1085 1096 1128 1138 ea
1143 1079 1169 1138 dc

152 1168 217 1238 qua*
228 1158 317 1218 locuti
332 1175 429 1216 sumus
446 1174 493 1217 ars
510 1160 712 1234 antecesserit,
727 1167 758 1217 ut
773 1159 864 1238 ipsum
882 1158 961 1234 illud,
980 1162 1077 1238 quod
1096 1164 1130 1221 in
1144 1180 1169 1221 se

151 1245 291 1302 rationem
311 1258 367 1300 non
381 1240 478 1316 habet,
494 1242 522 1301 in
533 1243 644 1301 ratione
658 1251 801 1305 versetur.
827 1241 898 1302 Nam
912 1243 980 1301 mihi
998 1262 1043 1302 ne
1066 1246 1168 1306 dicere

152 1326 266 1405 quidem
285 1326 399 1386 uidetur
419 1325 708 1405 nisiquidisposite,
725 1333 825 1385 ornate
834 1328 980 1405 ,copiose
998 1327 1101 1405 dicit,
1120 1332 1167 1390 scd

112 1411 320 1475 13tumultuari.
347 1407 410 1468 Nec
421 1407 530 1469 fortuiti
545 1411 686 1469 sermonis
702 1419 867 1470 contextum
877 1411 1005 1470 mirabor
1017 1431 1164 1492 unquam,

152 1512 237 1573 quem
252 1492 429 1570 iurgantibus
453 1495 537 1553 etiam
555 1494 733 1555 mulierculis
756 1494 936 1579 superfluere
961 1495 1077 1566 video;
1104 1516 1162 1558 cum

152 1595 188 1638 eo
205 1578 292 1655 quod,
309 1595 334 1637 sn
327 1577 430 1638 calor
445 1594 480 1636 ac
494 1579 611 1657 spmtus
627 1578 690 1638 tulit
697 1572 891 1656 frequenter
904 1579 1022 1654 accidit
1043 1590 1083 1640 ut
1099 1599 1159 1641 suc·
1194 1582 1195 1663 l

110 1674 265 1729 necessum
281 1661 508 1740 extemporalem
524 1666 664 1742 consequi
681 1680 749 1723 cura
764 1680 821 1722 non
835 1664 937 1741 possit
972 1660 1076 1724 Deum
1094 1675 1195 1751 tunc

152 1747 356 1822 affuisse,cum
372 1746 400 1806 id
416 1747 580 1822 evenisset,
597 1756 716 1807 veteres
732 1754 880 1822 oratores,
894 1754 925 1806 ut
942 1743 1053 1806 Cicero
1077 1750 1153 1824 dicit,
1194 1712 1195 1845 i

151 1831 274 1892 aiebant
313 1831 371 1890 Sed
386 1832 459 1891 ratio
478 1831 629 1892 manifesta
645 1839 699 1896 est.
733 1829 805 1891 Nam
825 1791 900 1891 berie
927 1834 1070 1909 concepti
1087 1833 1151 1893 affe
1194 1854 1195 1861 ¹

153 1926 215 1977 ctus
240 1923 270 1975 et
288 1924 424 1975 recentes
446 1933 541 1976 rerum
562 1916 703 1994 imagines
726 1917 860 1976 contiuuo
883 1916 989 1993 impetu
1006 1916 1148 1992 feruutur,

153 2019 227 2079 quae
241 2017 441 2078 nonnunquam
457 2017 537 2060 mora
553 2002 612 2062 stili
633 2001 827 2077 refrigescunt
851 2008 880 2059 et
900 1999 1006 2059 dilatae
1027 2018 1089 2060 nou
1103 2020 1147 2061 re

149 2092 308 2145 vertuntur.
343 2081 450 2163 Utique
466 2101 550 2161 vero,
568 2102 632 2145 cum
652 2085 753 2144 infelix
768 2085 817 2144 illa
831 2083 986 2144 verborum
1001 2086 1145 2145 cavillatio

150 2171 277 2228 accessit
304 2176 333 2228 et
354 2186 456 2228 cursus
483 2167 518 2229 ad
545 2169 657 2246 singula
680 2169 803 2245 vestigia
818 2170 941 2244 restitit,
968 2173 1026 2227 non
1048 2177 1145 2247 potest

147 2253 220 2311 ferri
239 2261 370 2313 contorta
392 2255 455 2327 vis,
471 2253 539 2329 sed,
563 2262 595 2313 ut
617 2252 724 2331 optime
743 2270 848 2313 vocum
869 2252 1042 2329 singulamm
1061 2252 1143 2313 cedat

150 2336 276 2412 electio,
295 2354 353 2395 non
369 2339 502 2398 continua
526 2336 579 2397 sed
601 2337 761 2415 composita
777 2345 832 2396 est.

109 2429 142 2482 15
232 2419 329 2494 Quare
355 2421 513 2498 capiendae
536 2430 601 2481 sunt
621 2421 706 2498 illae,
736 2419 772 2480 dc
800 2419 902 2499 quibus
924 2420 999 2495 dixi,
1023 2438 1138 2480 rcrum

149 2504 344 2581 imagines,
360 2521 431 2582 quas
441 2507 541 2565 vocari
553 2505 716 2582 φαντασίας
725 2505 922 2581 indicavimus,
935 2505 1092 2582 omniaque,
1104 2504 1136 2565 de

150 2587 253 2667 quihus
274 2588 376 2648 dicturi
394 2591 515 2665 erimus,
537 2606 696 2667 personae,
718 2591 921 2668 quaestiones,
943 2606 1027 2666 spes,
1049 2597 1135 2649 metus

148 2672 279 2733 habenda
299 2674 328 2731 in
342 2672 446 2747 oculis,
466 2674 495 2732 in
516 2674 638 2733 allectus
662 2672 838 2751 recipienda.
871 2674 975 2733 Pectus
997 2681 1040 2732 est
1055 2674 1132 2747 enim,

146 2758 227 2836 quod
241 2756 366 2817 disertos
383 2756 462 2832 iacit,
479 2766 508 2816 et
521 2760 565 2816 vis
580 2759 693 2817 mentis.
722 2756 852 2836 ideoque
863 2758 1001 2835 imperitis
1016 2774 1132 2834 quoqne,

107 2842 174 2904 losi
189 2840 276 2900 modo
293 2843 349 2901 sint
364 2840 459 2919 aliquo
475 2842 581 2902 ellectu
596 2843 742 2917 concitati,
757 2841 846 2902 verba
861 2858 919 2901 nou
933 2840 1041 2900 desunt.
1067 2839 1131 2900 Tum
1194 2891 1195 2930 ,

40 2970 44 2976 .
148 2924 337 2985 intendendus
355 2927 480 3002 animus,
499 2943 557 2985 non
579 2927 618 2985 in
628 2927 751 3004 aliquam
764 2941 826 2985 rem
840 2942 924 2985 unam
938 2925 1011 2984 sed
1003 2942 1029 2982 m
1042 2924 1130 3002 plures
1194 2941 1195 3014 p

149 3008 231 3068 simul
252 3010 414 3077 continuam
436 3018 482 3085 ut,
510 3012 535 3070 si
560 3027 614 3088 per
636 3010 759 3088 aliquam
777 3018 888 3069 rectam
908 3010 983 3068 viam
1003 3009 1129 3068 mittamus

151 3091 269 3168 oculos,
286 3093 368 3153 simul
385 3093 479 3154 omnia
493 3111 568 3172 quac
583 3095 671 3153 sunt
662 3112 691 3153 rn
708 3112 743 3153 ea
759 3094 894 3171 circaque
910 3094 1059 3168 iutuemur,
1077 3110 1128 3152 non

149 3174 275 3235 ultimum
290 3185 396 3236 tantum
410 3178 540 3238 videmus
555 3177 607 3237 sed
619 3178 756 3256 usquead
768 3177 904 3237 ultimum.
935 3177 980 3236 Ad
995 3176 1127 3236 dicendum

149 3260 234 3319 etiam
250 3260 343 3338 pudor
364 3261 494 3320 stimulos
515 3260 603 3321 hahet
632 3270 662 3321 et
681 3261 867 3321 diceudomm
889 3269 1037 3340 expectata
1058 3260 1125 3327 laus:

147 3345 306 3421 mirumque
320 3344 412 3403 videri
427 3354 535 3423 potest,
549 3345 636 3423 quod,
653 3363 717 3405 cum
732 3345 814 3405 stilus
829 3352 946 3405 secreto
964 3344 1075 3421 gaudeat
1087 3353 1124 3405 at

150 3444 207 3507 que
224 3443 324 3488 omnes
341 3426 464 3489 arbitros
479 3428 658 3507 reformidet,
672 3430 878 3508 extemporalis
894 3431 969 3491 actio
985 3428 1123 3490 auditorum
