2434 3925
252 272 253 275 =
340 248 429 297 nisu.
443 248 591 298 essuos.
605 249 674 296 nis.
687 250 710 315 1,
722 246 749 300 s.
1004 235 1045 297 43

46 409 117 467 tium
141 405 231 465 nolim
251 404 280 464 in
301 402 681 481 quibusdam'interpretori.
712 403 816 481 Elegia
837 419 924 477 vero,
946 403 1045 481 utique

12 499 13 502 ’
47 508 103 572 qna
118 498 211 565 amat,
234 497 263 547 et
280 485 533 562 hendecasyllabi,
554 489 601 563 qni
619 496 684 547 sunt
701 497 840 548 commata
856 487 1046 547 Sotadeorum

47 574 134 651 (nam
153 573 191 632 de
209 572 342 632 Sotadeis
364 589 400 630 ne
421 570 655 649 praecipiendum
675 571 789 648 quidem
811 572 871 650 est)
895 587 1045 631 amovean-

46 666 110 732 tur,
135 659 159 715 si
177 656 240 715 fieri
255 665 368 735 potest;
392 656 540 728 siminus,
564 664 645 714 certe
662 656 698 715 ad
715 655 820 714 firmius
838 657 940 714 aetatis
957 654 1047 714 robur

46 750 248 800 reserventur.
288 738 478 813 Comoediae‚
502 755 577 815 quae
598 739 749 815 plurimum
771 740 905 799 conterre
927 739 963 798 ad
985 739 1070 800 elo-t

48 827 197 902 quentiam
223 832 336 902 potest,
366 840 502 901 comper
528 838 627 881 omnes
649 832 678 882 et
705 840 846 900 personas
875 830 904 881 et
925 824 1046 882 allectus

12 927 13 930 ¹
47 916 115 984 eat,
138 926 223 986 quem
238 926 319 967 nsum
339 909 368 965 in
385 908 483 984 pueris
502 914 616 984 putem,
640 908 728 985 paulo
750 916 819 984 post
839 924 894 970 suo
916 906 983 966 loco
1005 906 1045 966 di·

48 1010 129 1059 cam;
158 1009 223 1050 nam
246 1009 309 1051 cum
330 1007 426 1049 mores
447 991 475 1048 in
497 999 558 1049 tuto
573 991 703 1067 inerint,
729 992 804 1050 inter
825 992 981 1068 praecipua
1005 991 1045 1050 le·

47 1076 147 1153 genda
159 1076 224 1134 erit.
246 1074 291 1133 De
303 1074 458 1134 Menandro
470 1073 585 1151 loquor,
598 1093 654 1134 nec
667 1083 762 1134 tamen
775 1075 947 1134 excluserim
961 1074 1044 1133 alios.

135 1159 210 1218 Nem
226 1158 316 1218 Latini
338 1175 454 1236 quoque
476 1167 611 1217 auctores
634 1159 756 1218 aderent
777 1159 906 1218 utilitatis
929 1157 1071 1235 aliquidss

48 1243 109 1303 Sed
130 1244 245 1321 pneris,
269 1260 343 1320 quae
357 1244 479 1301 maxime
496 1244 640 1318 ingenium
659 1244 738 1303 alant
756 1252 843 1321 atque
860 1244 980 1302 animum
997 1260 1045 1300 au·

48 1336 157 1403 geant,
184 1326 395 1404 praelegenda;
427 1327 551 1401 ceteris,
577 1344 651 1404 quae
679 1328 714 1387 ad
742 1317 933 1386 eruditionem
960 1325 1045 1384 modo

49 1411 216 1488 pertinent,
238 1410 326 1487 longa
348 1418 429 1469 aetas
451 1411 573 1487 spatium
592 1410 680 1470 dabit.
713 1410 830 1470 lllultum
852 1419 947 1471 autem
965 1418 1045 1468 vete·

49 1512 99 1553 res
125 1495 210 1553 etiam
226 1492 316 1553 Latini
336 1493 503 1568 conferunt,
527 1493 704 1573 (quanquam
726 1495 861 1573 plerique
878 1496 944 1574 plus
966 1494 1046 1571 inge·

51 1580 100 1637 nio
124 1595 209 1656 quam
225 1586 288 1636 arte
304 1577 471 1656 valuerunt)
493 1578 631 1655 imprimis
649 1578 953 1656 copiamverborum,
976 1594 1046 1656 quo·

50 1681 113 1721 rum
124 1664 155 1721 in
169 1662 327 1737 tragoediis
345 1664 496 1738 gravitas,
507 1663 536 1720 in
555 1662 714 1722 comoediis
731 1662 876 1739 elegantia
888 1672 917 1721 et
933 1663 1046 1739 quidam

52 1746 132 1806 velut
154 1735 320 1823 ἆττικισμὸς
339 1747 459 1803 inveniri
479 1754 586 1823 potest.
618 1744 800 1805 Oeconomie
822 1763 938 1824 quoque
958 1747 986 1804 in
1002 1745 1071 1810 biso

53 1830 220 1907 diligentior
232 1847 316 1906 quam
327 1830 356 1888 in
368 1828 517 1907 plerisque
532 1846 673 1888 novorum
690 1832 760 1906 erit,
779 1832 826 1908 qui
841 1831 963 1888 omnium
977 1845 1046 1906 ope

52 1931 114 1974 rum
135 1912 230 1973 solam
249 1915 383 1973 virtutem
404 1914 561 1973 sententias
583 1922 765 1993 putaverunt.
802 1913 945 1974 Sanctitas
967 1919 1048 1971 certe

53 2008 99 2075 et,
120 2006 155 2057 nt
175 1999 219 2056 sic
240 1997 350 2074 dicam,
371 1998 493 2057 virilitas
514 1997 549 2058 ab
572 1999 607 2056 iis
629 1996 755 2077 petenda
776 2005 837 2072 est,
861 1996 974 2076 quando
994 2012 1047 2054 nos

52 2083 81 2141 in
96 2083 193 2142 omnic
210 2081 376 2142 deliciarum
393 2083 461 2140 vitia
478 2081 590 2141 dicendi
607 2098 723 2160 quoque
738 2083 849 2141 ratione
866 2080 1045 2155 deduximus.

54 2164 189 2243 Denique
207 2165 356 2225 credamus
374 2166 489 2224 summis
502 2165 682 2241 oratoribus,
706 2168 753 2244 qui
770 2175 901 2224 veterum
914 2171 1048 2242 poemata
1056 2175 1089 2227 10

53 2250 100 2310 del
123 2248 161 2308 ad
182 2247 267 2308 fidem
287 2266 435 2308 causarum
452 2248 503 2308 vel
523 2250 558 2308 ad
580 2259 777 2309 ornamentum
799 2249 983 2327 eloquentiae
1001 2266 1047 2307 as·

54 2341 178 2393 sumunt.
204 2331 276 2392 Nam
292 2334 449 2411 praecipue
467 2334 581 2411 quidem
597 2333 672 2412 apud
685 2332 867 2408 Ciceronem,
880 2334 1049 2412 frequenter
1057 2343 1088 2393 11

54 2424 151 2477 minen
178 2415 253 2494 apud
274 2415 403 2475 Asinium
428 2419 514 2476 etiam
537 2426 566 2476 et
588 2426 722 2493 ceteros,
751 2419 798 2494 qui
822 2425 888 2476 sunt
912 2417 1047 2496 proximi,

56 2502 177 2562 tidirnus
198 2498 298 2575 Ennii,
326 2499 426 2575 dccii,
452 2500 585 2576 Pacuvii,
612 2500 731 2575 Lucilii,
759 2500 903 2575 Terentii,
928 2499 1049 2560 Caecilii

55 2595 82 2645 et
102 2585 227 2645 aliorum
243 2586 332 2643 inseri
346 2602 467 2659 versus,
490 2602 598 2645 summa
616 2602 673 2643 non
691 2585 857 2644 eruditionis
875 2584 961 2643 modo
982 2601 1048 2660 gra·

55 2671 93 2729 tia
115 2668 170 2727 sed
191 2669 277 2727 etiam
292 2667 489 2742 iucunditatis,
514 2686 577 2728 cum
599 2669 725 2747 poeticis
745 2668 942 2746 voluptatibus
963 2683 1049 2727 aures

56 2770 71 2811 a
92 2751 205 2811 forensi
227 2752 383 2829 asperitate
404 2753 557 2829 respirant.
594 2751 704 2825 Quibus
728 2751 842 2811 accedit
863 2769 920 2810 non
940 2752 1048 2810 medio·
1058 2760 1091 2812 12

57 2837 114 2895 cris
136 2835 263 2910 utilitas,
291 2852 355 2894 cnm
376 2838 527 2895 sententiis
547 2853 647 2895 eorum
674 2836 756 2895 velot
778 2834 946 2913 quibusdam
969 2835 1048 2893 testi·

55 2919 177 2994 moniis,
203 2936 278 2996 quae
297 2935 496 2997 proposuere,
526 2919 704 2979 confirment.
744 2919 853 2980 Verum
880 2920 977 2997 priora
998 2916 1050 2976 illa

56 3002 93 3064 ad
119 3019 226 3080 pueros
249 3002 357 3078 magis,
385 3002 459 3062 haec
483 3004 634 3080 sequentia
658 3002 694 3063 ad
720 3002 902 3062 robustiores
924 3003 1049 3081 pertines

56 3085 142 3162 bunt,
167 3104 232 3146 oum
253 3087 454 3163 grammatices
478 3103 558 3147 amor
579 3096 608 3145 et
636 3105 705 3145 usus
730 3087 864 3147 lectionis
885 3102 943 3145 non
963 3084 1049 3145 scho-

56 3170 148 3231 larum
169 3169 348 3248 temporibus
369 3169 422 3230 sed
442 3171 521 3229 vitae
542 3172 636 3248 spatio
659 3172 856 3229 terminentur.

139 3253 172 3314 ln
185 3253 386 3333 praelegendo
395 3257 598 3331 grammaticus
611 3262 641 3313 et
654 3253 705 3313 illa
717 3255 831 3332 quidem
845 3255 954 3313 minora
966 3267 1092 3332 prae-13

58 3345 135 3398 stare
157 3337 290 3413 debebit,
311 3346 342 3396 nt
371 3347 470 3416 partes
493 3339 631 3398 orationis
657 3337 738 3398 reddi
765 3338 819 3397 sibi
843 3338 940 3397 soluto
962 3355 1050 3396 versu

57 3422 205 3482 desideret
230 3430 259 3481 et
280 3421 385 3499 pedum
412 3424 625 3501 proprietates,
657 3438 732 3498 quae
757 3422 831 3482 adeo
856 3420 961 3480 debent
983 3437 1051 3479 esse

58 3516 144 3567 notae
162 3507 192 3567 in
212 3504 402 3584 carminibus,
423 3515 454 3565 ut
471 3508 556 3568 etiam
576 3508 605 3566 in
622 3507 749 3567 oratoria
770 3507 979 3584 compositione
1000 3503 1050 3564 de·
