<?xml version="1.0" encoding="UTF-8"?>
<!DOCTYPE html PUBLIC "-//W3C//DTD XHTML 1.0 Transitional//EN"
    "http://www.w3.org/TR/xhtml1/DTD/xhtml1-transitional.dtd">
<html xmlns="http://www.w3.org/1999/xhtml" xml:lang="en" lang="en">
 <head>
  <title>
</title>
<meta http-equiv="Content-Type" content="text/html;charset=utf-8" />
  <meta name='ocr-system' content='tesseract 3.04.00' />
  <meta name='ocr-capabilities' content='ocr_page ocr_carea ocr_par ocr_line ocrx_word'/>
</head>
<body>
  <div class='ocr_page' id='page_1' title='image "./mfabiiquintilia08bonngoog_0131.png"; bbox 0 0 2434 3925; ppageno 0'>
   <div class='ocr_carea' id='block_1_1' title="bbox 343 229 1062 312">
    <p class='ocr_par' dir='ltr' id='par_1_1' title="bbox 343 229 1062 312">
     <span class='ocr_line' id='line_1_1' title="bbox 343 229 1062 312; baseline -0.006 -16"><span class='ocrx_word' id='word_1_1' title='bbox 343 243 784 312; x_wconf 77' lang='lat' dir='ltr'>msr.oaaromum.11,15.</span> <span class='ocrx_word' id='word_1_2' title='bbox 1022 229 1062 293; x_wconf 83' lang='lat'>89</span> 
     </span>
    </p>
   </div>
   <div class='ocr_carea' id='block_1_2' title="bbox 51 399 1105 3591">
    <p class='ocr_par' dir='ltr' id='par_1_2' title="bbox 51 399 1105 2585">
     <span class='ocr_line' id='line_1_2' title="bbox 66 399 1061 479; baseline -0.009 -11"><span class='ocrx_word' id='word_1_3' title='bbox 66 407 157 469; x_wconf 78' lang='lat' dir='ltr'>l’olns</span> <span class='ocrx_word' id='word_1_4' title='bbox 171 403 289 465; x_wconf 83' lang='lat' dir='ltr'>iuvenili</span> <span class='ocrx_word' id='word_1_5' title='bbox 305 401 403 462; x_wconf 86' lang='lat' dir='ltr'>calore</span> <span class='ocrx_word' id='word_1_6' title='bbox 417 402 673 476; x_wconf 75' lang='lat' dir='ltr'>inconsideratior,</span> <span class='ocrx_word' id='word_1_7' title='bbox 695 409 794 462; x_wconf 87' lang='lat' dir='ltr'>contra</span> <span class='ocrx_word' id='word_1_8' title='bbox 809 419 893 479; x_wconf 89' lang='lat' dir='ltr'>quern</span> <span class='ocrx_word' id='word_1_9' title='bbox 907 400 958 460; x_wconf 89' lang='lat' dir='ltr'>illa</span> <span class='ocrx_word' id='word_1_10' title='bbox 973 399 1009 460; x_wconf 92' lang='lat' dir='ltr'>de</span> <span class='ocrx_word' id='word_1_11' title='bbox 1024 400 1061 460; x_wconf 92' lang='lat' dir='ltr'>si·</span> 
     </span>
     <span class='ocr_line' id='line_1_3' title="bbox 66 484 1062 551; baseline -0.008 0"><span class='ocrx_word' id='word_1_12' title='bbox 66 491 197 551; x_wconf 88' lang='lat' dir='ltr'>mulacro</span> <span class='ocrx_word' id='word_1_13' title='bbox 215 497 245 548; x_wconf 90' lang='lat' dir='ltr'>et</span> <span class='ocrx_word' id='word_1_14' title='bbox 259 487 423 546; x_wconf 80' lang='lat' dir='ltr'>adulatione</span> <span class='ocrx_word' id='word_1_15' title='bbox 439 486 579 545; x_wconf 89' lang='lat' dir='ltr'>dicuntur.</span> <span class='ocrx_word' id='word_1_16' title='bbox 613 485 683 545; x_wconf 85' lang='lat' dir='ltr'>Tum</span> <span class='ocrx_word' id='word_1_17' title='bbox 699 484 836 544; x_wconf 78' lang='lat' dir='ltr'>Callicles</span> <span class='ocrx_word' id='word_1_18' title='bbox 853 486 945 545; x_wconf 91' lang='lat' dir='ltr'>adhue</span> <span class='ocrx_word' id='word_1_19' title='bbox 966 488 1062 545; x_wconf 92' lang='lat' dir='ltr'>conci·</span> 
     </span>
     <span class='ocr_line' id='line_1_4' title="bbox 67 563 1077 650; baseline -0.007 -15"><span class='ocrx_word' id='word_1_20' title='bbox 67 576 166 649; x_wconf 88' lang='lat' dir='ltr'>tatior,</span> <span class='ocrx_word' id='word_1_21' title='bbox 183 574 232 650; x_wconf 88' lang='lat' dir='ltr'>qui</span> <span class='ocrx_word' id='word_1_22' title='bbox 244 581 338 634; x_wconf 84' lang='lat' dir='ltr'>tamen</span> <span class='ocrx_word' id='word_1_23' title='bbox 352 571 388 630; x_wconf 88' lang='lat' dir='ltr'>ad</span> <span class='ocrx_word' id='word_1_24' title='bbox 403 569 477 630; x_wconf 86' lang='lat' dir='ltr'>hano</span> <span class='ocrx_word' id='word_1_25' title='bbox 491 570 658 648; x_wconf 81' lang='lat' dir='ltr'>perducitur</span> <span class='ocrx_word' id='word_1_26' title='bbox 673 569 845 645; x_wconf 79' lang='lat' dir='ltr'>clausulam,</span> <span class='ocrx_word' id='word_1_27' title='bbox 861 563 913 630; x_wconf 83' lang='grc' dir='ltr'>τὸν</span> <span class='ocrx_word' id='word_1_28' title='bbox 924 566 1064 646; x_wconf 78' lang='grc' dir='ltr'><strong><em>μέλλοντα</em></strong></span> <span class='ocrx_word' id='word_1_29' title='bbox 1072 613 1077 622; x_wconf 66' lang='grc'>,.</span> 
     </span>
     <span class='ocr_line' id='line_1_5' title="bbox 66 646 1064 737; baseline -0.008 -18"><span class='ocrx_word' id='word_1_30' title='bbox 66 651 170 737; x_wconf 79' lang='grc' dir='ltr'><strong><em>ὀρθῶς</em></strong></span> <span class='ocrx_word' id='word_1_31' title='bbox 179 646 334 736; x_wconf 72' lang='grc' dir='ltr'><strong><em>ῥητορικὸν</em></strong></span> <span class='ocrx_word' id='word_1_32' title='bbox 346 653 474 727; x_wconf 75' lang='grc' dir='ltr'><em>ἔσεσθαι,</em></span> <span class='ocrx_word' id='word_1_33' title='bbox 486 654 602 714; x_wconf 77' lang='grc' dir='ltr'><strong><em>δίκαιον</em></strong></span> <span class='ocrx_word' id='word_1_34' title='bbox 612 647 670 733; x_wconf 73' lang='grc' dir='ltr'>ἄρα</span> <span class='ocrx_word' id='word_1_35' title='bbox 680 653 728 712; x_wconf 80' lang='grc' dir='ltr'>δεῖ</span> <span class='ocrx_word' id='word_1_36' title='bbox 737 646 873 713; x_wconf 76' lang='lat' dir='ltr'>eluenaci</span> <span class='ocrx_word' id='word_1_37' title='bbox 885 646 1064 732; x_wconf 75' lang='grc' dir='ltr'><strong><em>ἐπιστήμονα</em></strong></span> 
     </span>
     <span class='ocr_line' id='line_1_6' title="bbox 67 736 1062 816; baseline -0.006 -14"><span class='ocrx_word' id='word_1_38' title='bbox 67 746 127 802; x_wconf 76' lang='grc' dir='ltr'>τῶν</span> <span class='ocrx_word' id='word_1_39' title='bbox 142 740 280 813; x_wconf 62' lang='lat' dir='ltr'>ducalem</span> <span class='ocrx_word' id='word_1_40' title='bbox 301 747 331 797; x_wconf 88' lang='lat' dir='ltr'>ut</span> <span class='ocrx_word' id='word_1_41' title='bbox 346 747 499 816; x_wconf 84' lang='lat' dir='ltr'>appareat,</span> <span class='ocrx_word' id='word_1_42' title='bbox 523 737 633 797; x_wconf 88' lang='lat' dir='ltr'>Platoni</span> <span class='ocrx_word' id='word_1_43' title='bbox 649 754 706 795; x_wconf 91' lang='lat' dir='ltr'>non</span> <span class='ocrx_word' id='word_1_44' title='bbox 720 736 886 797; x_wconf 85' lang='lat' dir='ltr'>rhetoricen</span> <span class='ocrx_word' id='word_1_45' title='bbox 899 738 991 797; x_wconf 88' lang='lat' dir='ltr'>videri</span> <span class='ocrx_word' id='word_1_46' title='bbox 1004 755 1062 796; x_wconf 89' lang='lat' dir='ltr'>ma·</span> 
     </span>
     <span class='ocr_line' id='line_1_7' title="bbox 69 820 1104 898; baseline -0.004 -13"><span class='ocrx_word' id='word_1_47' title='bbox 69 826 126 886; x_wconf 93' lang='lat' dir='ltr'>lum</span> <span class='ocrx_word' id='word_1_48' title='bbox 147 825 201 884; x_wconf 91' lang='lat' dir='ltr'>sed</span> <span class='ocrx_word' id='word_1_49' title='bbox 217 842 280 883; x_wconf 89' lang='lat' dir='ltr'>eam</span> <span class='ocrx_word' id='word_1_50' title='bbox 293 840 392 882; x_wconf 86' lang='lat' dir='ltr'>veram</span> <span class='ocrx_word' id='word_1_51' title='bbox 406 824 549 881; x_wconf 87' lang='lat' dir='ltr'>nisiiusto</span> <span class='ocrx_word' id='word_1_52' title='bbox 570 840 604 881; x_wconf 92' lang='lat' dir='ltr'>ac</span> <span class='ocrx_word' id='word_1_53' title='bbox 618 821 696 881; x_wconf 88' lang='lat' dir='ltr'>hono</span> <span class='ocrx_word' id='word_1_54' title='bbox 711 838 768 881; x_wconf 92' lang='lat' dir='ltr'>non</span> <span class='ocrx_word' id='word_1_55' title='bbox 788 824 967 898; x_wconf 82' lang='lat' dir='ltr'>contingere.</span> <span class='ocrx_word' id='word_1_56' title='bbox 1004 820 1104 881; x_wconf 60' lang='lat' dir='ltr'>ild-29</span> 
     </span>
     <span class='ocr_line' id='line_1_8' title="bbox 67 906 1062 980; baseline -0.006 -11"><span class='ocrx_word' id='word_1_57' title='bbox 67 909 126 970; x_wconf 90' lang='lat' dir='ltr'>hoc</span> <span class='ocrx_word' id='word_1_58' title='bbox 140 918 236 968; x_wconf 90' lang='lat' dir='ltr'>autem</span> <span class='ocrx_word' id='word_1_59' title='bbox 250 910 279 967; x_wconf 91' lang='lat' dir='ltr'>in</span> <span class='ocrx_word' id='word_1_60' title='bbox 292 906 422 966; x_wconf 87' lang='lat' dir='ltr'>Phaedro</span> <span class='ocrx_word' id='word_1_61' title='bbox 436 907 614 966; x_wconf 84' lang='lat' dir='ltr'>manifestius</span> <span class='ocrx_word' id='word_1_62' title='bbox 632 906 717 980; x_wconf 87' lang='lat' dir='ltr'>iacit,</span> <span class='ocrx_word' id='word_1_63' title='bbox 739 906 916 966; x_wconf 84' lang='lat' dir='ltr'>hancartem</span> <span class='ocrx_word' id='word_1_64' title='bbox 932 923 1062 966; x_wconf 91' lang='lat' dir='ltr'>consum·</span> 
     </span>
     <span class='ocr_line' id='line_1_9' title="bbox 66 990 1064 1068; baseline -0.006 -15"><span class='ocrx_word' id='word_1_65' title='bbox 66 995 141 1053; x_wconf 90' lang='lat' dir='ltr'>mari</span> <span class='ocrx_word' id='word_1_66' title='bbox 157 995 228 1053; x_wconf 86' lang='lat' dir='ltr'>citra</span> <span class='ocrx_word' id='word_1_67' title='bbox 242 992 367 1050; x_wconf 88' lang='lat' dir='ltr'>iustitiae</span> <span class='ocrx_word' id='word_1_68' title='bbox 383 1007 500 1067; x_wconf 83' lang='lat' dir='ltr'>quoque</span> <span class='ocrx_word' id='word_1_69' title='bbox 512 992 661 1050; x_wconf 88' lang='lat' dir='ltr'>scientiam</span> <span class='ocrx_word' id='word_1_70' title='bbox 675 1007 732 1048; x_wconf 93' lang='lat' dir='ltr'>non</span> <span class='ocrx_word' id='word_1_71' title='bbox 746 1007 850 1068; x_wconf 88' lang='lat' dir='ltr'>posse;</span> <span class='ocrx_word' id='word_1_72' title='bbox 874 991 920 1050; x_wconf 89' lang='lat' dir='ltr'>eui</span> <span class='ocrx_word' id='word_1_73' title='bbox 935 990 1064 1068; x_wconf 89' lang='lat' dir='ltr'>opinioni</span> 
     </span>
     <span class='ocr_line' id='line_1_10' title="bbox 51 1073 1079 1156; baseline -0.006 -19"><span class='ocrx_word' id='word_1_74' title='bbox 51 1096 122 1137; x_wconf 80' lang='lat' dir='ltr'>nos</span> <span class='ocrx_word' id='word_1_75' title='bbox 147 1094 263 1156; x_wconf 87' lang='lat' dir='ltr'>qunque</span> <span class='ocrx_word' id='word_1_76' title='bbox 286 1075 464 1134; x_wconf 83' lang='lat' dir='ltr'>accedimus·</span> <span class='ocrx_word' id='word_1_77' title='bbox 495 1073 540 1133; x_wconf 82' lang='lat' dir='ltr'>An</span> <span class='ocrx_word' id='word_1_78' title='bbox 561 1074 646 1134; x_wconf 89' lang='lat' dir='ltr'>aliter</span> <span class='ocrx_word' id='word_1_79' title='bbox 666 1074 863 1134; x_wconf 84' lang='lat' dir='ltr'>defensionem</span> <span class='ocrx_word' id='word_1_80' title='bbox 883 1075 1012 1133; x_wconf 90' lang='lat' dir='ltr'>Socratis</span> <span class='ocrx_word' id='word_1_81' title='bbox 1034 1082 1079 1131; x_wconf 87' lang='lat' dir='ltr'>et</span> 
     </span>
     <span class='ocr_line' id='line_1_11' title="bbox 66 1158 1063 1238; baseline -0.005 -17"><span class='ocrx_word' id='word_1_82' title='bbox 66 1180 187 1236; x_wconf 87' lang='lat' dir='ltr'>eorum,</span> <span class='ocrx_word' id='word_1_83' title='bbox 209 1161 257 1237; x_wconf 87' lang='lat' dir='ltr'>qui</span> <span class='ocrx_word' id='word_1_84' title='bbox 271 1177 324 1238; x_wconf 90' lang='lat' dir='ltr'>pro</span> <span class='ocrx_word' id='word_1_85' title='bbox 342 1160 434 1236; x_wconf 88' lang='lat' dir='ltr'>patria</span> <span class='ocrx_word' id='word_1_86' title='bbox 450 1159 631 1234; x_wconf 88' lang='lat' dir='ltr'>ceciderant,</span> <span class='ocrx_word' id='word_1_87' title='bbox 653 1158 766 1218; x_wconf 90' lang='lat' dir='ltr'>laudem</span> <span class='ocrx_word' id='word_1_88' title='bbox 780 1159 962 1236; x_wconf 87' lang='lat' dir='ltr'>scripsisset;</span> <span class='ocrx_word' id='word_1_89' title='bbox 985 1174 1063 1235; x_wconf 86' lang='lat' dir='ltr'>quae</span> 
     </span>
     <span class='ocr_line' id='line_1_12' title="bbox 67 1239 1105 1320; baseline -0.006 -14"><span class='ocrx_word' id='word_1_90' title='bbox 67 1254 151 1306; x_wconf 82' lang='lat' dir='ltr'>certe</span> <span class='ocrx_word' id='word_1_91' title='bbox 173 1254 238 1304; x_wconf 90' lang='lat' dir='ltr'>sunt</span> <span class='ocrx_word' id='word_1_92' title='bbox 262 1244 384 1301; x_wconf 86' lang='lat' dir='ltr'>oratoris</span> <span class='ocrx_word' id='word_1_93' title='bbox 409 1239 521 1320; x_wconf 80' lang='lat' dir='ltr'>opera?</span> <span class='ocrx_word' id='word_1_94' title='bbox 567 1243 627 1303; x_wconf 90' lang='lat' dir='ltr'>Sed</span> <span class='ocrx_word' id='word_1_95' title='bbox 648 1245 677 1303; x_wconf 91' lang='lat' dir='ltr'>in</span> <span class='ocrx_word' id='word_1_96' title='bbox 703 1242 773 1303; x_wconf 91' lang='lat' dir='ltr'>illud</span> <span class='ocrx_word' id='word_1_97' title='bbox 796 1243 939 1301; x_wconf 93' lang='lat' dir='ltr'>hominum</span> <span class='ocrx_word' id='word_1_98' title='bbox 958 1252 1105 1317; x_wconf 81' lang='lat' dir='ltr'>genus,3o</span> 
     </span>
     <span class='ocr_line' id='line_1_13' title="bbox 69 1325 1063 1407; baseline -0.005 -18"><span class='ocrx_word' id='word_1_99' title='bbox 69 1329 148 1407; x_wconf 90' lang='lat' dir='ltr'>quod</span> <span class='ocrx_word' id='word_1_100' title='bbox 163 1329 303 1387; x_wconf 87' lang='lat' dir='ltr'>facilitate</span> <span class='ocrx_word' id='word_1_101' title='bbox 324 1327 436 1386; x_wconf 89' lang='lat' dir='ltr'>dicendi</span> <span class='ocrx_word' id='word_1_102' title='bbox 452 1327 528 1386; x_wconf 88' lang='lat' dir='ltr'>male</span> <span class='ocrx_word' id='word_1_103' title='bbox 541 1326 690 1403; x_wconf 85' lang='lat' dir='ltr'>utebatur,</span> <span class='ocrx_word' id='word_1_104' title='bbox 712 1328 842 1386; x_wconf 87' lang='lat' dir='ltr'>invectus</span> <span class='ocrx_word' id='word_1_105' title='bbox 863 1336 917 1386; x_wconf 91' lang='lat' dir='ltr'>est.</span> <span class='ocrx_word' id='word_1_106' title='bbox 947 1325 1019 1385; x_wconf 90' lang='lat' dir='ltr'>Nam</span> <span class='ocrx_word' id='word_1_107' title='bbox 1034 1334 1063 1384; x_wconf 88' lang='lat' dir='ltr'>et</span> 
     </span>
     <span class='ocr_line' id='line_1_14' title="bbox 66 1409 1062 1489; baseline -0.005 -16"><span class='ocrx_word' id='word_1_108' title='bbox 66 1415 208 1474; x_wconf 88' lang='lat' dir='ltr'>Socrates</span> <span class='ocrx_word' id='word_1_109' title='bbox 222 1412 401 1471; x_wconf 89' lang='lat' dir='ltr'>inhonestam</span> <span class='ocrx_word' id='word_1_110' title='bbox 416 1410 471 1470; x_wconf 90' lang='lat' dir='ltr'>sibi</span> <span class='ocrx_word' id='word_1_111' title='bbox 486 1411 607 1471; x_wconf 88' lang='lat' dir='ltr'>credidit</span> <span class='ocrx_word' id='word_1_112' title='bbox 624 1413 797 1487; x_wconf 85' lang='lat' dir='ltr'>orationem,</span> <span class='ocrx_word' id='word_1_113' title='bbox 821 1428 904 1489; x_wconf 86' lang='lat' dir='ltr'>quam</span> <span class='ocrx_word' id='word_1_114' title='bbox 920 1413 947 1471; x_wconf 92' lang='lat' dir='ltr'>ei</span> <span class='ocrx_word' id='word_1_115' title='bbox 961 1409 1062 1486; x_wconf 75' lang='lat' dir='ltr'>Lysias</span> 
     </span>
     <span class='ocr_line' id='line_1_15' title="bbox 68 1494 1063 1574; baseline -0.003 -17"><span class='ocrx_word' id='word_1_116' title='bbox 68 1515 121 1558; x_wconf 88' lang='lat' dir='ltr'>reo</span> <span class='ocrx_word' id='word_1_117' title='bbox 135 1503 352 1574; x_wconf 88' lang='lat' dir='ltr'>composuerat;</span> <span class='ocrx_word' id='word_1_118' title='bbox 371 1503 401 1553; x_wconf 90' lang='lat' dir='ltr'>et</span> <span class='ocrx_word' id='word_1_119' title='bbox 415 1503 473 1553; x_wconf 90' lang='lat' dir='ltr'>tum</span> <span class='ocrx_word' id='word_1_120' title='bbox 487 1496 608 1554; x_wconf 82' lang='lat' dir='ltr'>maxime</span> <span class='ocrx_word' id='word_1_121' title='bbox 623 1495 752 1555; x_wconf 87' lang='lat' dir='ltr'>scrihere</span> <span class='ocrx_word' id='word_1_122' title='bbox 767 1494 970 1572; x_wconf 79' lang='lat' dir='ltr'>litigatoribus,</span> <span class='ocrx_word' id='word_1_123' title='bbox 988 1512 1063 1572; x_wconf 82' lang='lat' dir='ltr'>quae</span> 
     </span>
     <span class='ocr_line' id='line_1_16' title="bbox 66 1578 1062 1659; baseline -0.004 -18"><span class='ocrx_word' id='word_1_124' title='bbox 66 1582 110 1643; x_wconf 90' lang='lat' dir='ltr'>illi</span> <span class='ocrx_word' id='word_1_125' title='bbox 127 1598 181 1658; x_wconf 91' lang='lat' dir='ltr'>pro</span> <span class='ocrx_word' id='word_1_126' title='bbox 196 1598 228 1639; x_wconf 89' lang='lat' dir='ltr'>se</span> <span class='ocrx_word' id='word_1_127' title='bbox 243 1581 299 1657; x_wconf 91' lang='lat' dir='ltr'>ipsi</span> <span class='ocrx_word' id='word_1_128' title='bbox 313 1578 459 1653; x_wconf 87' lang='lat' dir='ltr'>dicerent,</span> <span class='ocrx_word' id='word_1_129' title='bbox 481 1589 542 1638; x_wconf 89' lang='lat' dir='ltr'>erat</span> <span class='ocrx_word' id='word_1_130' title='bbox 556 1581 660 1653; x_wconf 89' lang='lat' dir='ltr'>moris,</span> <span class='ocrx_word' id='word_1_131' title='bbox 682 1588 769 1659; x_wconf 85' lang='lat' dir='ltr'>atque</span> <span class='ocrx_word' id='word_1_132' title='bbox 784 1581 824 1639; x_wconf 88' lang='lat' dir='ltr'>ita</span> <span class='ocrx_word' id='word_1_133' title='bbox 838 1580 907 1654; x_wconf 93' lang='lat' dir='ltr'>iuri,</span> <span class='ocrx_word' id='word_1_134' title='bbox 931 1596 988 1656; x_wconf 90' lang='lat' dir='ltr'>quo</span> <span class='ocrx_word' id='word_1_135' title='bbox 1006 1596 1062 1639; x_wconf 91' lang='lat' dir='ltr'>nou</span> 
     </span>
     <span class='ocr_line' id='line_1_17' title="bbox 69 1662 1103 1741; baseline -0.002 -15"><span class='ocrx_word' id='word_1_136' title='bbox 69 1663 178 1727; x_wconf 88' lang='lat' dir='ltr'>licebat</span> <span class='ocrx_word' id='word_1_137' title='bbox 194 1681 246 1741; x_wconf 89' lang='lat' dir='ltr'>pro</span> <span class='ocrx_word' id='word_1_138' title='bbox 262 1662 355 1722; x_wconf 88' lang='lat' dir='ltr'>altero</span> <span class='ocrx_word' id='word_1_139' title='bbox 372 1680 477 1739; x_wconf 82' lang='lat' dir='ltr'>agere,</span> <span class='ocrx_word' id='word_1_140' title='bbox 500 1662 578 1722; x_wconf 84' lang='lat' dir='ltr'>fraus</span> <span class='ocrx_word' id='word_1_141' title='bbox 598 1662 795 1722; x_wconf 85' lang='lat' dir='ltr'>adhibebatur.</span> <span class='ocrx_word' id='word_1_142' title='bbox 829 1663 976 1723; x_wconf 86' lang='lat' dir='ltr'>Doctores</span> <span class='ocrx_word' id='word_1_143' title='bbox 992 1680 1062 1741; x_wconf 89' lang='lat' dir='ltr'>quo·</span> <span class='ocrx_word' id='word_1_144' title='bbox 1070 1671 1103 1724; x_wconf 84' lang='lat'>31</span> 
     </span>
     <span class='ocr_line' id='line_1_18' title="bbox 68 1746 1064 1829; baseline -0.003 -21"><span class='ocrx_word' id='word_1_145' title='bbox 68 1767 126 1829; x_wconf 90' lang='lat' dir='ltr'>que</span> <span class='ocrx_word' id='word_1_146' title='bbox 139 1750 201 1807; x_wconf 91' lang='lat' dir='ltr'>eius</span> <span class='ocrx_word' id='word_1_147' title='bbox 213 1746 281 1806; x_wconf 84' lang='lat' dir='ltr'>artis</span> <span class='ocrx_word' id='word_1_148' title='bbox 296 1764 395 1825; x_wconf 91' lang='lat' dir='ltr'>parum</span> <span class='ocrx_word' id='word_1_149' title='bbox 410 1746 506 1806; x_wconf 91' lang='lat' dir='ltr'>idonei</span> <span class='ocrx_word' id='word_1_150' title='bbox 518 1747 628 1806; x_wconf 91' lang='lat' dir='ltr'>Platoni</span> <span class='ocrx_word' id='word_1_151' title='bbox 642 1748 821 1821; x_wconf 86' lang='lat' dir='ltr'>videbantur,</span> <span class='ocrx_word' id='word_1_152' title='bbox 838 1749 886 1826; x_wconf 86' lang='lat' dir='ltr'>qui</span> <span class='ocrx_word' id='word_1_153' title='bbox 898 1748 1064 1807; x_wconf 87' lang='lat' dir='ltr'>rhetoricen</span> 
     </span>
     <span class='ocr_line' id='line_1_19' title="bbox 67 1830 1064 1909; baseline -0.001 -16"><span class='ocrx_word' id='word_1_154' title='bbox 67 1833 209 1893; x_wconf 89' lang='lat' dir='ltr'>aiustitia</span> <span class='ocrx_word' id='word_1_155' title='bbox 229 1840 398 1908; x_wconf 78' lang='lat' dir='ltr'>separarent</span> <span class='ocrx_word' id='word_1_156' title='bbox 421 1838 450 1889; x_wconf 92' lang='lat' dir='ltr'>et</span> <span class='ocrx_word' id='word_1_157' title='bbox 469 1832 547 1890; x_wconf 84' lang='lat' dir='ltr'>veris</span> <span class='ocrx_word' id='word_1_158' title='bbox 569 1830 718 1891; x_wconf 89' lang='lat' dir='ltr'>credibilia</span> <span class='ocrx_word' id='word_1_159' title='bbox 739 1832 934 1909; x_wconf 84' lang='lat' dir='ltr'>praeferreut;</span> <span class='ocrx_word' id='word_1_160' title='bbox 954 1849 1017 1890; x_wconf 88' lang='lat' dir='ltr'>narn</span> <span class='ocrx_word' id='word_1_161' title='bbox 1035 1834 1064 1893; x_wconf 90' lang='lat' dir='ltr'>id</span> 
     </span>
     <span class='ocr_line' id='line_1_20' title="bbox 68 1913 1104 1999; baseline -0.005 -20"><span class='ocrx_word' id='word_1_162' title='bbox 68 1934 189 1999; x_wconf 83' lang='lat' dir='ltr'>quoqne</span> <span class='ocrx_word' id='word_1_163' title='bbox 210 1916 278 1976; x_wconf 89' lang='lat' dir='ltr'>dicit</span> <span class='ocrx_word' id='word_1_164' title='bbox 297 1916 326 1974; x_wconf 93' lang='lat' dir='ltr'>in</span> <span class='ocrx_word' id='word_1_165' title='bbox 347 1914 488 1975; x_wconf 90' lang='lat' dir='ltr'>Phaedro.</span> <span class='ocrx_word' id='word_1_166' title='bbox 526 1913 718 1975; x_wconf 86' lang='lat' dir='ltr'>Consensisse</span> <span class='ocrx_word' id='word_1_167' title='bbox 740 1916 910 1976; x_wconf 89' lang='lat' dir='ltr'>autemillis</span> <span class='ocrx_word' id='word_1_168' title='bbox 932 1917 1104 1993; x_wconf 78' lang='lat' dir='ltr'>superio-32</span> 
     </span>
     <span class='ocr_line' id='line_1_21' title="bbox 68 1997 1062 2077; baseline -0.003 -15"><span class='ocrx_word' id='word_1_169' title='bbox 68 2002 149 2062; x_wconf 89' lang='lat' dir='ltr'>ribus</span> <span class='ocrx_word' id='word_1_170' title='bbox 169 2003 261 2062; x_wconf 88' lang='lat' dir='ltr'>videri</span> <span class='ocrx_word' id='word_1_171' title='bbox 275 2008 373 2077; x_wconf 90' lang='lat' dir='ltr'>potest</span> <span class='ocrx_word' id='word_1_172' title='bbox 390 2001 475 2058; x_wconf 88' lang='lat' dir='ltr'>etiarn</span> <span class='ocrx_word' id='word_1_173' title='bbox 497 1997 697 2058; x_wconf 81' lang='lat' dir='ltr'>Cornelius</span> <span class='ocrx_word' id='word_1_174' title='bbox 720 1999 867 2074; x_wconf 84' lang='lat' dir='ltr'>Celsus,</span> <span class='ocrx_word' id='word_1_175' title='bbox 894 2002 974 2060; x_wconf 92' lang='lat' dir='ltr'>cuius</span> <span class='ocrx_word' id='word_1_176' title='bbox 989 1999 1062 2059; x_wconf 86' lang='lat' dir='ltr'>haec</span> 
     </span>
     <span class='ocr_line' id='line_1_22' title="bbox 66 2080 1062 2164; baseline -0.005 -18"><span class='ocrx_word' id='word_1_177' title='bbox 66 2084 160 2151; x_wconf 83' lang='lat' dir='ltr'>verba</span> <span class='ocrx_word' id='word_1_178' title='bbox 175 2093 255 2144; x_wconf 88' lang='lat' dir='ltr'>sunt:</span> <span class='ocrx_word' id='word_1_179' title='bbox 283 2080 396 2144; x_wconf 81' lang='lat' dir='ltr'>Orator</span> <span class='ocrx_word' id='word_1_180' title='bbox 409 2084 506 2144; x_wconf 80' lang='lat' dir='ltr'>simile</span> <span class='ocrx_word' id='word_1_181' title='bbox 520 2090 637 2144; x_wconf 85' lang='lat' dir='ltr'>tactum</span> <span class='ocrx_word' id='word_1_182' title='bbox 650 2086 719 2145; x_wconf 68' lang='lat' dir='ltr'>cern</span> <span class='ocrx_word' id='word_1_183' title='bbox 731 2087 816 2164; x_wconf 83' lang='lat' dir='ltr'>petit.</span> <span class='ocrx_word' id='word_1_184' title='bbox 846 2083 959 2143; x_wconf 86' lang='lat' dir='ltr'>Deinde</span> <span class='ocrx_word' id='word_1_185' title='bbox 975 2083 1062 2161; x_wconf 92' lang='lat' dir='ltr'>paulo</span> 
     </span>
     <span class='ocr_line' id='line_1_23' title="bbox 67 2165 1064 2249; baseline -0.001 -20"><span class='ocrx_word' id='word_1_186' title='bbox 67 2177 153 2249; x_wconf 86' lang='lat' dir='ltr'>post:</span> <span class='ocrx_word' id='word_1_187' title='bbox 176 2165 244 2230; x_wconf 85' lang='lat' dir='ltr'>Noc</span> <span class='ocrx_word' id='word_1_188' title='bbox 266 2168 345 2229; x_wconf 81' lang='lat' dir='ltr'>enim</span> <span class='ocrx_word' id='word_1_189' title='bbox 368 2168 447 2228; x_wconf 86' lang='lat' dir='ltr'>hono</span> <span class='ocrx_word' id='word_1_190' title='bbox 470 2169 657 2230; x_wconf 80' lang='lat' dir='ltr'>conscientia</span> <span class='ocrx_word' id='word_1_191' title='bbox 681 2171 738 2231; x_wconf 85' lang='lat' dir='ltr'>aed</span> <span class='ocrx_word' id='word_1_192' title='bbox 760 2170 890 2230; x_wconf 65' lang='lat' dir='ltr'>acroma</span> <span class='ocrx_word' id='word_1_193' title='bbox 917 2166 1064 2247; x_wconf 69' lang='lat' dir='ltr'>diripientia</span> 
     </span>
     <span class='ocr_line' id='line_1_24' title="bbox 66 2250 1063 2331; baseline -0.006 -15"><span class='ocrx_word' id='word_1_194' title='bbox 66 2263 114 2316; x_wconf 85' lang='lat' dir='ltr'>eat</span> <span class='ocrx_word' id='word_1_195' title='bbox 125 2254 306 2330; x_wconf 72' lang='lat' dir='ltr'>pauentium.</span> <span class='ocrx_word' id='word_1_196' title='bbox 341 2250 422 2324; x_wconf 81' lang='lat' dir='ltr'>Quae</span> <span class='ocrx_word' id='word_1_197' title='bbox 443 2253 468 2310; x_wconf 90' lang='lat' dir='ltr'>si</span> <span class='ocrx_word' id='word_1_198' title='bbox 487 2270 557 2311; x_wconf 87' lang='lat' dir='ltr'>vera</span> <span class='ocrx_word' id='word_1_199' title='bbox 574 2261 691 2325; x_wconf 91' lang='lat' dir='ltr'>essent,</span> <span class='ocrx_word' id='word_1_200' title='bbox 711 2255 900 2331; x_wconf 91' lang='lat' dir='ltr'>pessimorum</span> <span class='ocrx_word' id='word_1_201' title='bbox 920 2252 1063 2312; x_wconf 88' lang='lat' dir='ltr'>hominum</span> 
     </span>
     <span class='ocr_line' id='line_1_25' title="bbox 67 2334 1061 2413; baseline -0.004 -15"><span class='ocrx_word' id='word_1_202' title='bbox 67 2340 157 2411; x_wconf 81' lang='lat' dir='ltr'>foret,</span> <span class='ocrx_word' id='word_1_203' title='bbox 173 2334 246 2395; x_wconf 91' lang='lat' dir='ltr'>haec</span> <span class='ocrx_word' id='word_1_204' title='bbox 260 2343 317 2394; x_wconf 71' lang='lat' dir='ltr'>mm</span> <span class='ocrx_word' id='word_1_205' title='bbox 329 2336 493 2413; x_wconf 86' lang='lat' dir='ltr'>perniciosa</span> <span class='ocrx_word' id='word_1_206' title='bbox 507 2338 718 2396; x_wconf 90' lang='lat' dir='ltr'>nocentissimis</span> <span class='ocrx_word' id='word_1_207' title='bbox 732 2336 859 2398; x_wconf 87' lang='lat' dir='ltr'>moribus</span> <span class='ocrx_word' id='word_1_208' title='bbox 873 2337 943 2396; x_wconf 89' lang='lat' dir='ltr'>dare</span> <span class='ocrx_word' id='word_1_209' title='bbox 958 2339 1061 2396; x_wconf 91' lang='lat' dir='ltr'>instru-</span> 
     </span>
     <span class='ocr_line' id='line_1_26' title="bbox 67 2421 1062 2499; baseline -0.002 -19"><span class='ocrx_word' id='word_1_210' title='bbox 67 2429 164 2481; x_wconf 92' lang='lat' dir='ltr'>menta</span> <span class='ocrx_word' id='word_1_211' title='bbox 181 2429 211 2479; x_wconf 89' lang='lat' dir='ltr'>et</span> <span class='ocrx_word' id='word_1_212' title='bbox 230 2421 385 2497; x_wconf 85' lang='lat' dir='ltr'>nequitiam</span> <span class='ocrx_word' id='word_1_213' title='bbox 405 2423 569 2499; x_wconf 88' lang='lat' dir='ltr'>praeceptis</span> <span class='ocrx_word' id='word_1_214' title='bbox 594 2421 739 2480; x_wconf 89' lang='lat' dir='ltr'>adiuvare.</span> <span class='ocrx_word' id='word_1_215' title='bbox 781 2421 840 2482; x_wconf 88' lang='lat' dir='ltr'>Sed</span> <span class='ocrx_word' id='word_1_216' title='bbox 861 2421 904 2480; x_wconf 90' lang='lat' dir='ltr'>illi</span> <span class='ocrx_word' id='word_1_217' title='bbox 923 2423 1062 2481; x_wconf 88' lang='lat' dir='ltr'>rationem</span> 
     </span>
     <span class='ocr_line' id='line_1_27' title="bbox 70 2504 854 2585; baseline -0.011 -20"><span class='ocrx_word' id='word_1_218' title='bbox 70 2506 214 2585; x_wconf 91' lang='lat' dir='ltr'>opinionis</span> <span class='ocrx_word' id='word_1_219' title='bbox 229 2521 298 2562; x_wconf 89' lang='lat' dir='ltr'>suae</span> <span class='ocrx_word' id='word_1_220' title='bbox 311 2504 443 2562; x_wconf 88' lang='lat' dir='ltr'>viderint.</span> <span class='ocrx_word' id='word_1_221' title='bbox 848 2520 854 2531; x_wconf 69' lang='lat'><strong><em>¹</em></strong></span> 
     </span>
    </p>

    <p class='ocr_par' dir='ltr' id='par_1_3' title="bbox 68 2582 1105 3591">
     <span class='ocr_line' id='line_1_28' title="bbox 154 2582 1105 2667; baseline -0.002 -20"><span class='ocrx_word' id='word_1_222' title='bbox 154 2587 215 2647; x_wconf 90' lang='lat' dir='ltr'>Nos</span> <span class='ocrx_word' id='word_1_223' title='bbox 231 2595 325 2646; x_wconf 90' lang='lat' dir='ltr'>autern</span> <span class='ocrx_word' id='word_1_224' title='bbox 345 2588 469 2667; x_wconf 81' lang='lat' dir='ltr'>ingressi</span> <span class='ocrx_word' id='word_1_225' title='bbox 484 2582 608 2646; x_wconf 83' lang='lat' dir='ltr'>formare</span> <span class='ocrx_word' id='word_1_226' title='bbox 623 2588 785 2664; x_wconf 84' lang='lat' dir='ltr'>perlectum</span> <span class='ocrx_word' id='word_1_227' title='bbox 801 2598 963 2662; x_wconf 87' lang='lat' dir='ltr'>oratorem,</span> <span class='ocrx_word' id='word_1_228' title='bbox 980 2597 1105 2664; x_wconf 82' lang='lat' dir='ltr'>quem33</span> 
     </span>
     <span class='ocr_line' id='line_1_29' title="bbox 70 2670 1063 2751; baseline -0.003 -19"><span class='ocrx_word' id='word_1_229' title='bbox 70 2673 217 2750; x_wconf 87' lang='lat' dir='ltr'>inprimis</span> <span class='ocrx_word' id='word_1_230' title='bbox 239 2689 306 2730; x_wconf 90' lang='lat' dir='ltr'>esse</span> <span class='ocrx_word' id='word_1_231' title='bbox 328 2673 418 2729; x_wconf 90' lang='lat' dir='ltr'>virum</span> <span class='ocrx_word' id='word_1_232' title='bbox 432 2670 537 2730; x_wconf 92' lang='lat' dir='ltr'>honum</span> <span class='ocrx_word' id='word_1_233' title='bbox 557 2672 705 2746; x_wconf 90' lang='lat' dir='ltr'>volumus,</span> <span class='ocrx_word' id='word_1_234' title='bbox 733 2673 767 2732; x_wconf 89' lang='lat' dir='ltr'>ad</span> <span class='ocrx_word' id='word_1_235' title='bbox 789 2690 859 2747; x_wconf 90' lang='lat' dir='ltr'>eos,</span> <span class='ocrx_word' id='word_1_236' title='bbox 886 2674 934 2751; x_wconf 89' lang='lat' dir='ltr'>qui</span> <span class='ocrx_word' id='word_1_237' title='bbox 956 2671 1063 2730; x_wconf 86' lang='lat' dir='ltr'>dehoc</span> 
     </span>
     <span class='ocr_line' id='line_1_30' title="bbox 71 2755 1062 2834; baseline -0.003 -19"><span class='ocrx_word' id='word_1_238' title='bbox 71 2773 164 2834; x_wconf 90' lang='lat' dir='ltr'>opere</span> <span class='ocrx_word' id='word_1_239' title='bbox 183 2755 286 2814; x_wconf 91' lang='lat' dir='ltr'>melius</span> <span class='ocrx_word' id='word_1_240' title='bbox 308 2757 449 2830; x_wconf 91' lang='lat' dir='ltr'>sentiunt,</span> <span class='ocrx_word' id='word_1_241' title='bbox 474 2763 661 2814; x_wconf 87' lang='lat' dir='ltr'>revertamur.</span> <span class='ocrx_word' id='word_1_242' title='bbox 695 2755 873 2816; x_wconf 88' lang='lat' dir='ltr'>Rhetoricen</span> <span class='ocrx_word' id='word_1_243' title='bbox 893 2764 986 2815; x_wconf 90' lang='lat' dir='ltr'>autem</span> <span class='ocrx_word' id='word_1_244' title='bbox 1002 2756 1062 2831; x_wconf 87' lang='lat' dir='ltr'>qui·</span> 
     </span>
     <span class='ocr_line' id='line_1_31' title="bbox 70 2838 1064 2908; baseline -0.001 -8"><span class='ocrx_word' id='word_1_245' title='bbox 70 2841 135 2900; x_wconf 89' lang='lat' dir='ltr'>dam</span> <span class='ocrx_word' id='word_1_246' title='bbox 149 2839 269 2899; x_wconf 88' lang='lat' dir='ltr'>eandem</span> <span class='ocrx_word' id='word_1_247' title='bbox 283 2840 456 2900; x_wconf 76' lang='lat' dir='ltr'>civilitatem</span> <span class='ocrx_word' id='word_1_248' title='bbox 474 2857 541 2898; x_wconf 92' lang='lat' dir='ltr'>esse</span> <span class='ocrx_word' id='word_1_249' title='bbox 562 2840 772 2908; x_wconf 87' lang='lat' dir='ltr'>iudicaverunt;</span> <span class='ocrx_word' id='word_1_250' title='bbox 796 2838 900 2899; x_wconf 89' lang='lat' dir='ltr'>Cicero</span> <span class='ocrx_word' id='word_1_251' title='bbox 917 2840 1064 2900; x_wconf 76' lang='lat' dir='ltr'>oetentiae</span> 
     </span>
     <span class='ocr_line' id='line_1_32' title="bbox 71 2922 1062 3002; baseline -0.006 -16"><span class='ocrx_word' id='word_1_252' title='bbox 71 2925 170 2986; x_wconf 68' lang='lat' dir='ltr'>amus</span> <span class='ocrx_word' id='word_1_253' title='bbox 187 2932 309 3001; x_wconf 83' lang='lat' dir='ltr'>partem</span> <span class='ocrx_word' id='word_1_254' title='bbox 328 2930 429 2997; x_wconf 81' lang='lat' dir='ltr'>vocat,</span> <span class='ocrx_word' id='word_1_255' title='bbox 454 2923 546 2982; x_wconf 84' lang='lat' dir='ltr'>civilis</span> <span class='ocrx_word' id='word_1_256' title='bbox 567 2931 660 2982; x_wconf 88' lang='lat' dir='ltr'>autem</span> <span class='ocrx_word' id='word_1_257' title='bbox 683 2926 803 2984; x_wconf 89' lang='lat' dir='ltr'>scientia</span> <span class='ocrx_word' id='word_1_258' title='bbox 823 2924 899 2984; x_wconf 92' lang='lat' dir='ltr'>idem</span> <span class='ocrx_word' id='word_1_259' title='bbox 919 2922 996 3002; x_wconf 89' lang='lat' dir='ltr'>quod</span> <span class='ocrx_word' id='word_1_260' title='bbox 1017 2940 1062 2981; x_wconf 88' lang='lat' dir='ltr'>sa-</span> 
     </span>
     <span class='ocr_line' id='line_1_33' title="bbox 69 3005 1062 3087; baseline -0.002 -20"><span class='ocrx_word' id='word_1_261' title='bbox 69 3010 179 3087; x_wconf 84' lang='lat' dir='ltr'>pientia</span> <span class='ocrx_word' id='word_1_262' title='bbox 199 3015 258 3069; x_wconf 85' lang='lat' dir='ltr'>est:</span> <span class='ocrx_word' id='word_1_263' title='bbox 280 3007 392 3084; x_wconf 89' lang='lat' dir='ltr'>quidam</span> <span class='ocrx_word' id='word_1_264' title='bbox 412 3008 531 3066; x_wconf 90' lang='lat' dir='ltr'>eandem</span> <span class='ocrx_word' id='word_1_265' title='bbox 546 3005 775 3086; x_wconf 88' lang='lat' dir='ltr'>philosophiam,</span> <span class='ocrx_word' id='word_1_266' title='bbox 799 3025 920 3086; x_wconf 89' lang='lat' dir='ltr'>quorum</span> <span class='ocrx_word' id='word_1_267' title='bbox 942 3016 987 3066; x_wconf 89' lang='lat' dir='ltr'>est</span> <span class='ocrx_word' id='word_1_268' title='bbox 1001 3006 1062 3066; x_wconf 89' lang='lat' dir='ltr'>lso·</span> 
     </span>
     <span class='ocr_line' id='line_1_34' title="bbox 70 3089 1105 3167; baseline -0.002 -13"><span class='ocrx_word' id='word_1_269' title='bbox 70 3101 178 3154; x_wconf 83' lang='lat' dir='ltr'>crates.</span> <span class='ocrx_word' id='word_1_270' title='bbox 206 3090 280 3152; x_wconf 89' lang='lat' dir='ltr'>Huic</span> <span class='ocrx_word' id='word_1_271' title='bbox 297 3093 358 3150; x_wconf 89' lang='lat' dir='ltr'>eius</span> <span class='ocrx_word' id='word_1_272' title='bbox 374 3089 549 3150; x_wconf 88' lang='lat' dir='ltr'>substantiae</span> <span class='ocrx_word' id='word_1_273' title='bbox 563 3094 684 3151; x_wconf 86' lang='lat' dir='ltr'>maxime</span> <span class='ocrx_word' id='word_1_274' title='bbox 701 3095 854 3152; x_wconf 90' lang='lat' dir='ltr'>conveniet</span> <span class='ocrx_word' id='word_1_275' title='bbox 868 3092 972 3167; x_wconf 88' lang='lat' dir='ltr'>linitio,</span> <span class='ocrx_word' id='word_1_276' title='bbox 995 3092 1105 3152; x_wconf 77' lang='lat' dir='ltr'>rho-34</span> 
     </span>
     <span class='ocr_line' id='line_1_35' title="bbox 68 3175 1062 3240; baseline -0.007 0"><span class='ocrx_word' id='word_1_277' title='bbox 68 3178 187 3240; x_wconf 63' lang='lat' dir='ltr'>tannen</span> <span class='ocrx_word' id='word_1_278' title='bbox 214 3193 281 3237; x_wconf 81' lang='lat' dir='ltr'>eaeo</span> <span class='ocrx_word' id='word_1_279' title='bbox 310 3176 386 3236; x_wconf 87' lang='lat' dir='ltr'>hene</span> <span class='ocrx_word' id='word_1_280' title='bbox 414 3175 538 3238; x_wconf 80' lang='lat' dir='ltr'>dicendi</span> <span class='ocrx_word' id='word_1_281' title='bbox 564 3177 732 3239; x_wconf 67' lang='lat' dir='ltr'>edentium.</span> <span class='ocrx_word' id='word_1_282' title='bbox 773 3175 846 3235; x_wconf 88' lang='lat' dir='ltr'>Nam</span> <span class='ocrx_word' id='word_1_283' title='bbox 871 3184 900 3236; x_wconf 87' lang='lat' dir='ltr'>et</span> <span class='ocrx_word' id='word_1_284' title='bbox 925 3177 1062 3235; x_wconf 90' lang='lat' dir='ltr'>orationis</span> 
     </span>
     <span class='ocr_line' id='line_1_36' title="bbox 68 3258 1082 3337; baseline -0.003 -16"><span class='ocrx_word' id='word_1_285' title='bbox 68 3276 170 3321; x_wconf 88' lang='lat' dir='ltr'>omnes</span> <span class='ocrx_word' id='word_1_286' title='bbox 184 3261 304 3318; x_wconf 88' lang='lat' dir='ltr'>virtutes</span> <span class='ocrx_word' id='word_1_287' title='bbox 327 3258 417 3318; x_wconf 88' lang='lat' dir='ltr'>semel</span> <span class='ocrx_word' id='word_1_288' title='bbox 440 3259 641 3336; x_wconf 88' lang='lat' dir='ltr'>complectitur</span> <span class='ocrx_word' id='word_1_289' title='bbox 663 3269 692 3318; x_wconf 89' lang='lat' dir='ltr'>et</span> <span class='ocrx_word' id='word_1_290' title='bbox 712 3262 841 3337; x_wconf 88' lang='lat' dir='ltr'>protinus</span> <span class='ocrx_word' id='word_1_291' title='bbox 861 3277 957 3320; x_wconf 90' lang='lat' dir='ltr'>mores</span> <span class='ocrx_word' id='word_1_292' title='bbox 978 3262 1082 3319; x_wconf 90' lang='lat' dir='ltr'>etiam.</span> 
     </span>
     <span class='ocr_line' id='line_1_37' title="bbox 68 3341 1103 3425; baseline -0.002 -21"><span class='ocrx_word' id='word_1_293' title='bbox 68 3345 211 3417; x_wconf 87' lang='lat' dir='ltr'>oratoris,</span> <span class='ocrx_word' id='word_1_294' title='bbox 228 3361 291 3402; x_wconf 92' lang='lat' dir='ltr'>cum</span> <span class='ocrx_word' id='word_1_295' title='bbox 305 3342 380 3402; x_wconf 92' lang='lat' dir='ltr'>hene</span> <span class='ocrx_word' id='word_1_296' title='bbox 396 3341 493 3402; x_wconf 88' lang='lat' dir='ltr'>dicere</span> <span class='ocrx_word' id='word_1_297' title='bbox 509 3361 565 3402; x_wconf 93' lang='lat' dir='ltr'>non</span> <span class='ocrx_word' id='word_1_298' title='bbox 580 3346 674 3421; x_wconf 92' lang='lat' dir='ltr'>possit</span> <span class='ocrx_word' id='word_1_299' title='bbox 687 3346 742 3403; x_wconf 92' lang='lat' dir='ltr'>nisi</span> <span class='ocrx_word' id='word_1_300' title='bbox 757 3344 859 3404; x_wconf 89' lang='lat' dir='ltr'>honus.</span> <span class='ocrx_word' id='word_1_301' title='bbox 890 3344 973 3425; x_wconf 72' lang='lat' dir='ltr'>ldem¹</span> <span class='ocrx_word' id='word_1_302' title='bbox 983 3343 1103 3402; x_wconf 73' lang='lat' dir='ltr'>caletes</span> 
     </span>
     <span class='ocr_line' id='line_1_38' title="bbox 69 3425 1062 3504; baseline -0.002 -16"><span class='ocrx_word' id='word_1_303' title='bbox 69 3427 270 3504; x_wconf 78' lang='lat' dir='ltr'>Chrysippi</span> <span class='ocrx_word' id='word_1_304' title='bbox 291 3426 354 3485; x_wconf 85' lang='lat' dir='ltr'>linis</span> <span class='ocrx_word' id='word_1_305' title='bbox 374 3426 424 3485; x_wconf 89' lang='lat' dir='ltr'>ille</span> <span class='ocrx_word' id='word_1_306' title='bbox 445 3427 546 3487; x_wconf 89' lang='lat' dir='ltr'>ductus</span> <span class='ocrx_word' id='word_1_307' title='bbox 568 3425 741 3488; x_wconf 76' lang='lat' dir='ltr'>acleanthe</span> <span class='ocrx_word' id='word_1_308' title='bbox 757 3430 888 3490; x_wconf 78' lang='lat' dir='ltr'>scientia</span> <span class='ocrx_word' id='word_1_309' title='bbox 910 3436 992 3488; x_wconf 83' lang='lat' dir='ltr'>recte</span> <span class='ocrx_word' id='word_1_310' title='bbox 1014 3427 1062 3486; x_wconf 83' lang='lat' dir='ltr'>di·</span> 
     </span>
     <span class='ocr_line' id='line_1_39' title="bbox 69 3510 1062 3591; baseline -0.008 -15"><span class='ocrx_word' id='word_1_311' title='bbox 69 3513 172 3576; x_wconf 80' lang='lat' dir='ltr'>cenda&#39;.</span> <span class='ocrx_word' id='word_1_312' title='bbox 209 3511 279 3573; x_wconf 83' lang='lat' dir='ltr'>Sunt</span> <span class='ocrx_word' id='word_1_313' title='bbox 298 3511 399 3588; x_wconf 91' lang='lat' dir='ltr'>plures</span> <span class='ocrx_word' id='word_1_314' title='bbox 414 3512 541 3572; x_wconf 90' lang='lat' dir='ltr'>eiusdem</span> <span class='ocrx_word' id='word_1_315' title='bbox 556 3510 609 3571; x_wconf 92' lang='lat' dir='ltr'>sed</span> <span class='ocrx_word' id='word_1_316' title='bbox 624 3512 660 3572; x_wconf 89' lang='lat' dir='ltr'>ad</span> <span class='ocrx_word' id='word_1_317' title='bbox 680 3513 751 3573; x_wconf 89' lang='lat' dir='ltr'>alias</span> <span class='ocrx_word' id='word_1_318' title='bbox 771 3513 957 3591; x_wconf 88' lang='lat' dir='ltr'>quaestiones</span> <span class='ocrx_word' id='word_1_319' title='bbox 971 3511 1062 3586; x_wconf 81' lang='lat' dir='ltr'>magis</span> 
     </span>
    </p>
   </div>
   <div class='ocr_carea' id='block_1_3' title="bbox 0 0 1222 3925">
    <p class='ocr_par' dir='ltr' id='par_1_4' title="bbox 0 0 1222 3925">
     <span class='ocr_line' id='line_1_40' title="bbox 0 0 1222 3925; baseline 0 0"><span class='ocrx_word' id='word_1_320' title='bbox 0 0 1222 3925; x_wconf 95' lang='lat' dir='ltr'> </span> 
     </span>
    </p>
   </div>
  </div>
 </body>
</html>
