2434 3925
381 193 469 245 unsa.
482 192 808 262 oenacensem.
842 226 846 237 .
1033 181 1090 258 189

99 350 202 430 Neque
217 351 296 412 illum
309 360 403 411 tamen
417 351 562 421 ordinem,
580 348 617 411 de
632 367 690 430 quo
705 352 783 429 prins
797 350 855 410 dixi
863 396 872 427 ,
888 349 1090 421 damnaverim
1102 361 1133 417 16

100 438 166 515 quia
181 436 335 514 quaedam,
357 438 474 495 etiamsi·
484 438 548 514 ipsa
562 444 627 494 sunt
640 435 726 510 dura,
743 436 770 493 in
785 434 813 494 id
830 444 923 494 tamen
936 435 1044 510 valent,
1060 434 1093 495 ιιῑ

101 539 135 579 ea
154 519 301 595 molliant,
324 537 397 597 quae
417 528 585 597 sequuntur.
614 518 677 578 Nec
692 519 805 578 omniuo
822 521 885 578 sine
902 522 1015 580 ratione
1034 528 1089 595 est,

100 603 177 681 quod
193 603 282 680 vulgo
299 603 417 663 dicitur:
443 602 585 681 Iniquum
600 604 775 679 petendam,
796 611 829 664 nt
850 620 981 681 aequum
993 606 1089 684 ferus.

100 686 184 760 Quod
200 695 294 747 tamen
308 704 391 746 nemo
408 688 450 747 sic
471 689 608 764 accipiat,
630 695 660 746 ut
684 688 777 747 omnia
799 686 897 746 eredat
922 688 1132 753 audendumt't

99 770 192 830 lleote
209 773 282 831 enim
297 770 398 831 Graeci
413 772 602 849 praecipiunt,
621 768 689 832 Non
701 772 890 850 temptanda,
911 788 991 849 qaae
1011 772 1093 852 effici

98 857 221 916 omnino
238 874 297 917 non
317 856 442 934 poenitat.
478 854 536 916 Sed
552 857 684 932 quotiens
700 854 764 931 bac,
781 853 818 913 de
834 872 889 932 qua
907 854 1023 932 loquor,
1042 856 1090 915 du·

100 940 169 1017 plici
184 939 353 999 defensione
373 947 500 998 utemur:
521 938 549 997 id
562 938 749 999 laborandum
768 947 827 1013 est,
849 939 920 997 utin
935 939 1012 998 illam
1026 956 1091 1016 par·

12 1020 15 1061 ³
100 1032 157 1082 tem
172 1031 341 1101 sequentem
362 1022 432 1081 lides
451 1041 488 1082 ex
501 1023 599 1101 priore
617 1023 744 1083 dueatur.
780 1022 879 1082 Potest
901 1024 974 1081 enim
988 1021 1112 1099 videri]

101 1108 148 1185 qui
163 1114 223 1166 tuto
242 1109 325 1167 etium
337 1106 523 1167 confessurus
540 1106 602 1184 luit,
618 1106 772 1167 mentiendi
788 1123 902 1166 eausam
919 1108 947 1165 in
959 1105 1091 1184 negando

100 1208 158 1250 non
171 1189 306 1335 blqlpqplqd
320 1275 418 1352 utique
433 1271 594 1333 iaciendum
606 1283 661 1349 est,
681 1282 722 1350 ut,
737 1274 871 1353 quotiens
886 1272 1094 1353 suspicabimur
1101 1281 1134 1335 18

101 1358 284 1418 iudicialium
302 1356 503 1437 probationem
521 1357 695 1435 desiderari,
713 1359 847 1437 quamde
866 1377 921 1438 qua
939 1358 1091 1436 loquimur,

100 1443 296 1521 promittamus
320 1459 373 1501 nos
394 1441 482 1520 plene
505 1450 534 1500 et
554 1445 648 1501 statim
667 1443 703 1502 de
725 1461 761 1504 eo
782 1446 851 1503 satis
867 1460 934 1501 esse
948 1443 1091 1507 facturos;

101 1527 316 1605 praecipueque
336 1526 362 1585 si
383 1525 420 1585 de
444 1525 554 1603 pudore
571 1528 674 1603 agitur.
716 1525 896 1605 Frequenter
909 1535 1003 1585 autem
1018 1526 1134 1586 acci-19

7 1646 8 1689 ,
102 1611 152 1684 dit,
171 1618 200 1668 ut
216 1627 301 1670 eausa
319 1627 419 1687 parum
433 1610 598 1669 verecunda
615 1612 676 1670 iure
694 1619 753 1670 tuta
768 1612 818 1677 sit;
837 1611 873 1669 de
889 1627 946 1688 quo
963 1628 999 1668 ne
1015 1610 1093 1669 inviti

6 1696 8 1721 '
100 1693 210 1753 iudices
222 1693 335 1753 audiant
347 1702 376 1752 et
391 1693 516 1767 adversi,
533 1694 711 1771 frequentius
729 1703 792 1752 suut
808 1694 988 1768 admonendi,
1003 1712 1092 1754 tecu-

100 1785 201 1839 tnrcm
217 1778 420 1856 defensionem
432 1778 596 1854 probitatis
607 1784 637 1837 et
653 1778 828 1854 diqnitotie,·
844 1785 1003 1856 expectent
1010 1795 1093 1854 parc-

99 1862 160 1923 ium
182 1869 212 1922 et
231 1863 283 1939 uqi
303 1862 412 1922 ordine
433 1861 542 1923 sinant.
580 1858 726 1931 Quaedam
745 1860 859 1919 interim
879 1876 932 1921 nos
953 1861 1047 1918 invitis
1062 1860 1137 1919 Ιί-ιιι

101 1943 271 2023 tigatoribus
289 1943 476 2005 simulandum
492 1951 537 2004 est
551 1943 660 2020 dicere,
676 1944 752 2023 quod
769 1942 873 2004 Cicero
890 1961 943 2023 pro
961 1941 1093 2004 Cluentio

100 2030 169 2090 lacit
189 2033 266 2089 eirca
280 2030 455 2090 iudiciariam
470 2029 581 2105 legem;
599 2045 814 2107 nonnunquam,
831 2031 912 2107 quasi
927 2027 1094 2106 interpelle·
1125 2049 1129 2054 ·

101 2132 163 2172 mur
183 2112 218 2172 ab
241 2114 302 2189 his,
331 2113 505 2181 subsistere;
534 2129 624 2190 saepe
652 2113 806 2173 avertenda
827 2113 863 2173 ad
884 2114 965 2190 ipsos
987 2113 1093 2178 oratio;

102 2197 247 2272 hortandi,
272 2207 303 2257 ut
322 2200 414 2257 sinant
434 2214 486 2256 nos
508 2198 549 2256 uti
571 2206 672 2257 nostro
693 2198 824 2257 consilio.
861 2195 902 2257 lta
927 2204 1095 2275 surrepetur

102 2283 194 2341 animo
210 2282 327 2356 indicis,
347 2291 390 2358 et,
406 2280 471 2340 dum
486 2290 586 2360 sperat
601 2280 799 2359 probationem
816 2281 950 2360 pudoris,
966 2281 1094 2359 asperio-

102 2365 180 2425 ribus
202 2365 259 2424 illis
283 2366 373 2423 minus
396 2364 578 2443 repugnabit.
622 2365 703 2439 Quae
732 2384 794 2425 cum
819 2367 982 2443 receperit,
1011 2366 1136 2425 etiamtl

101 2449 294 2508 verecundiae
308 2448 468 2508 delensioni
484 2450 597 2509 iacilior
613 2451 676 2509 erit.
712 2451 761 2509 Sic
775 2459 896 2527 utraque
910 2467 958 2508 res
973 2451 1095 2508 invicem

102 2532 227 2608 iuvabit,
249 2534 359 2610 eritque
380 2533 468 2592 iudex
492 2535 634 2592 circulus
658 2543 786 2593 nostrum
809 2552 863 2611 spe
878 2534 1038 2593 modestiae
1054 2541 1094 2591 at·

102 2618 223 2690 tentior,
241 2618 318 2675 eirea
332 2616 501 2676 modestiam
515 2618 584 2675 iuris
599 2616 770 2696 probatione
786 2617 953 2696 proclivior.

186 2700 245 2759 Sed
259 2709 299 2759 ‘ut
320 2717 377 2758 non
397 2718 513 2778 semper
534 2703 700 2760 necessaria
719 2710 766 2761 aut
783 2700 860 2760 utilis
876 2702 960 2759 etiam
980 2700 1138 2777 partitioni

104 2792 163 2842 est:
181 2784 220 2843 ita
235 2794 398 2862 opportune
414 2783 539 2843 adbibita
552 2783 704 2862 plurimum
719 2786 841 2844 orationi
854 2784 926 2843 lueis
942 2791 971 2841 et
985 2784 1095 2859 gratiae

4 2891 5 2894 ¹
105 2867 227 2927 confert.
259 2866 363 2946 Neque
380 2869 452 2927 eninr
467 2867 560 2926 solum
574 2868 603 2927 id
619 2868 723 2944 efficit,
743 2876 773 2927 ut
789 2869 914 2928 clariora
928 2866 1005 2942 liant,
1021 2883 1095 2943 quae

104 2951 245 3028 dicuntur,
260 2950 348 3011 rebus
363 2952 443 3011 velut
458 2969 495 3010 ex
510 2950 592 3010 turba
609 2954 746 3012 extractis
761 2961 790 3011 et
807 2954 836 3010 in
850 2960 1008 3028 conspectu
1025 2949 1095 3009 iudi·

104 3052 168 3093 cum
182 3037 298 3111 positis;
322 3035 374 3095 sed
394 3035 487 3095 reiicit
509 3052 625 3113 quoqne
646 3035 808 3095 audientem
826 3043 906 3094 certo
922 3033 1097 3110 singularum

103 3120 224 3196 partium
238 3120 312 3194 line,
333 3137 390 3180 non
403 3119 488 3180 aliter
509 3136 592 3196 quam
616 3118 786 3179 iacientibus
799 3120 855 3178 iter
868 3118 984 3177 multum
1003 3118 1096 3177 detra·

102 3201 173 3261 bunt
192 3202 366 3280 fatigationis
388 3211 485 3263 notata
506 3204 651 3282 inscriptis
672 3201 812 3281 lapidibus
836 3204 937 3281 spatia.
974 3201 1044 3261 Nam
1068 3210 1096 3258 et
1104 3211 1138 3263 ιδ

103 3286 235 3346 exhausti
258 3287 365 3348 laboris
385 3304 473 3346 nosse
497 3304 658 3346 mensnram
676 3286 815 3363 voluptati
836 3296 897 3361 est,
919 3294 948 3344 et
968 3285 1097 3344 hortatur

102 3369 139 3430 ad
154 3370 265 3449 reliqua
278 3372 378 3430 lortius
394 3370 564 3448 exequenda
579 3372 673 3446 scire,
696 3379 828 3448 quantum
850 3370 984 3447 supersit.
1019 3366 1096 3427 Nihil

103 3456 178 3514 enim
200 3454 317 3533 longum
338 3455 429 3516 videri
451 3471 574 3515 necesse
598 3462 659 3533 est,
683 3455 712 3513 in
730 3470 804 3532 quo,
827 3453 893 3532 quid
908 3452 1034 3512 ultimum
1047 3451 1095 3524 sit,
