2434 3925
308 210 397 259 msa.
413 208 561 261 oneras.
577 211 647 259 nm.
662 211 709 277 1x,
727 210 753 262 1.
992 200 1034 265 93

18 369 145 442 utitur,
165 374 236 427 sunt
255 367 307 442 qui
318 372 438 443 putent,
460 364 579 426 idcirco
601 363 668 424 eius
688 368 887 443 eloquentiam
906 370 1038 430 manime
1128 397 1129 401 ¹

20 470 107 514 esse
126 449 322 511 laudabilem.
349 445 388 508 Ει
402 467 474 510 vere
484 449 586 508 nullus
597 448 666 525 fere
676 450 716 510 ab
730 469 765 510 m
779 452 864 510 locus
878 453 945 511 siue
959 469 1037 529 qua-

22 539 117 598 dam
132 533 369 612 conformatione
378 534 546 593 sententiae
554 533 684 607 dicitur,
700 552 756 594 nec
771 535 859 594 aliud
876 537 1038 612 quicquam

23 626 85 682 est
104 619 229 692 dicere,
251 618 310 676 nisi
330 635 433 677 omnes
453 625 507 676 atat
527 623 609 676 certe
629 615 798 694 plerasque
816 619 922 694 aliqua
936 621 1038 697 specie

22 703 216 763 illuminare
229 701 409 760 sententias·
436 696 523 771 Quas
537 718 606 759 cum
624 707 655 759 tu
666 702 785 778 optime,
801 699 907 777 Brute,
924 711 1076 779 leneas,41

26 786 117 864 quid
144 786 250 845 attinet
274 784 444 846 nominibus
467 784 511 844 uti
534 790 588 843 aut
613 785 779 862 exemplis?
823 783 1039 846 Tantummodo

24 876 162 931 notetur
181 869 276 929 maus.
313 866 368 927 Sic
386 868 481 946 iqilur
499 866 581 927 dicet
599 868 669 942 ille,
698 885 787 946 quern
808 871 989 946 expetimus,
1006 878 1040 930 ut
1117 920 1118 923 ,

27 960 144 1015 verset
166 969 262 1029 saepe
281 952 383 1012 multis
395 952 493 1012 modis
506 952 622 1011 eadem
635 959 664 1012 et
683 953 716 1012 iu
731 970 793 1013 una
814 971 849 1012 re
864 951 992 1013 linerent
1007 954 1038 1012 iu

28 1037 210 1112 eademque
225 1043 426 1096 commoretur
439 1036 598 1096 sententia.
630 1033 734 1113 Saepe
748 1037 839 1096 etiam
852 1043 886 1095 ut
900 1044 1081 1102 eateuuelti

30 1119 179 1198 aliquid,
200 1137 295 1197 saepe
317 1127 351 1179 ut
370 1119 518 1193 irrideat,
540 1126 573 1177 ut
593 1117 724 1180 declinet
743 1139 764 1180 a
776 1120 933 1197 proposito
948 1118 1045 1198 delle·

31 1210 166 1281 alatque
188 1204 386 1271 senteutiam·
408 1211 442 1262 ut
466 1209 635 1281 proponat,
663 1203 736 1280 quid
758 1204 898 1264 dicturus
919 1205 978 1272 sit,·
996 1213 1040 1280 ul,

32 1306 112 1350 cum
126 1287 311 1364 transeqeril
323 1288 386 1347 iam
400 1287 534 1363 aliquid,
553 1286 696 1364 definiat,
717 1294 751 1347 nl
770 1305 804 1348 se
824 1288 890 1366 ipse
909 1297 1040 1361 revocet,

34 1379 86 1451 ιιι,
107 1371 191 1448 quod
205 1371 330 1445 dicerit,
345 1372 433 1431 iteret
437 1392 451 1440 ,·
465 1379 499 1430 ut
512 1379 722 1448 arqumentum
735 1373 855 1432 ratione
867 1372 1041 1447 concludat,

35 1463 76 1516 ιιι
97 1455 319 1532 interraqando
337 1461 462 1533 urqeat,
489 1462 523 1514 ιιι
542 1471 653 1514 rursus
673 1456 764 1534 quasi
790 1457 834 1516 ad
852 1456 1042 1532 iuterroqata

36 1539 103 1600 siti
117 1539 184 1616 ipse
204 1539 407 1616 respondeat,·
420 1545 454 1598 nt
470 1545 594 1613 cantra,
609 1555 650 1599 ac
666 1538 761 1614 dicat,
776 1539 921 1616 accipiet
935 1540 1082 1600 sentiriti

36 1623 135 1690 eelim·
149 1627 181 1680 ut
194 1622 363 1696 addubitet,
380 1622 455 1699 quid
464 1623 568 1699 potius
582 1629 637 1682 aut
651 1638 710 1699 quo
727 1623 815 1683 modo
830 1623 931 1697 dicat,
943 1628 978 1682 ut
993 1622 1041 1680 di-

37 1701 175 1767 videtin
188 1714 310 1782 parles,
333 1707 365 1765 ul
380 1706 497 1782 aliquid
515 1706 669 1781 relinquat
689 1725 729 1766 aa
746 1706 895 1783 neqliqat,
916 1712 950 1764 ut
972 1714 1043 1763 ante

36 1791 257 1871 praemuniam·
277 1797 311 1850 ut
330 1790 361 1848 in
377 1808 413 1849 co
428 1791 505 1864 ipsa,
523 1790 555 1848 in
570 1804 630 1865 qua
644 1790 904 1867 reprehendatur,
921 1789 1043 1866 culpam

38 1876 76 1938 in
92 1874 307 1934 aduersarium
328 1873 486 1951 conseram·
507 1881 541 1933 ιιι
561 1890 656 1950 saepe
671 1891 739 1934 cum
754 1874 811 1949 iis,
834 1874 886 1949 qui
901 1872 1041 1945 audiunt,

38 1974 261 2035 nunnunquam
280 1958 370 2018 etiam
401 1976 469 2018 cum
493 1957 678 2018 aduersario
705 1958 795 2035 quasi
819 1955 966 2017 deliberet
973 1977 987 2024 ‚-
1010 1958 1087 2014 ut44

41 2043 196 2107 lamnam
206 2060 307 2102 mares
322 2057 536 2117 sermonesque
553 2041 730 2109 describam·
743 2049 776 2101 ut
790 2049 873 2101 muta
889 2040 1043 2117 quaedam

42 2127 198 2204 loquentia
214 2126 359 2201 inducat,
385 2134 419 2184 ut
434 2124 474 2185 ab
494 2144 529 2186 eo
551 2124 633 2201 quod
649 2125 753 2201 apitur
775 2132 896 2184 auertat
915 2139 1042 2195 anemos,

41 2219 78 2272 ιιι
93 2226 186 2286 saepe
199 2213 231 2269 in
246 2209 430 2269 hilaritatem
446 2210 579 2269 risumve
594 2215 759 2283 convertat,
774 2216 807 2268 ut
821 2217 891 2267 ante
905 2212 1042 2283 occupet,

44 2294 128 2373 quad
140 2295 284 2355 otientur
299 2294 422 2371 opponi,
437 2300 470 2352 ut
486 2299 641 2370 comparet
654 2292 876 2367 similitudines,
892 2297 1045 2351 ululatur

44 2377 204 2455 exemplis,
223 2378 358 2448 utaliud
372 2376 427 2436 otti
445 2376 582 2437 tribuens
598 2376 776 2454 dispertiat,
791 2381 824 2436 ut
837 2375 1044 2451 interpellata·

44 2480 112 2538 rem
127 2469 282 2536 coerceat,
307 2469 340 2521 ut
363 2461 483 2538 aliquid
501 2460 633 2521 reticere
649 2478 683 2520 se
699 2460 802 2534 dicat,
823 2468 857 2520 ul
879 2459 1044 2531 denuntiet,

48 2546 122 2623 quid
137 2552 256 2619 caecat,
274 2542 446 2605 utillimus
463 2545 538 2620 quid
559 2546 691 2619 audeat,
713 2549 746 2603 ut
766 2545 925 2604 irascatur
944 2543 1044 2615 etiam,

46 2639 82 2689 ut
95 2628 234 2707 abiurqel
247 2628 425 2705 aliquando,
441 2637 475 2687 nt
489 2628 683 2705 deprecetur,
698 2635 731 2687 ut
744 2628 912 2706 supplicet,
933 2633 967 2684 ut
984 2643 1045 2682 me·

49 2714 175 2787 deatur,
191 2720 224 2771 ut
237 2730 257 2771 a
272 2713 426 2790 proposito
441 2712 572 2772 declinet
586 2711 828 2789 aliquantulum,
848 2717 882 2771 ut
895 2715 993 2787 optet,
1013 2713 1046 2765 ut
1157 2719 1162 2730 ·

49 2805 228 2872 execretur,
249 2805 283 2856 ut
298 2795 353 2874 fiat
368 2797 423 2869 iis,
439 2796 526 2871 apud
541 2813 617 2873 quas
631 2796 722 2871 dicet,
737 2795 911 2874 familiaris.
946 2787 1046 2865 Atque
1052 2793 1087 2847 45

49 2878 131 2954 alias
151 2880 242 2940 edam
263 2880 388 2940 dicendi
414 2880 506 2956 quasi
528 2881 656 2939 uirtutes
677 2887 840 2956 sequetur,
869 2875 1047 2936 brevitatem
1070 2883 1072 2890 ’

47 2971 137 3042 petet,
152 2979 247 3041 saepe
262 2965 353 3023 etiam
369 2981 434 3022 rem
449 2963 579 3024 dicendo
599 2962 740 3023 subiiciet
755 2961 868 3033 octrlis,
884 2975 980 3035 saepe
993 2973 1046 3016 sn·

49 3055 110 3126 pra
128 3047 207 3125 seret
228 3063 319 3123 quam
338 3046 407 3124 fieri
424 3048 538 3124 possit,·
557 3045 741 3124 siqnificatio
759 3062 853 3121 saepe
872 3042 930 3101 erit
950 3041 1048 3101 maiar

51 3148 141 3209 mam
154 3133 270 3205 oratio,
293 3148 390 3209 saepe
408 3129 568 3206 hilaritas,
588 3147 683 3207 saepe
703 3130 786 3189 oilae
805 3133 1049 3203 matronarumque

50 3215 184 3277 imitatio.
216 3212 283 3275 Hoc
296 3216 329 3275 iu
343 3233 457 3294 qenere
477 3216 569 3289 (nam
590 3213 681 3290 quasi
701 3213 808 3274 siloam
825 3207 929 3284 sides)
951 3209 1048 3270 amus

53 3299 169 3359 clunem
183 3305 299 3376 oportet
312 3300 500 3377 eloquentiae
513 3296 702 3377 moqnitudo.
