2434 3925
310 200 398 249 ruse.
413 200 750 265 onerosumvnm.
948 213 952 220 ’
991 192 1026 253 11
1063 243 1065 248 .
1105 213 1114 232 .

17 361 126 437 ipsum
140 356 233 416 adbuc
249 355 396 429 dividitur,
416 356 528 415 etiamsi
541 363 663 433 uterque
679 355 733 415 sibi
748 365 837 416 totum
851 357 1026 427 vindicarem

18 460 107 502 nunc
128 442 242 518 utique,
265 457 328 500 cum
351 438 425 498 alter
444 440 594 498 semissem
617 440 694 499 'alter
714 441 847 499 universa
868 441 961 501 fratre
978 460 1027 500 ex·

19 526 127 598 cluso.
159 523 217 583 Sed
228 523 272 587 bis
286 524 416 582 tractatis
430 524 516 582 etiam
527 522 616 582 habet
626 541 757 599 magnum
768 534 939 584 momentum
952 526 1028 603 apud

17 609 143 669 indices
162 608 252 684 patris
268 608 422 683 memoria,
440 624 504 666 cum
519 610 690 684 praesertim
704 607 740 667 de
757 607 841 666 bonis
861 610 922 667 eius
941 607 1042 686 quae·¹

16 702 120 753 ratur.
158 690 220 750 Erit
235 707 306 766 ergo
323 692 506 764 coniectura,
524 688 586 763 Qua
604 699 699 750 mente
714 699 797 768 pater
812 693 961 750 intestatus
977 694 1027 753 de·

18 772 176 837 cesserit?
215 774 274 834 Sed
289 792 323 834 ea
339 776 464 851 pertinet
480 773 515 833 ad
533 774 713 851 qualitatem
736 775 854 835 alterius
873 783 963 834 status
987 777 1027 835 in·

18 867 219 919 strumentum
239 866 293 916 est.
335 857 508 935 Plerumque
529 866 624 917 autem
645 860 673 917 in
688 858 744 917 line
766 877 914 919 causarum
929 859 964 918 de
980 863 1064 919 aedi·
1130 861 1134 872 ¹

15 944 142 1022 quitate
156 941 341 1015 tractabitur,
364 943 430 1020 quia
445 941 514 1000 nibil
527 940 661 1001 libentius
677 943 786 1002 iudices
802 943 926 1002 audiunt.
966 942 1027 1002 Ali-

17 1025 148 1105 quando
168 1034 266 1084 tamen·
279 1024 354 1085 hunc
377 1026 506 1084 ordinem
527 1025 645 1084 mutabit
661 1026 787 1101 utilitas,
812 1035 858 1102 ut,
881 1027 905 1084 si
923 1028 950 1085 in
965 1028 1028 1086 iure

5 1112 124 1192 ¹minus
139 1108 259 1168 fiduciae
274 1110 345 1183 erit,
361 1111 507 1187 aequitate
521 1109 645 1168 iudicem
662 1127 876 1187 praeparemus.

115 1192 193 1252 Nihil
214 1193 299 1252 habui
326 1193 463 1271 amplius,
491 1191 568 1269 quod
587 1194 616 1251 in
636 1194 799 1253 universnm
816 1195 1026 1273 praeciperem.

17 1277 114 1338 Nunc
129 1294 227 1336 eamus
243 1295 297 1354 per
316 1277 444 1353 singulas
465 1294 615 1336 causarum
631 1276 934 1354 iudicialiumpartes,
956 1289 1068 1356 quasfio

21 1373 59 1422 ut
75 1362 217 1440 persequi
228 1359 264 1419 ad
278 1360 402 1420 nltimam
420 1361 562 1438 speciem,
578 1360 606 1420 id
622 1370 667 1420 est
682 1361 717 1420 ad
732 1362 860 1438 singulas
875 1361 941 1420 lites
959 1380 1027 1421 con·

18 1446 266 1522 troversiasque,
281 1461 339 1502 non
353 1461 486 1522 possum:
503 1444 541 1503 ita
556 1444 592 1503 de
603 1445 789 1521 generalibus
805 1445 935 1504 scribere
947 1446 1027 1522 licet,
1048 1491 1051 1498 .

19 1539 74 1605 ut,
97 1545 171 1607 quae
186 1529 214 1587 in
231 1546 372 1606 quemque
388 1537 490 1587 statum
504 1526 737 1605 frequentissime
752 1528 892 1604 incidant,
909 1530 1026 1590 tradam.

18 1612 81 1688 Et,
107 1612 174 1690 quia
195 1618 294 1672 natura
313 1614 402 1692 prima
423 1613 556 1695 quaestio
577 1620 641 1694 est,
662 1609 818 1673 Factnmnc
840 1614 893 1689 sit,
919 1612 1029 1674 abhoc

21 1697 139 1757 ordiar.

380 1847 423 1898 nn
442 1833 655 1900 coumcruss.

117 1943 153 2005 ΙΙ.
185 1942 417 2005 Coniectura
442 1946 532 2006 omnis
554 1953 602 2006 aut
621 1944 658 2006 de
678 1960 711 2004 re
733 1951 780 2004 aut
801 1942 950 2005 deanimo
972 1950 1026 2002 est.

21 2031 189 2107 Utriusque
203 2032 255 2090 tria
270 2039 415 2107 tempora,
430 2031 632 2110 praeteritum,
648 2046 804 2107 praesens,
820 2028 954 2088 futurum.
983 2024 1028 2085 ue

21 2134 59 2176 re
79 2122 110 2172 et
127 2114 282 2189 generales
297 2115 483 2192 quaestiones
495 2122 559 2173 sunt
575 2122 604 2173 et
619 2113 767 2187 delinitae,
787 2111 889 2185 idest,
910 2119 939 2169 et
954 2126 1028 2186 quae

22 2199 167 2279 personis
191 2215 248 2256 non
274 2199 454 2258 eontinentur
477 2207 507 2257 et
531 2215 606 2276 quae
632 2197 820 2256 continentur.
863 2192 908 2253 De
934 2195 1055 2255 animoa

24 2282 136 2362 quaeri
155 2298 212 2340 non
231 2291 343 2359 potest,
365 2283 419 2341 nisi
433 2282 482 2342 ubi
501 2298 627 2360 persona
644 2288 688 2338 est
705 2288 734 2339 et
753 2280 790 2338 de
810 2278 888 2338 iacto
905 2285 1027 2337 constat.

23 2367 133 2441 Ergo,
151 2382 214 2423 cum
226 2365 262 2424 de
276 2384 308 2424 re
324 2367 435 2442 agitur,
458 2375 506 2425 aut
524 2365 591 2442 quid
611 2365 716 2423 lactum
732 2365 784 2438 sit,
802 2364 831 2422 in
848 2360 963 2422 dubium
978 2379 1028 2420 ve-

22 2453 90 2524 nit,
115 2456 163 2506 aut
184 2450 250 2526 quid
271 2451 337 2524 liat,
363 2458 411 2509 aut
433 2449 500 2529 quid
519 2451 557 2507 sit
576 2449 715 2509 laturum:
736 2446 768 2524 nt
788 2448 817 2505 in
831 2444 1028 2523 generalibus,

22 2532 83 2594 Am
109 2540 276 2595 atoariorum
297 2551 449 2594 concursu
474 2535 607 2595 mundus
629 2533 669 2593 sit
689 2530 833 2614 effectus?
865 2548 906 2590 am
922 2530 1029 2609 proci·

23 2615 140 2680 dassia
154 2619 301 2697 reqatur?
317 2635 359 2678 nm
372 2619 412 2679 sit
425 2619 592 2695 aliquando
607 2616 764 2679 casurus?
784 2613 964 2674 indefinitis:
980 2612 1030 2672 Am

20 2700 238 2784 parricidium
252 2702 432 2764 commiserit
444 2701 595 2763 Rosam
607 2697 657 2760 Am
673 2719 799 2777 remmom
810 2698 929 2781 affectet
939 2694 1028 2757 lllcn-

21 2786 115 2849 lius?
135 2780 183 2845 Am
197 2795 281 2847 recte
295 2783 419 2846 Verrem
432 2787 472 2847 eit
483 2792 689 2846 commoturus
704 2781 922 2855 Q.Ccecilius?
944 2778 976 2838 In
986 2781 1056 2846 ιιι-3

23 2868 117 2931 diciis
132 2871 318 2946 praeteritum
332 2878 444 2948 tempus
458 2871 581 2928 maxime
596 2868 689 2934 valet;
705 2883 789 2926 nemo
805 2867 879 2924 enim
900 2871 1027 2938 accusat,

23 2953 88 3013 nisi
108 2969 183 3029 quae
203 2954 279 3012 facta
300 2962 375 3012 sunt.
416 2952 488 3012 Nam
508 2970 581 3030 qnae
602 2952 671 3011 fiant
693 2960 722 3010 et
745 2967 820 3028 quae
843 2949 937 3008 lutura
962 2947 1027 3021 sint,

25 3055 70 3098 ex
94 3038 258 3114 praeteritis
282 3037 464 3113 colliguntur.
500 3035 653 3108 Quaeritur
674 3044 703 3094 et
722 3033 803 3093 Unde
825 3032 892 3110 quid
914 3026 1028 3090 ortum?

25 3130 62 3182 ut
75 3121 250 3198 pestilentia
267 3154 310 3164 —
325 3122 376 3181 s'ru
388 3122 478 3183 deum
489 3137 531 3180 um
543 3120 720 3197 intemperie
733 3119 808 3179 coeli
821 3136 862 3177 ars
877 3115 1031 3193 corruptis

26 3204 125 3281 aquis
147 3222 189 3265 an
208 3206 300 3266 nocto
321 3211 425 3265 terrac
445 3204 565 3266 bodilo?
605 3202 644 3262 Et
663 3201 744 3276 Quae
764 3218 851 3260 causa
871 3196 961 3259 facti?
987 3206 1028 3273 ut,

28 3287 142 3362 Quare
168 3290 212 3348 ad
242 3287 365 3350 Troiam
393 3289 612 3366 quinquaqinta
635 3303 724 3364 reyes
750 3286 962 3361 ccoiqavmint
990 3315 1029 3326 -

26 3371 238 3434 iureiurando
253 3373 361 3434 adacti
375 3389 417 3432 mm
436 3374 572 3450 ecemplo
582 3372 653 3430 neoti
668 3388 709 3429 aa
722 3368 931 3447 qrots'ficcntes
944 3363 1029 3426 Atn'-

30 3456 106 3519 dis?
129 3474 205 3535 quae
216 3456 273 3517 duo
287 3474 397 3535 genera
412 3472 469 3515 non
482 3455 599 3516 multum
615 3456 689 3514 inter
703 3471 735 3513 se
750 3453 863 3515 distant.
892 3450 935 3512 Ea
947 3455 1059 3525 vero,4
