2434 3925
371 205 808 276 msr.ornnon.nrc.1x‚4.
1020 194 1079 258 127

79 367 215 428 iudicium
239 383 334 427 meum
364 363 537 441 ostendero:
571 383 654 426 suum
679 374 774 425 tamen
801 363 964 442 legentibus
992 364 1078 425 relin-

100 469 174 512 uam.

80 471 100 531 q
162 533 267 613 Neque
288 536 392 611 ignoro
417 533 554 610 quosdam
577 550 662 609 esse,
683 532 731 610 qui
754 549 851 592 curam
871 549 983 592 omnem
1003 549 1109 602 com-3

80 620 232 697 positionis
255 617 425 693 excludant,
453 626 538 694 atque
564 617 646 676 illum
668 616 814 676 borridum
843 633 1021 692 sermonem,
1050 625 1081 676 ut

80 704 157 762 forte
169 701 301 778 duxerit,
317 702 403 761 modo
419 703 510 777 magis
527 700 685 760 naturalem
701 700 787 759 modo
806 701 891 758 etiarn
906 701 997 776 magis
1012 702 1080 760 viri·

80 787 138 847 lem
154 803 221 845 esse
238 785 419 845 contendant.
449 784 504 858 Qui
524 785 548 843 si
564 784 592 844 id
610 784 722 843 demum
738 783 868 844 naturaie
886 802 954 843 esse
973 784 1080 860 dicunt,

81 869 159 949 quod
180 887 196 928 a
214 879 314 929 natura
337 870 456 947 primum
478 876 570 927 ortum
587 877 632 927 εει
649 877 680 927 ει
700 866 786 945 quale
803 877 869 928 ante
886 868 993 927 cultum
1012 868 1079 928 fuit:

80 962 142 1015 tota
162 952 237 1013 baec
258 971 305 1012 ars
328 954 426 1012 orandi
447 951 630 1011 subvertitur.
674 949 778 1030 Neque
801 953 875 1011 euim
902 952 992 1014 locuti
1016 960 1109 1021 sunta

80 1037 117 1098 ad
141 1036 214 1096 banc
234 1036 365 1114 regulam
385 1045 415 1094 et
435 1035 612 1111 diligentiam
628 1036 712 1112 primi
731 1036 879 1111 homines,
898 1054 954 1095 neo
973 1052 1079 1113 prooe-

78 1122 144 1180 miis
168 1138 360 1200 praeparare,
383 1121 490 1181 docere
514 1121 715 1196 expositione,
746 1122 920 1196 argumentis
942 1120 1079 1198 probare,

81 1203 233 1266 allectibus
250 1220 434 1264 commovere
450 1204 586 1263 scierunt.
618 1201 699 1280 Ergo
715 1202 760 1263 bis
776 1204 923 1279 omnibus,
941 1221 998 1263 non
1016 1204 1080 1263 sola

80 1290 292 1367 compositione
309 1295 478 1354 caruerunt;
502 1304 623 1367 quorum
638 1289 662 1346 si
677 1287 740 1346 lieri
761 1288 830 1347 nibil
845 1288 947 1346 melius
962 1287 1079 1362 licebat,

79 1391 116 1432 ne
137 1373 268 1433 domibus
292 1372 405 1450 quidem
429 1383 511 1431 casas
535 1379 584 1431 aut
598 1370 729 1431 vestibus
748 1370 866 1449 pellium
887 1373 1011 1448 tegmina
1033 1379 1081 1432 aut

78 1455 198 1515 urbibus
218 1465 331 1515 montes
352 1474 388 1515 ac
407 1455 495 1515 silvas
516 1457 619 1515 mutari
642 1457 779 1533 oportuit.
824 1455 905 1528 Quae
922 1472 1010 1534 porro
1032 1466 1106 1518 arsi>

80 1543 176 1599 statim
198 1537 271 1599 fuiti
299 1539 366 1619 qnid
384 1556 442 1598 non
464 1539 543 1599 cultu
564 1536 709 1599 mitescit?
738 1557 790 1598 cur
805 1541 880 1598 vites
909 1556 1079 1600 coercemus

79 1620 185 1683 manui
201 1642 252 1683 cur
267 1642 317 1685 eas
333 1620 476 1683 fodimus?
491 1622 579 1682 rubos
594 1625 670 1682 arvis
688 1620 867 1683 excidimus?
884 1631 963 1683 terra
980 1634 1010 1683 et
1025 1623 1080 1682 bos

80 1717 217 1785 generat;
241 1707 479 1768 mansuefacimus
495 1703 647 1766 animalia?
670 1708 805 1766 indomita
821 1717 985 1766 nascuntur.
1021 1707 1079 1766 Ve-

81 1811 143 1852 rum
162 1791 190 1851 id
218 1802 262 1851 est
286 1792 407 1850 maxime
431 1790 577 1865 naturale,
600 1790 677 1867 quod
699 1791 761 1849 lieri
783 1800 883 1850 natura
906 1792 1012 1869 optime
1030 1808 1083 1868 pa-

80 1878 157 1935 titur.
190 1873 305 1935 Fortius
316 1892 387 1934 vero
407 1874 473 1952 quid
489 1874 709 1952 incompositum
724 1883 821 1952 potest
837 1890 904 1933 esse
922 1893 1005 1953 quam
1019 1876 1107 1941 vin-6

82 1969 158 2020 ctum
175 1969 206 2020 et
229 1959 304 2020 bene
326 1955 521 2020 collocatum?
562 1957 677 2036 Neque,
700 1959 725 2018 si
749 1959 830 2037 parvi
852 1959 944 2037 pedes
959 1961 1015 2017 vim
1030 1957 1078 2018 de-

78 2043 195 2104 trabuut
209 2044 312 2120 rebus,
332 2053 362 2103 ut
373 2043 564 2103 Sotadeorum
580 2052 609 2102 et
624 2042 845 2103 Galliamborum
862 2051 890 2102 et
904 2042 1080 2122 quorundam

79 2133 109 2190 in
125 2129 256 2188 oratione
272 2128 356 2188 simili
374 2146 467 2206 paene
482 2127 598 2187 licentia
617 2126 843 2201 lascivientium,
863 2128 1079 2204 compositionis

81 2220 128 2271 cst
141 2211 330 2272 iudicandum.
372 2209 508 2272 Ceterum
523 2219 629 2289 quanto
644 2210 844 2270 vehementior
857 2210 1001 2270 llumlnum
1016 2221 1107 2276 cur-7

80 2311 131 2355 sus
154 2303 199 2354 cst
219 2313 312 2375 prono
335 2296 419 2355 alveo
442 2313 477 2355 ac
494 2294 587 2354 nullas
608 2311 704 2354 moras
725 2294 880 2355 obiiciente
902 2312 986 2374 quarn
1006 2296 1081 2353 inter

80 2378 225 2439 obstantia
246 2396 317 2439 saxa
342 2379 442 2440 fractis
466 2380 548 2457 aquis
569 2397 603 2437 ac
624 2377 847 2439 reluctantibus:
879 2388 976 2454 tanto,
1006 2396 1080 2455 quac

81 2480 213 2523 connexa
234 2472 279 2522 est
299 2472 328 2523 et
348 2466 416 2523 totis
435 2462 544 2522 viribus
570 2462 647 2539 lluit,
672 2462 791 2540 fragosa
811 2471 898 2543 atque
922 2465 1080 2540 interrupta

79 2546 184 2607 melior
211 2549 314 2607 oratio.
350 2545 516 2624 'Gurergo
539 2548 617 2606 vires
641 2549 719 2625 ipsas
745 2548 846 2626 specle
872 2547 947 2607 solvi
969 2555 1079 2624 putent,

81 2630 196 2712 quando
209 2648 257 2691 res
273 2649 328 2691 nec
341 2631 399 2691 ulla
415 2632 476 2690 sine
492 2640 555 2690 arte
569 2633 640 2691 satis
655 2632 769 2707 ualeat,
792 2641 821 2690 et
840 2633 992 2691 comitetur
1006 2647 1080 2688 sem·

80 2724 247 2792 parantem
271 2712 383 2775 decori
424 2715 469 2774 An
492 2731 549 2774 non
572 2733 654 2790 eam,
682 2733 756 2793 quae
772 2716 876 2774 emissa
896 2717 1002 2792 optime
1024 2719 1108 2787 est,8

80 2797 190 2857 hastam
211 2799 426 2878 speciosissime
448 2807 607 2859 contortam
627 2799 697 2858 lerri
718 2799 861 2864 videmus;
885 2807 914 2856 et
929 2814 997 2856 arcu
1013 2796 1078 2855 diri·

80 2883 208 2958 gentium
228 2882 306 2958 tela,
328 2899 384 2962 quo
404 2884 512 2942 certior
532 2900 648 2958 manus,
668 2882 726 2942 hoc
746 2890 790 2941 est
804 2880 917 2940 babitus
938 2882 1002 2956 ipse
1020 2879 1078 2938 lor·

80 2964 211 3025 mosiorl
256 2966 314 3027 lam
335 2967 490 3027 certamine
516 2983 657 3026 armorum
681 2974 766 3043 atque
787 2966 815 3023 in
837 2965 911 3022 omni
932 2963 1079 3043 palaestra

80 3049 147 3128 quid
166 3050 235 3110 satis
251 3059 333 3111 recte
352 3059 471 3111 cavetur
485 3068 519 3109 ac
534 3052 658 3129 petitur,
684 3050 729 3108 cui
745 3065 801 3107 non
816 3048 921 3107 artilex
941 3056 1034 3107 motus
1050 3056 1080 3107 et

81 3129 154 3196 certi
169 3134 282 3212 quidam
302 3135 394 3213 pedes
417 3129 528 3194 assint?
567 3134 664 3207 Quare
684 3132 751 3191 mihi
772 3132 982 3209 compositione
1000 3131 1108 3191 veluti>

80 3205 200 3277 timentis
225 3218 392 3296 quibusdam
417 3220 552 3278 nervisve
577 3216 685 3277 intendi
708 3224 737 3275 et
758 3214 896 3275 concitari
918 3218 1079 3276 sententiae

78 3300 220 3360 videntur.
258 3300 386 3380 ideoque
399 3303 590 3362 eruditissimo
606 3303 711 3377 cuique
722 3317 892 3379 persuasum
903 3308 963 3375 cst,
978 3300 1079 3359 valere

80 3385 318 3464 cumplurimum
345 3402 401 3444 non
425 3387 460 3445 ad
487 3385 708 3446 delectationem
729 3382 814 3442 modo
839 3384 892 3444 sed
918 3383 1080 3443 admotum
1167 3375 1174 3391 ⁸

79 3484 197 3547 quoque
214 3470 378 3529 animorum.
421 3468 542 3530 Primum
561 3469 627 3547 quia
647 3467 715 3528 nibil
736 3469 842 3528 intrare
858 3476 956 3546 potest
970 3469 998 3525 in
1013 3465 1123 3527 alle-10
