<?xml version="1.0" encoding="UTF-8"?>
<!DOCTYPE html PUBLIC "-//W3C//DTD XHTML 1.0 Transitional//EN"
    "http://www.w3.org/TR/xhtml1/DTD/xhtml1-transitional.dtd">
<html xmlns="http://www.w3.org/1999/xhtml" xml:lang="en" lang="en">
 <head>
  <title>
</title>
<meta http-equiv="Content-Type" content="text/html;charset=utf-8" />
  <meta name='ocr-system' content='tesseract 3.04.00' />
  <meta name='ocr-capabilities' content='ocr_page ocr_carea ocr_par ocr_line ocrx_word'/>
</head>
<body>
  <div class='ocr_page' id='page_1' title='image "./mfabiiquintilia08bonngoog_0596.png"; bbox 0 0 2434 3925; ppageno 0'>
   <div class='ocr_carea' id='block_1_1' title="bbox 149 207 831 276">
    <p class='ocr_par' dir='ltr' id='par_1_1' title="bbox 149 207 831 276">
     <span class='ocr_line' id='line_1_1' title="bbox 149 207 831 276; baseline -0.013 -5"><span class='ocrx_word' id='word_1_1' title='bbox 149 207 206 271; x_wconf 74' lang='lat'>170</span> <span class='ocrx_word' id='word_1_2' title='bbox 469 218 505 266; x_wconf 84' lang='lat' dir='ltr'>u.</span> <span class='ocrx_word' id='word_1_3' title='bbox 518 216 595 265; x_wconf 76' lang='lat' dir='ltr'>aas.</span> <span class='ocrx_word' id='word_1_4' title='bbox 612 215 831 276; x_wconf 76' lang='lat' dir='ltr'>curuummm</span> 
     </span>
    </p>
   </div>
   <div class='ocr_carea' id='block_1_2' title="bbox 145 337 1215 454">
    <p class='ocr_par' dir='ltr' id='par_1_2' title="bbox 145 337 1215 454">
     <span class='ocr_line' id='line_1_2' title="bbox 145 337 1215 454; baseline -0.011 -16"><span class='ocrx_word' id='word_1_5' title='bbox 145 375 228 453; x_wconf 80' lang='lat' dir='ltr'>Ergo</span> <span class='ocrx_word' id='word_1_6' title='bbox 242 376 361 454; x_wconf 85' lang='lat' dir='ltr'>primum</span> <span class='ocrx_word' id='word_1_7' title='bbox 375 382 430 450; x_wconf 86' lang='lat' dir='ltr'>est,</span> <span class='ocrx_word' id='word_1_8' title='bbox 444 381 474 432; x_wconf 92' lang='lat' dir='ltr'>ut</span> <span class='ocrx_word' id='word_1_9' title='bbox 491 372 568 451; x_wconf 89' lang='lat' dir='ltr'>quod</span> <span class='ocrx_word' id='word_1_10' title='bbox 580 372 737 431; x_wconf 86' lang='lat' dir='ltr'>imitaturus</span> <span class='ocrx_word' id='word_1_11' title='bbox 750 380 795 430; x_wconf 89' lang='lat' dir='ltr'>est</span> <span class='ocrx_word' id='word_1_12' title='bbox 809 371 931 448; x_wconf 88' lang='lat' dir='ltr'>quisque</span> <span class='ocrx_word' id='word_1_13' title='bbox 946 367 1100 446; x_wconf 85' lang='lat' dir='ltr'>intelligat</span> <span class='ocrx_word' id='word_1_14' title='bbox 1114 379 1161 443; x_wconf 87' lang='lat' dir='ltr'>et,</span> <span class='ocrx_word' id='word_1_15' title='bbox 1213 337 1215 444; x_wconf 62' lang='lat' dir='ltr'>l</span> 
     </span>
    </p>
   </div>
   <div class='ocr_carea' id='block_1_3' title="bbox 103 459 1160 619">
    <p class='ocr_par' dir='ltr' id='par_1_3' title="bbox 103 459 1160 619">
     <span class='ocr_line' id='line_1_3' title="bbox 146 459 517 541; baseline -0.013 -21"><span class='ocrx_word' id='word_1_16' title='bbox 146 478 236 541; x_wconf 90' lang='lat' dir='ltr'>quare</span> <span class='ocrx_word' id='word_1_17' title='bbox 253 459 358 518; x_wconf 90' lang='lat' dir='ltr'>bonnm</span> <span class='ocrx_word' id='word_1_18' title='bbox 373 461 419 530; x_wconf 89' lang='lat' dir='ltr'>sit,</span> <span class='ocrx_word' id='word_1_19' title='bbox 436 459 517 517; x_wconf 88' lang='lat' dir='ltr'>sciat.</span> 
     </span>
     <span class='ocr_line' id='line_1_4' title="bbox 103 536 1160 619; baseline -0.007 -16"><span class='ocrx_word' id='word_1_20' title='bbox 103 555 138 611; x_wconf 84' lang='lat'>19</span> <span class='ocrx_word' id='word_1_21' title='bbox 227 542 346 602; x_wconf 87' lang='lat' dir='ltr'>&#39;lumin</span> <span class='ocrx_word' id='word_1_22' title='bbox 368 541 553 619; x_wconf 87' lang='lat' dir='ltr'>suscipiendo</span> <span class='ocrx_word' id='word_1_23' title='bbox 576 557 666 598; x_wconf 88' lang='lat' dir='ltr'>onere</span> <span class='ocrx_word' id='word_1_24' title='bbox 691 537 822 598; x_wconf 88' lang='lat' dir='ltr'>consulat</span> <span class='ocrx_word' id='word_1_25' title='bbox 848 555 914 596; x_wconf 90' lang='lat' dir='ltr'>suas</span> <span class='ocrx_word' id='word_1_26' title='bbox 935 537 1027 595; x_wconf 84' lang='lat' dir='ltr'>vires.</span> <span class='ocrx_word' id='word_1_27' title='bbox 1080 536 1160 596; x_wconf 79' lang='lat' dir='ltr'>llam</span> 
     </span>
    </p>
   </div>
   <div class='ocr_carea' id='block_1_4' title="bbox 26 622 1216 3560">
    <p class='ocr_par' dir='ltr' id='par_1_4' title="bbox 26 622 1216 3560">
     <span class='ocr_line' id='line_1_5' title="bbox 146 622 1160 708; baseline -0.008 -20"><span class='ocrx_word' id='word_1_28' title='bbox 146 628 286 708; x_wconf 81' lang='lat' dir='ltr'><strong>quaedam</strong></span> <span class='ocrx_word' id='word_1_29' title='bbox 306 635 371 685; x_wconf 89' lang='lat' dir='ltr'>sunt</span> <span class='ocrx_word' id='word_1_30' title='bbox 391 624 553 699; x_wconf 79' lang='lat' dir='ltr'>imitabilia,</span> <span class='ocrx_word' id='word_1_31' title='bbox 581 622 683 701; x_wconf 92' lang='lat' dir='ltr'>quibus</span> <span class='ocrx_word' id='word_1_32' title='bbox 704 631 752 682; x_wconf 86' lang='lat' dir='ltr'>aut</span> <span class='ocrx_word' id='word_1_33' title='bbox 774 622 920 680; x_wconf 75' lang='lat' dir='ltr'>infirmitas</span> <span class='ocrx_word' id='word_1_34' title='bbox 943 629 1072 679; x_wconf 89' lang='lat' dir='ltr'>naturae</span> <span class='ocrx_word' id='word_1_35' title='bbox 1097 639 1160 680; x_wconf 87' lang='lat' dir='ltr'>nou</span> 
     </span>
     <span class='ocr_line' id='line_1_6' title="bbox 146 705 1158 785; baseline -0.01 -12"><span class='ocrx_word' id='word_1_36' title='bbox 146 713 270 773; x_wconf 85' lang='lat' dir='ltr'>suillciat</span> <span class='ocrx_word' id='word_1_37' title='bbox 285 720 334 770; x_wconf 91' lang='lat' dir='ltr'>aut</span> <span class='ocrx_word' id='word_1_38' title='bbox 347 710 499 770; x_wconf 89' lang='lat' dir='ltr'>diversitas</span> <span class='ocrx_word' id='word_1_39' title='bbox 511 715 664 785; x_wconf 89' lang='lat' dir='ltr'>repugnet.</span> <span class='ocrx_word' id='word_1_40' title='bbox 694 705 750 781; x_wconf 91' lang='lat' dir='ltr'>Ne,</span> <span class='ocrx_word' id='word_1_41' title='bbox 766 708 812 765; x_wconf 91' lang='lat' dir='ltr'>cui</span> <span class='ocrx_word' id='word_1_42' title='bbox 823 713 909 764; x_wconf 91' lang='lat' dir='ltr'>tenue</span> <span class='ocrx_word' id='word_1_43' title='bbox 920 706 1076 780; x_wconf 78' lang='lat' dir='ltr'>ingenium</span> <span class='ocrx_word' id='word_1_44' title='bbox 1088 709 1158 779; x_wconf 88' lang='lat' dir='ltr'>erit,</span> 
     </span>
     <span class='ocr_line' id='line_1_7' title="bbox 146 787 1216 870; baseline -0.013 -15"><span class='ocrx_word' id='word_1_45' title='bbox 146 797 209 856; x_wconf 91' lang='lat' dir='ltr'>sola</span> <span class='ocrx_word' id='word_1_46' title='bbox 222 795 296 854; x_wconf 82' lang='lat' dir='ltr'>velit</span> <span class='ocrx_word' id='word_1_47' title='bbox 310 794 395 852; x_wconf 90' lang='lat' dir='ltr'>iortia</span> <span class='ocrx_word' id='word_1_48' title='bbox 412 801 442 851; x_wconf 91' lang='lat' dir='ltr'>et</span> <span class='ocrx_word' id='word_1_49' title='bbox 455 792 590 870; x_wconf 81' lang='lat' dir='ltr'>abrupta:</span> <span class='ocrx_word' id='word_1_50' title='bbox 615 793 659 849; x_wconf 90' lang='lat' dir='ltr'>cui</span> <span class='ocrx_word' id='word_1_51' title='bbox 671 790 747 850; x_wconf 87' lang='lat' dir='ltr'>lorte</span> <span class='ocrx_word' id='word_1_52' title='bbox 763 788 877 866; x_wconf 83' lang='lat' dir='ltr'>quidem</span> <span class='ocrx_word' id='word_1_53' title='bbox 898 787 950 847; x_wconf 88' lang='lat' dir='ltr'>sed</span> <span class='ocrx_word' id='word_1_54' title='bbox 965 787 1158 859; x_wconf 82' lang='lat' dir='ltr'>indomitum,</span> <span class='ocrx_word' id='word_1_55' title='bbox 1215 798 1216 841; x_wconf 44' lang='grc' dir='ltr'>ζ</span> 
     </span>
     <span class='ocr_line' id='line_1_8' title="bbox 146 871 1159 954; baseline -0.01 -13"><span class='ocrx_word' id='word_1_56' title='bbox 146 897 243 941; x_wconf 89' lang='lat' dir='ltr'>amore</span> <span class='ocrx_word' id='word_1_57' title='bbox 265 876 431 937; x_wconf 74' lang='lat' dir='ltr'>subtilitatis</span> <span class='ocrx_word' id='word_1_58' title='bbox 451 885 481 936; x_wconf 90' lang='lat' dir='ltr'>et</span> <span class='ocrx_word' id='word_1_59' title='bbox 499 878 554 935; x_wconf 89' lang='lat' dir='ltr'>vim</span> <span class='ocrx_word' id='word_1_60' title='bbox 583 892 663 933; x_wconf 90' lang='lat' dir='ltr'>suam</span> <span class='ocrx_word' id='word_1_61' title='bbox 684 872 786 954; x_wconf 89' lang='lat' dir='ltr'>perdat</span> <span class='ocrx_word' id='word_1_62' title='bbox 806 883 835 932; x_wconf 93' lang='lat' dir='ltr'>et</span> <span class='ocrx_word' id='word_1_63' title='bbox 861 871 1035 948; x_wconf 78' lang='lat' dir='ltr'>elegantiam</span> <span class='ocrx_word' id='word_1_64' title='bbox 1067 890 1159 949; x_wconf 84' lang='lat' dir='ltr'>quarn</span> 
     </span>
     <span class='ocr_line' id='line_1_9' title="bbox 146 955 1160 1042; baseline -0.009 -18"><span class='ocrx_word' id='word_1_65' title='bbox 146 966 225 1042; x_wconf 89' lang='lat' dir='ltr'>eupit</span> <span class='ocrx_word' id='word_1_66' title='bbox 245 979 302 1021; x_wconf 91' lang='lat' dir='ltr'>nou</span> <span class='ocrx_word' id='word_1_67' title='bbox 323 970 502 1038; x_wconf 83' lang='lat' dir='ltr'>assequatur.</span> <span class='ocrx_word' id='word_1_68' title='bbox 539 958 615 1018; x_wconf 87' lang='lat' dir='ltr'>erril</span> <span class='ocrx_word' id='word_1_69' title='bbox 645 959 785 1017; x_wconf 80' lang='lat' dir='ltr'>estonum</span> <span class='ocrx_word' id='word_1_70' title='bbox 807 966 864 1016; x_wconf 90' lang='lat' dir='ltr'>tam</span> <span class='ocrx_word' id='word_1_71' title='bbox 886 955 1041 1029; x_wconf 79' lang='lat' dir='ltr'>indecens,</span> <span class='ocrx_word' id='word_1_72' title='bbox 1066 974 1160 1034; x_wconf 83' lang='lat' dir='ltr'>quarn</span> 
     </span>
     <span class='ocr_line' id='line_1_10' title="bbox 103 1041 1216 1122; baseline -0.015 -9"><span class='ocrx_word' id='word_1_73' title='bbox 103 1060 208 1113; x_wconf 70' lang='lat' dir='ltr'>bocum</span> <span class='ocrx_word' id='word_1_74' title='bbox 222 1046 319 1106; x_wconf 91' lang='lat' dir='ltr'>mollia</span> <span class='ocrx_word' id='word_1_75' title='bbox 340 1045 409 1104; x_wconf 89' lang='lat' dir='ltr'>dure</span> <span class='ocrx_word' id='word_1_76' title='bbox 426 1045 503 1103; x_wconf 89' lang='lat' dir='ltr'>liunt.</span> <span class='ocrx_word' id='word_1_77' title='bbox 532 1043 629 1122; x_wconf 81' lang='lat' dir='ltr'>Atque</span> <span class='ocrx_word' id='word_1_78' title='bbox 644 1059 701 1119; x_wconf 85' lang='lat' dir='ltr'>ego</span> <span class='ocrx_word' id='word_1_79' title='bbox 717 1042 760 1101; x_wconf 92' lang='lat' dir='ltr'>illi</span> <span class='ocrx_word' id='word_1_80' title='bbox 777 1041 979 1119; x_wconf 81' lang='lat' dir='ltr'>praeceptori,</span> <span class='ocrx_word' id='word_1_81' title='bbox 999 1057 1098 1117; x_wconf 87' lang='lat' dir='ltr'>quem</span> <span class='ocrx_word' id='word_1_82' title='bbox 1116 1041 1158 1099; x_wconf 90' lang='lat' dir='ltr'>iu·</span> <span class='ocrx_word' id='word_1_83' title='bbox 1215 1044 1216 1109; x_wconf 38' lang='grc' dir='ltr'>ζ</span> 
     </span>
     <span class='ocr_line' id='line_1_11' title="bbox 146 1122 1157 1201; baseline -0.009 -10"><span class='ocrx_word' id='word_1_84' title='bbox 146 1130 298 1192; x_wconf 88' lang='lat' dir='ltr'>stituebam</span> <span class='ocrx_word' id='word_1_85' title='bbox 313 1131 341 1189; x_wconf 92' lang='lat' dir='ltr'>in</span> <span class='ocrx_word' id='word_1_86' title='bbox 355 1127 428 1187; x_wconf 89' lang='lat' dir='ltr'>libro</span> <span class='ocrx_word' id='word_1_87' title='bbox 440 1127 579 1201; x_wconf 88' lang='lat' dir='ltr'>secundo,</span> <span class='ocrx_word' id='word_1_88' title='bbox 596 1127 705 1186; x_wconf 91' lang='lat' dir='ltr'>credidi</span> <span class='ocrx_word' id='word_1_89' title='bbox 720 1143 776 1185; x_wconf 91' lang='lat' dir='ltr'>non</span> <span class='ocrx_word' id='word_1_90' title='bbox 791 1142 824 1184; x_wconf 92' lang='lat' dir='ltr'>ea</span> <span class='ocrx_word' id='word_1_91' title='bbox 843 1124 905 1183; x_wconf 91' lang='lat' dir='ltr'>sola</span> <span class='ocrx_word' id='word_1_92' title='bbox 921 1122 1057 1182; x_wconf 90' lang='lat' dir='ltr'>docenda</span> <span class='ocrx_word' id='word_1_93' title='bbox 1072 1142 1157 1195; x_wconf 80' lang='lat' dir='ltr'>esse,</span> 
     </span>
     <span class='ocr_line' id='line_1_12' title="bbox 146 1207 1156 1293; baseline -0.009 -17"><span class='ocrx_word' id='word_1_94' title='bbox 146 1215 182 1276; x_wconf 90' lang='lat' dir='ltr'>ad</span> <span class='ocrx_word' id='word_1_95' title='bbox 204 1232 278 1293; x_wconf 90' lang='lat' dir='ltr'>quae</span> <span class='ocrx_word' id='word_1_96' title='bbox 297 1218 439 1290; x_wconf 84' lang='lat' dir='ltr'>quemque</span> <span class='ocrx_word' id='word_1_97' title='bbox 459 1210 665 1289; x_wconf 88' lang='lat' dir='ltr'>discipulorum</span> <span class='ocrx_word' id='word_1_98' title='bbox 685 1219 784 1269; x_wconf 85' lang='lat' dir='ltr'>natura</span> <span class='ocrx_word' id='word_1_99' title='bbox 805 1209 994 1286; x_wconf 91' lang='lat' dir='ltr'>compositum</span> <span class='ocrx_word' id='word_1_100' title='bbox 1016 1207 1156 1267; x_wconf 87' lang='lat' dir='ltr'>videret:</span> 
     </span>
     <span class='ocr_line' id='line_1_13' title="bbox 145 1292 1158 1372; baseline -0.007 -14"><span class='ocrx_word' id='word_1_101' title='bbox 145 1317 209 1358; x_wconf 90' lang='lat' dir='ltr'>nam</span> <span class='ocrx_word' id='word_1_102' title='bbox 230 1299 254 1356; x_wconf 93' lang='lat' dir='ltr'>is</span> <span class='ocrx_word' id='word_1_103' title='bbox 276 1305 306 1356; x_wconf 91' lang='lat' dir='ltr'>et</span> <span class='ocrx_word' id='word_1_104' title='bbox 327 1297 461 1356; x_wconf 85' lang='lat' dir='ltr'>adiurare</span> <span class='ocrx_word' id='word_1_105' title='bbox 484 1295 588 1370; x_wconf 90' lang='lat' dir='ltr'>debet,</span> <span class='ocrx_word' id='word_1_106' title='bbox 617 1311 691 1372; x_wconf 89' lang='lat' dir='ltr'>quae</span> <span class='ocrx_word' id='word_1_107' title='bbox 717 1295 747 1352; x_wconf 91' lang='lat' dir='ltr'>in</span> <span class='ocrx_word' id='word_1_108' title='bbox 774 1309 890 1370; x_wconf 90' lang='lat' dir='ltr'>quoque</span> <span class='ocrx_word' id='word_1_109' title='bbox 916 1308 1017 1352; x_wconf 89' lang='lat' dir='ltr'>eorum</span> <span class='ocrx_word' id='word_1_110' title='bbox 1038 1292 1158 1353; x_wconf 82' lang='lat' dir='ltr'>invenit</span> 
     </span>
     <span class='ocr_line' id='line_1_14' title="bbox 146 1377 1156 1458; baseline -0.005 -16"><span class='ocrx_word' id='word_1_111' title='bbox 146 1384 231 1457; x_wconf 90' lang='lat' dir='ltr'>bona,</span> <span class='ocrx_word' id='word_1_112' title='bbox 254 1389 293 1455; x_wconf 85' lang='lat' dir='ltr'>et,</span> <span class='ocrx_word' id='word_1_113' title='bbox 315 1388 448 1458; x_wconf 90' lang='lat' dir='ltr'>quantum</span> <span class='ocrx_word' id='word_1_114' title='bbox 462 1379 525 1439; x_wconf 88' lang='lat' dir='ltr'>lieri</span> <span class='ocrx_word' id='word_1_115' title='bbox 542 1388 649 1458; x_wconf 90' lang='lat' dir='ltr'>potest,</span> <span class='ocrx_word' id='word_1_116' title='bbox 664 1377 791 1438; x_wconf 89' lang='lat' dir='ltr'>adiicere</span> <span class='ocrx_word' id='word_1_117' title='bbox 803 1395 877 1456; x_wconf 91' lang='lat' dir='ltr'>quae</span> <span class='ocrx_word' id='word_1_118' title='bbox 889 1377 991 1437; x_wconf 88' lang='lat' dir='ltr'>desunt</span> <span class='ocrx_word' id='word_1_119' title='bbox 1007 1387 1037 1436; x_wconf 92' lang='lat' dir='ltr'>et</span> <span class='ocrx_word' id='word_1_120' title='bbox 1050 1396 1156 1437; x_wconf 88' lang='lat' dir='ltr'>emen·</span> 
     </span>
     <span class='ocr_line' id='line_1_15' title="bbox 147 1462 1156 1541; baseline -0.005 -16"><span class='ocrx_word' id='word_1_121' title='bbox 147 1468 216 1526; x_wconf 90' lang='lat' dir='ltr'>dare</span> <span class='ocrx_word' id='word_1_122' title='bbox 235 1464 373 1541; x_wconf 89' lang='lat' dir='ltr'>quaedam</span> <span class='ocrx_word' id='word_1_123' title='bbox 388 1471 417 1522; x_wconf 92' lang='lat' dir='ltr'>et</span> <span class='ocrx_word' id='word_1_124' title='bbox 431 1472 556 1530; x_wconf 81' lang='lat' dir='ltr'>mutare3</span> <span class='ocrx_word' id='word_1_125' title='bbox 575 1472 674 1521; x_wconf 89' lang='lat' dir='ltr'>rector</span> <span class='ocrx_word' id='word_1_126' title='bbox 690 1465 765 1521; x_wconf 90' lang='lat' dir='ltr'>enim</span> <span class='ocrx_word' id='word_1_127' title='bbox 780 1472 826 1520; x_wconf 90' lang='lat' dir='ltr'>est</span> <span class='ocrx_word' id='word_1_128' title='bbox 840 1462 997 1521; x_wconf 91' lang='lat' dir='ltr'>alienorum</span> <span class='ocrx_word' id='word_1_129' title='bbox 1013 1463 1156 1538; x_wconf 75' lang='lat' dir='ltr'>ingenio</span> 
     </span>
     <span class='ocr_line' id='line_1_16' title="bbox 146 1546 1154 1625; baseline -0.005 -17"><span class='ocrx_word' id='word_1_130' title='bbox 146 1568 207 1609; x_wconf 91' lang='lat' dir='ltr'>rum</span> <span class='ocrx_word' id='word_1_131' title='bbox 228 1557 315 1625; x_wconf 90' lang='lat' dir='ltr'>atque</span> <span class='ocrx_word' id='word_1_132' title='bbox 337 1546 484 1607; x_wconf 84' lang='lat' dir='ltr'>formator.</span> <span class='ocrx_word' id='word_1_133' title='bbox 527 1546 682 1607; x_wconf 83' lang='lat' dir='ltr'>Difficilius</span> <span class='ocrx_word' id='word_1_134' title='bbox 704 1556 748 1605; x_wconf 91' lang='lat' dir='ltr'>est</span> <span class='ocrx_word' id='word_1_135' title='bbox 769 1555 896 1605; x_wconf 88' lang='lat' dir='ltr'>naturam</span> <span class='ocrx_word' id='word_1_136' title='bbox 917 1563 995 1603; x_wconf 88' lang='lat' dir='ltr'>suam</span> <span class='ocrx_word' id='word_1_137' title='bbox 1022 1546 1154 1622; x_wconf 86' lang='lat' dir='ltr'>fingere.</span> 
     </span>
     <span class='ocr_line' id='line_1_17' title="bbox 60 1630 1157 1709; baseline -0.009 -12"><span class='ocrx_word' id='word_1_138' title='bbox 60 1652 73 1667; x_wconf 80' lang='grc'><strong>“</strong></span> <span class='ocrx_word' id='word_1_139' title='bbox 104 1644 136 1697; x_wconf 75' lang='lat' dir='ltr'>tt</span> <span class='ocrx_word' id='word_1_140' title='bbox 146 1633 205 1693; x_wconf 93' lang='lat' dir='ltr'>Sed</span> <span class='ocrx_word' id='word_1_141' title='bbox 223 1649 259 1690; x_wconf 92' lang='lat' dir='ltr'>ne</span> <span class='ocrx_word' id='word_1_142' title='bbox 275 1631 324 1691; x_wconf 95' lang='lat' dir='ltr'>ille</span> <span class='ocrx_word' id='word_1_143' title='bbox 343 1630 456 1709; x_wconf 89' lang='lat' dir='ltr'>quidem</span> <span class='ocrx_word' id='word_1_144' title='bbox 478 1631 590 1705; x_wconf 89' lang='lat' dir='ltr'>doctor,</span> <span class='ocrx_word' id='word_1_145' title='bbox 607 1647 768 1709; x_wconf 88' lang='lat' dir='ltr'>quanquam</span> <span class='ocrx_word' id='word_1_146' title='bbox 783 1630 877 1689; x_wconf 93' lang='lat' dir='ltr'>omnia</span> <span class='ocrx_word' id='word_1_147' title='bbox 896 1647 969 1708; x_wconf 90' lang='lat' dir='ltr'>quae</span> <span class='ocrx_word' id='word_1_148' title='bbox 986 1638 1073 1688; x_wconf 90' lang='lat' dir='ltr'>recta</span> <span class='ocrx_word' id='word_1_149' title='bbox 1088 1638 1157 1689; x_wconf 86' lang='lat' dir='ltr'>suut</span> 
     </span>
     <span class='ocr_line' id='line_1_18' title="bbox 146 1714 1154 1792; baseline -0.003 -17"><span class='ocrx_word' id='word_1_150' title='bbox 146 1718 218 1777; x_wconf 86' lang='lat' dir='ltr'>velit</span> <span class='ocrx_word' id='word_1_151' title='bbox 238 1733 305 1775; x_wconf 90' lang='lat' dir='ltr'>esse</span> <span class='ocrx_word' id='word_1_152' title='bbox 322 1716 350 1773; x_wconf 94' lang='lat' dir='ltr'>in</span> <span class='ocrx_word' id='word_1_153' title='bbox 365 1716 424 1774; x_wconf 92' lang='lat' dir='ltr'>suis</span> <span class='ocrx_word' id='word_1_154' title='bbox 440 1714 617 1775; x_wconf 83' lang='lat' dir='ltr'>auditoribus</span> <span class='ocrx_word' id='word_1_155' title='bbox 633 1731 716 1791; x_wconf 90' lang='lat' dir='ltr'>qnam</span> <span class='ocrx_word' id='word_1_156' title='bbox 729 1714 912 1792; x_wconf 91' lang='lat' dir='ltr'>plenissima,</span> <span class='ocrx_word' id='word_1_157' title='bbox 937 1714 965 1771; x_wconf 92' lang='lat' dir='ltr'>in</span> <span class='ocrx_word' id='word_1_158' title='bbox 985 1730 1023 1772; x_wconf 91' lang='lat' dir='ltr'>eo</span> <span class='ocrx_word' id='word_1_159' title='bbox 1039 1723 1154 1788; x_wconf 81' lang='lat' dir='ltr'>tamea,</span> 
     </span>
     <span class='ocr_line' id='line_1_19' title="bbox 148 1797 769 1874; baseline -0.008 -13"><span class='ocrx_word' id='word_1_160' title='bbox 148 1802 194 1861; x_wconf 90' lang='lat' dir='ltr'>cui</span> <span class='ocrx_word' id='word_1_161' title='bbox 209 1809 336 1859; x_wconf 89' lang='lat' dir='ltr'>naturam</span> <span class='ocrx_word' id='word_1_162' title='bbox 352 1798 469 1859; x_wconf 90' lang='lat' dir='ltr'>obstare</span> <span class='ocrx_word' id='word_1_163' title='bbox 482 1799 596 1874; x_wconf 85' lang='lat' dir='ltr'>viderit,</span> <span class='ocrx_word' id='word_1_164' title='bbox 617 1797 769 1858; x_wconf 90' lang='lat' dir='ltr'>laborabit.</span> 
     </span>
     <span class='ocr_line' id='line_1_20' title="bbox 230 1883 1155 1963; baseline -0.002 -20"><span class='ocrx_word' id='word_1_165' title='bbox 230 1883 261 1943; x_wconf 94' lang='lat' dir='ltr'>ld</span> <span class='ocrx_word' id='word_1_166' title='bbox 283 1901 399 1963; x_wconf 90' lang='lat' dir='ltr'>quoque</span> <span class='ocrx_word' id='word_1_167' title='bbox 418 1884 579 1957; x_wconf 87' lang='lat' dir='ltr'>vitandum,</span> <span class='ocrx_word' id='word_1_168' title='bbox 602 1884 630 1941; x_wconf 89' lang='lat' dir='ltr'>iu</span> <span class='ocrx_word' id='word_1_169' title='bbox 652 1899 708 1960; x_wconf 94' lang='lat' dir='ltr'>quo</span> <span class='ocrx_word' id='word_1_170' title='bbox 729 1898 832 1960; x_wconf 86' lang='lat' dir='ltr'>magna</span> <span class='ocrx_word' id='word_1_171' title='bbox 850 1898 919 1960; x_wconf 89' lang='lat' dir='ltr'>pars</span> <span class='ocrx_word' id='word_1_172' title='bbox 940 1888 1033 1956; x_wconf 90' lang='lat' dir='ltr'>errat,</span> <span class='ocrx_word' id='word_1_173' title='bbox 1060 1899 1104 1941; x_wconf 90' lang='lat' dir='ltr'>ue</span> <span class='ocrx_word' id='word_1_174' title='bbox 1124 1884 1155 1941; x_wconf 89' lang='lat' dir='ltr'>in</span> 
     </span>
     <span class='ocr_line' id='line_1_21' title="bbox 147 1966 1153 2047; baseline -0.003 -18"><span class='ocrx_word' id='word_1_175' title='bbox 147 1975 278 2035; x_wconf 82' lang='lat' dir='ltr'>oratioue</span> <span class='ocrx_word' id='word_1_176' title='bbox 293 1978 395 2047; x_wconf 89' lang='lat' dir='ltr'>poetas</span> <span class='ocrx_word' id='word_1_177' title='bbox 411 1967 494 2027; x_wconf 85' lang='lat' dir='ltr'>nobis</span> <span class='ocrx_word' id='word_1_178' title='bbox 511 1976 540 2027; x_wconf 92' lang='lat' dir='ltr'>et</span> <span class='ocrx_word' id='word_1_179' title='bbox 555 1967 726 2043; x_wconf 81' lang='lat' dir='ltr'>historicos,</span> <span class='ocrx_word' id='word_1_180' title='bbox 742 1967 843 2026; x_wconf 91' lang='lat' dir='ltr'>inillis</span> <span class='ocrx_word' id='word_1_181' title='bbox 860 1966 996 2045; x_wconf 86' lang='lat' dir='ltr'>operibus</span> <span class='ocrx_word' id='word_1_182' title='bbox 1012 1976 1153 2027; x_wconf 88' lang='lat' dir='ltr'>oratores</span> 
     </span>
     <span class='ocr_line' id='line_1_22' title="bbox 107 2050 1152 2129; baseline -0.006 -13"><span class='ocrx_word' id='word_1_183' title='bbox 107 2064 195 2116; x_wconf 67' lang='lat' dir='ltr'>itaut</span> <span class='ocrx_word' id='word_1_184' title='bbox 211 2051 423 2113; x_wconf 79' lang='lat' dir='ltr'>declamatores</span> <span class='ocrx_word' id='word_1_185' title='bbox 440 2050 591 2112; x_wconf 87' lang='lat' dir='ltr'>imitandos</span> <span class='ocrx_word' id='word_1_186' title='bbox 609 2060 751 2129; x_wconf 89' lang='lat' dir='ltr'>putemus.</span> <span class='ocrx_word' id='word_1_187' title='bbox 787 2051 844 2111; x_wconf 86' lang='lat' dir='ltr'>Sua</span> <span class='ocrx_word' id='word_1_188' title='bbox 867 2050 971 2127; x_wconf 90' lang='lat' dir='ltr'>cuique</span> <span class='ocrx_word' id='word_1_189' title='bbox 992 2052 1152 2127; x_wconf 87' lang='lat' dir='ltr'>proposita</span> 
     </span>
     <span class='ocr_line' id='line_1_23' title="bbox 147 2134 1153 2215; baseline -0.004 -18"><span class='ocrx_word' id='word_1_190' title='bbox 147 2138 213 2212; x_wconf 87' lang='lat' dir='ltr'>lex,</span> <span class='ocrx_word' id='word_1_191' title='bbox 236 2154 304 2195; x_wconf 91' lang='lat' dir='ltr'>suus</span> <span class='ocrx_word' id='word_1_192' title='bbox 328 2138 432 2215; x_wconf 89' lang='lat' dir='ltr'>cuique</span> <span class='ocrx_word' id='word_1_193' title='bbox 453 2136 544 2196; x_wconf 87' lang='lat' dir='ltr'>decor</span> <span class='ocrx_word' id='word_1_194' title='bbox 565 2143 620 2195; x_wconf 91' lang='lat' dir='ltr'>est.</span> <span class='ocrx_word' id='word_1_195' title='bbox 650 2134 729 2211; x_wconf 32' lang='lat' dir='ltr'>‚Nam</span> <span class='ocrx_word' id='word_1_196' title='bbox 749 2152 804 2194; x_wconf 90' lang='lat' dir='ltr'>nee</span> <span class='ocrx_word' id='word_1_197' title='bbox 827 2134 976 2193; x_wconf 90' lang='lat' dir='ltr'>comoedia</span> <span class='ocrx_word' id='word_1_198' title='bbox 997 2134 1153 2193; x_wconf 88' lang='lat' dir='ltr'>cothurnis</span> 
     </span>
     <span class='ocr_line' id='line_1_24' title="bbox 149 2216 1152 2297; baseline -0.003 -16"><span class='ocrx_word' id='word_1_199' title='bbox 149 2221 290 2296; x_wconf 79' lang='lat' dir='ltr'>assurgit,</span> <span class='ocrx_word' id='word_1_200' title='bbox 323 2238 379 2279; x_wconf 89' lang='lat' dir='ltr'>uec</span> <span class='ocrx_word' id='word_1_201' title='bbox 408 2229 507 2280; x_wconf 86' lang='lat' dir='ltr'>eontm</span> <span class='ocrx_word' id='word_1_202' title='bbox 530 2219 680 2297; x_wconf 77' lang='lat' dir='ltr'>tragoedia</span> <span class='ocrx_word' id='word_1_203' title='bbox 703 2219 824 2278; x_wconf 89' lang='lat' dir='ltr'>soeculo</span> <span class='ocrx_word' id='word_1_204' title='bbox 843 2217 1010 2294; x_wconf 80' lang='lat' dir='ltr'>ingreditur.</span> <span class='ocrx_word' id='word_1_205' title='bbox 1051 2216 1152 2292; x_wconf 84' lang='lat' dir='ltr'>Habet</span> 
     </span>
     <span class='ocr_line' id='line_1_25' title="bbox 147 2302 1150 2381; baseline -0.001 -18"><span class='ocrx_word' id='word_1_206' title='bbox 147 2313 243 2364; x_wconf 91' lang='lat' dir='ltr'>tamen</span> <span class='ocrx_word' id='word_1_207' title='bbox 265 2304 356 2362; x_wconf 89' lang='lat' dir='ltr'>omnis</span> <span class='ocrx_word' id='word_1_208' title='bbox 382 2304 546 2381; x_wconf 88' lang='lat' dir='ltr'>eloquentia</span> <span class='ocrx_word' id='word_1_209' title='bbox 574 2303 680 2380; x_wconf 90' lang='lat' dir='ltr'>aliquid</span> <span class='ocrx_word' id='word_1_210' title='bbox 714 2319 874 2368; x_wconf 90' lang='lat' dir='ltr'>eommune;</span> <span class='ocrx_word' id='word_1_211' title='bbox 901 2302 1042 2360; x_wconf 89' lang='lat' dir='ltr'>imitemur</span> <span class='ocrx_word' id='word_1_212' title='bbox 1068 2303 1150 2380; x_wconf 93' lang='lat' dir='ltr'>quod</span> 
     </span>
     <span class='ocr_line' id='line_1_26' title="bbox 107 2385 1149 2464; baseline -0.006 -14"><span class='ocrx_word' id='word_1_213' title='bbox 107 2395 298 2450; x_wconf 77' lang='lat' dir='ltr'>titeommune</span> <span class='ocrx_word' id='word_1_214' title='bbox 315 2396 369 2446; x_wconf 91' lang='lat' dir='ltr'>est.</span> <span class='ocrx_word' id='word_1_215' title='bbox 402 2386 496 2446; x_wconf 88' lang='lat' dir='ltr'>Etiam</span> <span class='ocrx_word' id='word_1_216' title='bbox 518 2387 574 2447; x_wconf 89' lang='lat' dir='ltr'>boc</span> <span class='ocrx_word' id='word_1_217' title='bbox 594 2386 671 2446; x_wconf 90' lang='lat' dir='ltr'>solet</span> <span class='ocrx_word' id='word_1_218' title='bbox 686 2385 856 2446; x_wconf 89' lang='lat' dir='ltr'>incommodi</span> <span class='ocrx_word' id='word_1_219' title='bbox 871 2385 1005 2444; x_wconf 87' lang='lat' dir='ltr'>accidere</span> <span class='ocrx_word' id='word_1_220' title='bbox 1021 2386 1072 2459; x_wconf 92' lang='lat' dir='ltr'>iis,</span> <span class='ocrx_word' id='word_1_221' title='bbox 1100 2388 1149 2464; x_wconf 93' lang='lat' dir='ltr'>qui</span> 
     </span>
     <span class='ocr_line' id='line_1_27' title="bbox 150 2469 1148 2547; baseline -0.001 -17"><span class='ocrx_word' id='word_1_222' title='bbox 150 2472 245 2530; x_wconf 84' lang='lat' dir='ltr'>se-uni</span> <span class='ocrx_word' id='word_1_223' title='bbox 260 2470 345 2530; x_wconf 89' lang='lat' dir='ltr'>alicui</span> <span class='ocrx_word' id='word_1_224' title='bbox 360 2472 461 2547; x_wconf 85' lang='lat' dir='ltr'>generi</span> <span class='ocrx_word' id='word_1_225' title='bbox 479 2470 659 2545; x_wconf 91' lang='lat' dir='ltr'>dediderunt,</span> <span class='ocrx_word' id='word_1_226' title='bbox 675 2478 716 2543; x_wconf 93' lang='lat' dir='ltr'>ut,</span> <span class='ocrx_word' id='word_1_227' title='bbox 729 2472 754 2529; x_wconf 92' lang='lat' dir='ltr'>si</span> <span class='ocrx_word' id='word_1_228' title='bbox 768 2470 909 2547; x_wconf 86' lang='lat' dir='ltr'>asperitas</span> <span class='ocrx_word' id='word_1_229' title='bbox 924 2470 959 2527; x_wconf 91' lang='lat' dir='ltr'>iis</span> <span class='ocrx_word' id='word_1_230' title='bbox 973 2469 1083 2546; x_wconf 88' lang='lat' dir='ltr'>placuit</span> <span class='ocrx_word' id='word_1_231' title='bbox 1096 2471 1148 2529; x_wconf 88' lang='lat' dir='ltr'>all·</span> 
     </span>
     <span class='ocr_line' id='line_1_28' title="bbox 151 2553 1148 2629; baseline -0.002 -15"><span class='ocrx_word' id='word_1_232' title='bbox 151 2556 248 2629; x_wconf 86' lang='lat' dir='ltr'>cuius,</span> <span class='ocrx_word' id='word_1_233' title='bbox 271 2553 345 2613; x_wconf 88' lang='lat' dir='ltr'>hano</span> <span class='ocrx_word' id='word_1_234' title='bbox 363 2557 448 2613; x_wconf 90' lang='lat' dir='ltr'>etiam</span> <span class='ocrx_word' id='word_1_235' title='bbox 468 2556 497 2612; x_wconf 92' lang='lat' dir='ltr'>in</span> <span class='ocrx_word' id='word_1_236' title='bbox 518 2555 574 2613; x_wconf 89' lang='lat' dir='ltr'>leni</span> <span class='ocrx_word' id='word_1_237' title='bbox 590 2572 625 2614; x_wconf 89' lang='lat' dir='ltr'>ac</span> <span class='ocrx_word' id='word_1_238' title='bbox 643 2556 763 2613; x_wconf 91' lang='lat' dir='ltr'>remisso</span> <span class='ocrx_word' id='word_1_239' title='bbox 788 2569 935 2613; x_wconf 88' lang='lat' dir='ltr'>causarum</span> <span class='ocrx_word' id='word_1_240' title='bbox 956 2569 1067 2629; x_wconf 82' lang='lat' dir='ltr'>genere</span> <span class='ocrx_word' id='word_1_241' title='bbox 1089 2570 1148 2612; x_wconf 91' lang='lat' dir='ltr'>non</span> 
     </span>
     <span class='ocr_line' id='line_1_29' title="bbox 153 2636 1146 2716; baseline 0 -18"><span class='ocrx_word' id='word_1_242' title='bbox 153 2647 272 2705; x_wconf 79' lang='lat' dir='ltr'>exuant3</span> <span class='ocrx_word' id='word_1_243' title='bbox 289 2640 313 2697; x_wconf 90' lang='lat' dir='ltr'>si</span> <span class='ocrx_word' id='word_1_244' title='bbox 331 2639 453 2697; x_wconf 92' lang='lat' dir='ltr'>tenuitas</span> <span class='ocrx_word' id='word_1_245' title='bbox 469 2654 504 2697; x_wconf 89' lang='lat' dir='ltr'>ae</span> <span class='ocrx_word' id='word_1_246' title='bbox 516 2638 686 2712; x_wconf 88' lang='lat' dir='ltr'>iucunditas,</span> <span class='ocrx_word' id='word_1_247' title='bbox 701 2638 729 2697; x_wconf 91' lang='lat' dir='ltr'>in</span> <span class='ocrx_word' id='word_1_248' title='bbox 740 2639 852 2716; x_wconf 88' lang='lat' dir='ltr'>asperis</span> <span class='ocrx_word' id='word_1_249' title='bbox 867 2636 1062 2714; x_wconf 77' lang='lat' dir='ltr'>gravibusque</span> <span class='ocrx_word' id='word_1_250' title='bbox 1078 2655 1146 2698; x_wconf 90' lang='lat' dir='ltr'>cau·</span> 
     </span>
     <span class='ocr_line' id='line_1_30' title="bbox 149 2721 1149 2801; baseline -0.003 -18"><span class='ocrx_word' id='word_1_251' title='bbox 149 2725 188 2783; x_wconf 91' lang='lat' dir='ltr'>sis</span> <span class='ocrx_word' id='word_1_252' title='bbox 200 2722 327 2801; x_wconf 89' lang='lat' dir='ltr'>ponderi</span> <span class='ocrx_word' id='word_1_253' title='bbox 345 2740 439 2780; x_wconf 89' lang='lat' dir='ltr'>rerum</span> <span class='ocrx_word' id='word_1_254' title='bbox 454 2739 554 2799; x_wconf 89' lang='lat' dir='ltr'>parum</span> <span class='ocrx_word' id='word_1_255' title='bbox 574 2721 782 2801; x_wconf 86' lang='lat' dir='ltr'>respondeant:</span> <span class='ocrx_word' id='word_1_256' title='bbox 808 2738 872 2781; x_wconf 90' lang='lat' dir='ltr'>cum</span> <span class='ocrx_word' id='word_1_257' title='bbox 894 2721 931 2781; x_wconf 89' lang='lat' dir='ltr'>sit</span> <span class='ocrx_word' id='word_1_258' title='bbox 951 2722 1067 2781; x_wconf 86' lang='lat' dir='ltr'>diversa</span> <span class='ocrx_word' id='word_1_259' title='bbox 1087 2738 1149 2781; x_wconf 89' lang='lat' dir='ltr'>uou</span> 
     </span>
     <span class='ocr_line' id='line_1_31' title="bbox 150 2804 1147 2883; baseline -0.003 -16"><span class='ocrx_word' id='word_1_260' title='bbox 150 2825 298 2867; x_wconf 89' lang='lat' dir='ltr'>causarum</span> <span class='ocrx_word' id='word_1_261' title='bbox 320 2805 406 2865; x_wconf 92' lang='lat' dir='ltr'>modo</span> <span class='ocrx_word' id='word_1_262' title='bbox 426 2806 500 2864; x_wconf 91' lang='lat' dir='ltr'>inter</span> <span class='ocrx_word' id='word_1_263' title='bbox 521 2807 600 2883; x_wconf 90' lang='lat' dir='ltr'>ipsas</span> <span class='ocrx_word' id='word_1_264' title='bbox 627 2805 758 2865; x_wconf 86' lang='lat' dir='ltr'>condicio</span> <span class='ocrx_word' id='word_1_265' title='bbox 783 2804 835 2865; x_wconf 92' lang='lat' dir='ltr'>sed</span> <span class='ocrx_word' id='word_1_266' title='bbox 860 2806 889 2863; x_wconf 94' lang='lat' dir='ltr'>in</span> <span class='ocrx_word' id='word_1_267' title='bbox 913 2804 1034 2880; x_wconf 86' lang='lat' dir='ltr'>singulis</span> <span class='ocrx_word' id='word_1_268' title='bbox 1060 2806 1147 2864; x_wconf 90' lang='lat' dir='ltr'>etiam</span> 
     </span>
     <span class='ocr_line' id='line_1_32' title="bbox 150 2884 1145 2968; baseline -0.003 -17"><span class='ocrx_word' id='word_1_269' title='bbox 150 2893 244 2951; x_wconf 90' lang='lat' dir='ltr'>causis</span> <span class='ocrx_word' id='word_1_270' title='bbox 262 2892 399 2968; x_wconf 92' lang='lat' dir='ltr'>partium,</span> <span class='ocrx_word' id='word_1_271' title='bbox 418 2891 530 2967; x_wconf 90' lang='lat' dir='ltr'>sintque</span> <span class='ocrx_word' id='word_1_272' title='bbox 547 2889 602 2949; x_wconf 89' lang='lat' dir='ltr'>alia</span> <span class='ocrx_word' id='word_1_273' title='bbox 619 2890 723 2949; x_wconf 87' lang='lat' dir='ltr'>leniter</span> <span class='ocrx_word' id='word_1_274' title='bbox 736 2888 791 2948; x_wconf 91' lang='lat' dir='ltr'>alia</span> <span class='ocrx_word' id='word_1_275' title='bbox 807 2884 912 2967; x_wconf 82' lang='lat' dir='ltr'>aspere</span> <span class='ocrx_word' id='word_1_276' title='bbox 929 2887 984 2947; x_wconf 92' lang='lat' dir='ltr'>alia</span> <span class='ocrx_word' id='word_1_277' title='bbox 1000 2890 1145 2966; x_wconf 82' lang='lat' dir='ltr'>concitate</span> 
     </span>
     <span class='ocr_line' id='line_1_33' title="bbox 151 2971 1144 3050; baseline -0.001 -18"><span class='ocrx_word' id='word_1_278' title='bbox 151 2974 206 3033; x_wconf 92' lang='lat' dir='ltr'>alia</span> <span class='ocrx_word' id='word_1_279' title='bbox 222 2976 358 3050; x_wconf 90' lang='lat' dir='ltr'>remisse,</span> <span class='ocrx_word' id='word_1_280' title='bbox 382 2974 436 3034; x_wconf 88' lang='lat' dir='ltr'>alia</span> <span class='ocrx_word' id='word_1_281' title='bbox 452 2973 574 3033; x_wconf 87' lang='lat' dir='ltr'>docendi</span> <span class='ocrx_word' id='word_1_282' title='bbox 589 2973 645 3033; x_wconf 89' lang='lat' dir='ltr'>alia</span> <span class='ocrx_word' id='word_1_283' title='bbox 663 2972 796 3032; x_wconf 88' lang='lat' dir='ltr'>movendi</span> <span class='ocrx_word' id='word_1_284' title='bbox 810 2974 902 3049; x_wconf 89' lang='lat' dir='ltr'>gratia</span> <span class='ocrx_word' id='word_1_285' title='bbox 917 2971 1053 3040; x_wconf 90' lang='lat' dir='ltr'>dicenda;</span> <span class='ocrx_word' id='word_1_286' title='bbox 1073 2990 1144 3050; x_wconf 92' lang='lat' dir='ltr'>quo·</span> 
     </span>
     <span class='ocr_line' id='line_1_34' title="bbox 108 3055 1143 3135; baseline -0.006 -15"><span class='ocrx_word' id='word_1_287' title='bbox 108 3065 212 3120; x_wconf 79' lang='lat' dir='ltr'>aarum</span> <span class='ocrx_word' id='word_1_288' title='bbox 229 3059 350 3117; x_wconf 90' lang='lat' dir='ltr'>omnium</span> <span class='ocrx_word' id='word_1_289' title='bbox 365 3057 509 3117; x_wconf 90' lang='lat' dir='ltr'>dissimilis</span> <span class='ocrx_word' id='word_1_290' title='bbox 529 3067 616 3135; x_wconf 92' lang='lat' dir='ltr'>atque</span> <span class='ocrx_word' id='word_1_291' title='bbox 636 3058 750 3118; x_wconf 91' lang='lat' dir='ltr'>diversa</span> <span class='ocrx_word' id='word_1_292' title='bbox 764 3058 838 3115; x_wconf 91' lang='lat' dir='ltr'>inter</span> <span class='ocrx_word' id='word_1_293' title='bbox 856 3074 889 3114; x_wconf 93' lang='lat' dir='ltr'>se</span> <span class='ocrx_word' id='word_1_294' title='bbox 907 3057 979 3115; x_wconf 91' lang='lat' dir='ltr'>ratio</span> <span class='ocrx_word' id='word_1_295' title='bbox 996 3063 1050 3115; x_wconf 91' lang='lat' dir='ltr'>est.</span> <span class='ocrx_word' id='word_1_296' title='bbox 1088 3055 1143 3115; x_wconf 89' lang='lat' dir='ltr'>Ita·</span> 
     </span>
     <span class='ocr_line' id='line_1_35' title="bbox 151 3139 1143 3219; baseline 0 -21"><span class='ocrx_word' id='word_1_297' title='bbox 151 3158 207 3218; x_wconf 91' lang='lat' dir='ltr'>que</span> <span class='ocrx_word' id='word_1_298' title='bbox 228 3158 264 3199; x_wconf 91' lang='lat' dir='ltr'>ne</span> <span class='ocrx_word' id='word_1_299' title='bbox 285 3140 342 3201; x_wconf 88' lang='lat' dir='ltr'>lroc</span> <span class='ocrx_word' id='word_1_300' title='bbox 362 3142 475 3219; x_wconf 90' lang='lat' dir='ltr'>quidem</span> <span class='ocrx_word' id='word_1_301' title='bbox 490 3142 646 3217; x_wconf 89' lang='lat' dir='ltr'>suaserim,</span> <span class='ocrx_word' id='word_1_302' title='bbox 669 3142 715 3199; x_wconf 92' lang='lat' dir='ltr'>uni</span> <span class='ocrx_word' id='word_1_303' title='bbox 739 3159 771 3200; x_wconf 91' lang='lat' dir='ltr'>se</span> <span class='ocrx_word' id='word_1_304' title='bbox 793 3140 879 3200; x_wconf 90' lang='lat' dir='ltr'>alicui</span> <span class='ocrx_word' id='word_1_305' title='bbox 899 3139 1035 3218; x_wconf 85' lang='lat' dir='ltr'>proprie,</span> <span class='ocrx_word' id='word_1_306' title='bbox 1059 3158 1143 3219; x_wconf 91' lang='lat' dir='ltr'>quem</span> 
     </span>
     <span class='ocr_line' id='line_1_36' title="bbox 150 3222 1142 3303; baseline 0.001 -22"><span class='ocrx_word' id='word_1_307' title='bbox 150 3240 206 3303; x_wconf 92' lang='lat' dir='ltr'>per</span> <span class='ocrx_word' id='word_1_308' title='bbox 220 3226 312 3283; x_wconf 90' lang='lat' dir='ltr'>omnia</span> <span class='ocrx_word' id='word_1_309' title='bbox 326 3235 478 3302; x_wconf 89' lang='lat' dir='ltr'>sequatur,</span> <span class='ocrx_word' id='word_1_310' title='bbox 494 3225 638 3285; x_wconf 91' lang='lat' dir='ltr'>addicere.</span> <span class='ocrx_word' id='word_1_311' title='bbox 670 3223 798 3283; x_wconf 87' lang='lat' dir='ltr'>Omnium</span> <span class='ocrx_word' id='word_1_312' title='bbox 811 3223 1037 3301; x_wconf 82' lang='lat' dir='ltr'>perfectissimus</span> <span class='ocrx_word' id='word_1_313' title='bbox 1055 3222 1142 3286; x_wconf 76' lang='lat' dir='ltr'>Grae</span> 
     </span>
     <span class='ocr_line' id='line_1_37' title="bbox 152 3306 1142 3386; baseline -0.002 -19"><span class='ocrx_word' id='word_1_314' title='bbox 152 3324 249 3367; x_wconf 93' lang='lat' dir='ltr'>corum</span> <span class='ocrx_word' id='word_1_315' title='bbox 266 3307 487 3383; x_wconf 84' lang='lat' dir='ltr'>Demosthenes,</span> <span class='ocrx_word' id='word_1_316' title='bbox 503 3308 609 3386; x_wconf 91' lang='lat' dir='ltr'>aliquid</span> <span class='ocrx_word' id='word_1_317' title='bbox 621 3318 714 3367; x_wconf 92' lang='lat' dir='ltr'>tamen</span> <span class='ocrx_word' id='word_1_318' title='bbox 729 3308 825 3386; x_wconf 91' lang='lat' dir='ltr'>aliquo</span> <span class='ocrx_word' id='word_1_319' title='bbox 836 3309 864 3366; x_wconf 92' lang='lat' dir='ltr'>in</span> <span class='ocrx_word' id='word_1_320' title='bbox 881 3307 948 3367; x_wconf 86' lang='lat' dir='ltr'>loeo</span> <span class='ocrx_word' id='word_1_321' title='bbox 961 3306 1066 3365; x_wconf 90' lang='lat' dir='ltr'>melius</span> <span class='ocrx_word' id='word_1_322' title='bbox 1083 3307 1142 3381; x_wconf 88' lang='lat' dir='ltr'>alii,</span> 
     </span>
     <span class='ocr_line' id='line_1_38' title="bbox 151 3390 1141 3470; baseline -0.002 -19"><span class='ocrx_word' id='word_1_323' title='bbox 151 3392 272 3470; x_wconf 89' lang='lat' dir='ltr'>plurimu</span> <span class='ocrx_word' id='word_1_324' title='bbox 287 3390 346 3449; x_wconf 89' lang='lat' dir='ltr'>ille.</span> <span class='ocrx_word' id='word_1_325' title='bbox 378 3392 436 3451; x_wconf 91' lang='lat' dir='ltr'>Sed</span> <span class='ocrx_word' id='word_1_326' title='bbox 451 3409 508 3450; x_wconf 91' lang='lat' dir='ltr'>non</span> <span class='ocrx_word' id='word_1_327' title='bbox 523 3393 571 3469; x_wconf 90' lang='lat' dir='ltr'>qui</span> <span class='ocrx_word' id='word_1_328' title='bbox 584 3393 706 3451; x_wconf 85' lang='lat' dir='ltr'>maxime</span> <span class='ocrx_word' id='word_1_329' title='bbox 721 3391 869 3451; x_wconf 87' lang='lat' dir='ltr'>imitandus</span> <span class='ocrx_word' id='word_1_330' title='bbox 890 3400 919 3449; x_wconf 96' lang='lat' dir='ltr'>et</span> <span class='ocrx_word' id='word_1_331' title='bbox 935 3391 1015 3450; x_wconf 91' lang='lat' dir='ltr'>solus</span> <span class='ocrx_word' id='word_1_332' title='bbox 1032 3391 1141 3450; x_wconf 91' lang='lat' dir='ltr'>imitan-</span> 
     </span>
     <span class='ocr_line' id='line_1_39' title="bbox 26 3472 1141 3560; baseline -0.004 -21"><span class='ocrx_word' id='word_1_333' title='bbox 26 3553 30 3560; x_wconf 92' lang='lat'>.</span> <span class='ocrx_word' id='word_1_334' title='bbox 110 3476 203 3539; x_wconf 79' lang='lat' dir='ltr'>25dus</span> <span class='ocrx_word' id='word_1_335' title='bbox 220 3483 274 3534; x_wconf 85' lang='lat' dir='ltr'>est.</span> <span class='ocrx_word' id='word_1_336' title='bbox 305 3473 379 3548; x_wconf 82' lang='lat' dir='ltr'>Quid</span> <span class='ocrx_word' id='word_1_337' title='bbox 394 3472 485 3552; x_wconf 79' lang='lat' dir='ltr'>ergo?</span> <span class='ocrx_word' id='word_1_338' title='bbox 501 3493 557 3535; x_wconf 87' lang='lat' dir='ltr'>uon</span> <span class='ocrx_word' id='word_1_339' title='bbox 573 3484 618 3535; x_wconf 91' lang='lat' dir='ltr'>est</span> <span class='ocrx_word' id='word_1_340' title='bbox 628 3476 698 3536; x_wconf 91' lang='lat' dir='ltr'>satis</span> <span class='ocrx_word' id='word_1_341' title='bbox 710 3477 803 3536; x_wconf 85' lang='lat' dir='ltr'>omnia</span> <span class='ocrx_word' id='word_1_342' title='bbox 817 3477 861 3536; x_wconf 91' lang='lat' dir='ltr'>sic</span> <span class='ocrx_word' id='word_1_343' title='bbox 870 3473 979 3555; x_wconf 88' lang='lat' dir='ltr'>dicere,</span> <span class='ocrx_word' id='word_1_344' title='bbox 996 3475 1141 3555; x_wconf 92' lang='lat' dir='ltr'>quomodo</span> 
     </span>
    </p>
   </div>
   <div class='ocr_carea' id='block_1_5' title="bbox 0 0 1222 3925">
    <p class='ocr_par' dir='ltr' id='par_1_5' title="bbox 0 0 1222 3925">
     <span class='ocr_line' id='line_1_40' title="bbox 0 0 1222 3925; baseline 0 7"><span class='ocrx_word' id='word_1_345' title='bbox 0 0 1222 3925; x_wconf 95' lang='lat' dir='ltr'> </span> 
     </span>
    </p>
   </div>
  </div>
 </body>
</html>
