2434 3925
386 188 816 258 rusa.oaaroa.c1n.v1,a.
1040 180 1102 244 aot

93 349 129 410 si
144 356 239 407 tamen
256 363 315 407 nen
328 346 365 407 sit
379 343 566 419 immodicus,
587 345 672 404 affert
692 345 800 422 aliquid
815 347 954 425 propriae
969 347 1102 426 valupta-

93 433 156 492 tis:
180 433 219 490 ita
240 431 267 491 hi
291 447 407 509 quoque
430 431 458 488 in
478 429 603 489 diceudo
625 428 732 489 babent
748 430 896 506 quiddam,
919 431 997 509 quod
1018 432 1103 492 nobis

85 516 192 579 ,faciat
212 513 346 574 audiendi
367 515 452 573 sitim.
485 510 664 573 Facetum
686 530 803 592 quoque
823 532 881 574 con
901 524 1008 575 tactum
1024 517 1103 576 circa

92 597 228 659 ridicula
247 599 351 676 opinor
370 598 543 657 consistere.
590 595 698 674 Neque
723 600 798 657 enim
821 599 933 659 diceret
956 599 1145 676 Horatiorum

93 684 230 754 facetum
261 682 393 742 carminis
419 697 513 757 genus
541 688 641 739 natura
667 698 840 753 concessum
865 700 933 741 esse
958 683 1101 760 Vergilio.

93 766 228 827 Decoris
249 765 323 825 hanc
339 766 431 840 magis
454 773 484 823 et
504 764 638 823 excultae
657 766 804 827 cuiusdam
820 765 984 842 elegantiae
1002 768 1101 845 appel·

81 851 241 911 lationem
255 859 335 927 puto.
372 848 500 926 Ideoque
515 848 544 906 in
557 848 690 926 epistolis
706 846 811 909 Cicero
827 849 901 909 haec
915 849 994 910 Bruti
1011 851 1104 911 refert

95 932 211 994 verba:
232 930 301 994 Noc
320 934 365 994 illi
384 941 456 993 aaut
473 932 572 1010 pedes
590 933 686 1009 faceti
714 953 754 993 ce
775 936 894 995 dedeiie
917 935 1103 1012 iaqreds'enti

95 1018 232 1079 mollius.
269 1015 353 1089 occu
378 1018 513 1077 convenit
538 1033 603 1077 cum
629 1015 679 1075 ille
705 1016 877 1093 Horatiano,
903 1019 990 1080 mole
1010 1029 1103 1096 etque

94 1102 238 1180 facetum
256 1098 397 1178 Verqdio.
426 1099 544 1158 locum
558 1116 629 1158 vero
644 1101 812 1178 accipimus,
832 1101 909 1179 quod
928 1108 1142 1168 seleucus-21

97 1187 176 1244 rium
191 1185 284 1252 serio;
307 1202 370 1243 cam
392 1192 421 1242 et
441 1183 553 1260 lingere
576 1192 605 1243 et
624 1191 737 1244 terrere
758 1195 787 1244 et
803 1187 972 1263 promittere
989 1187 1101 1244 interim

97 1271 186 1328 iocus
199 1277 255 1328 est.
285 1267 479 1327 Dicacitas
502 1267 668 1327 siuedubio
683 1267 849 1345 edicendo,
868 1270 946 1346 qaod
964 1279 1009 1328 est
1026 1271 1101 1328 omni

99 1353 206 1429 generi
225 1369 392 1426 commune,
409 1351 494 1411 ducta
508 1359 571 1425 est,
587 1354 707 1430 proprie
723 1361 817 1413 tamen
831 1353 973 1430 signifieat
991 1370 1101 1412 sermo·

99 1454 170 1495 uem
185 1453 247 1495 cum
262 1437 320 1495 risu
335 1435 449 1512 aliquos
462 1436 665 1495 incessentem.
698 1435 768 1497 Ideo
786 1437 1004 1497 Demosthenen
1017 1436 1100 1496 urba·

100 1537 170 1579 num
191 1519 282 1578 fuisse
298 1518 405 1594 dicunt,
423 1519 553 1579 dicacem
568 1529 683 1596 negant.

188 1602 337 1680 Proprium
360 1610 455 1662 autem
474 1605 629 1678 materiae,
652 1604 690 1663 de
712 1620 767 1680 qua
788 1622 863 1663 uunc
878 1603 1036 1681 loquimur,
1057 1612 1142 1669 estas

101 1686 315 1761 ridiculum,
338 1687 464 1764 ideoque
494 1686 567 1746 baec
594 1695 654 1746 tota
682 1687 836 1765 disputatio
858 1706 873 1747 a
897 1687 1015 1747 Graecis
1035 1686 1102 1764 περὶ

99 1770 219 1850 γελοίου
239 1770 411 1831 inscribitur.
444 1769 514 1828 Eius
530 1771 620 1846 prima
636 1770 738 1831 divuio
754 1771 874 1831 traditur
889 1771 1005 1846 eadem,
1026 1788 1100 1847 quae
1164 1836 1167 1841 ξ

101 1864 150 1914 est
171 1854 269 1913 omnis'
286 1856 441 1928 orationis,
464 1862 495 1913 ut
516 1855 553 1912 sit
572 1855 697 1932 positum
720 1856 749 1912 in
769 1853 856 1913 rebus
879 1864 927 1914 aut
947 1855 976 1913 in
990 1854 1098 1913 verbis.

100 1938 182 2000 Usus
194 1947 288 1998 autem
302 1939 424 1998 maxime
439 1935 555 2015 triplex.
590 1936 651 1997 Aut
667 1938 740 1997 enlm
756 1956 793 1997 ex
809 1939 902 1998 aliis
923 1939 1011 1998 risum
1027 1939 1144 2015 peti-2³

101 2041 167 2083 mus
181 2031 231 2081 aut
246 2040 284 2081 ex
307 2021 414 2081 uobis
434 2030 482 2081 aut
503 2039 541 2080 ex
560 2021 670 2082 rebus
694 2021 837 2081 medi-is.
870 2022 973 2081 Aliena
991 2031 1039 2081 aut
1053 2039 1099 2082 re·

102 2105 309 2185 prehendimus
332 2115 379 2165 aut
398 2106 554 2165 refutamus
580 2115 628 2165 aut
647 2106 793 2165 elevamus
820 2115 870 2165 aut
889 2106 1099 2183 repercutimus

103 2199 154 2249 aut
168 2189 318 2250 eludimus.
348 2188 454 2249 Nostra
468 2189 590 2250 ridicule
605 2190 761 2249 indicamus
778 2197 817 2263 et,
834 2198 864 2247 ut
876 2188 968 2249 verbo
981 2187 1099 2249 Cicero·

105 2276 149 2333 nis
169 2282 244 2348 utar,
261 2273 380 2332 dicimus
395 2273 489 2351 aliqua
508 2273 695 2333 subabsurda.
728 2273 858 2350 Namque
878 2273 996 2348 eadem,
1013 2291 1098 2351 quae,

105 2359 130 2418 si
146 2357 371 2434 imprudentibus
386 2358 531 2431 excidant,
547 2358 634 2418 stulta
650 2366 731 2432 sunt,
748 2359 772 2415 si
790 2357 964 2431 simulamus,
979 2366 1099 2416 venusta
1118 2403 1120 2410 .

106 2442 272 2503 creduntur.
301 2441 428 2500 Tertium
444 2449 489 2499 est
502 2459 615 2517 genus,
630 2451 661 2500 ut
674 2442 749 2500 idem
767 2441 851 2516 dicit,
877 2442 905 2501 iu
922 2441 1099 2520 decipiendis
1108 2449 1143 2503 24

107 2524 377 2602 expectationum,
405 2524 489 2584 dictis
516 2524 600 2585 aliter
621 2525 798 2603 accipiendis
821 2527 1003 2602 ceterisque,
1025 2543 1099 2602 quae

107 2601 237 2669 neutram
256 2626 411 2686 personam
431 2609 598 2685 contingunt
614 2610 739 2687 ideoque
759 2627 775 2668 a
791 2627 837 2667 me
852 2608 946 2668 media
960 2609 1099 2669 dicuntur.

106 2694 181 2755 Item
208 2692 331 2752 ridicula
356 2701 404 2751 aut
427 2692 582 2751 iacimus
611 2703 659 2752 aut
682 2694 844 2753 dicimus.
887 2692 1000 2751 Facto
1026 2693 1141 2754 risustt

108 2775 280 2839 conciliatur
293 2776 405 2835 interim
420 2775 541 2836 admixta
556 2779 714 2852 gravitate:
735 2785 765 2835 ut
780 2775 817 2834 Μ.
834 2773 951 2835 Caelius
970 2785 1099 2853 praetor,

109 2879 172 2922 eum
188 2860 290 2920 sellam
304 2861 367 2919 eius
386 2857 513 2918 curulem
530 2861 632 2920 consul
647 2853 790 2920 Isauricus
812 2859 965 2934 fregisset,
981 2859 1101 2917 alteram

107 2945 205 3024 posuit
221 2942 292 3002 loris
307 2946 459 3010 intentam
480 2942 630 3002 dicebatur
645 2953 739 3003 autem
755 2942 857 3001 consul
874 2960 890 3001 a
903 2950 985 3019 patre
1000 2942 1100 3017 *flagris

108 3027 262 3105 aliquando
285 3045 403 3096 caesns;
425 3027 536 3085 interim
555 3028 618 3086 siue
637 3035 773 3105 respectu
795 3025 930 3102 pudoris,
951 3034 981 3084 ut
1001 3027 1029 3084 in
1051 3024 1100 3084 illa

108 3111 217 3191 pyxide
232 3107 383 3185 Caeliana,
407 3109 483 3187 quod
503 3128 599 3188 neque
625 3112 732 3170 oratori
756 3127 851 3186 oeque
870 3108 921 3167 ulli
940 3110 1003 3167 viro
1018 3108 1100 3185 gravi

109 3196 272 3255 conveniat.
311 3194 389 3255 Idem
411 3203 504 3252 autem
526 3195 562 3255 de
582 3194 661 3254 vultu
688 3201 832 3271 gestuque
853 3193 975 3252 ridiculo
996 3193 1142 3252 dietumtti

109 3280 161 3345 sit:
184 3277 331 3354 inquibus
347 3286 393 3338 est
408 3277 523 3354 quidem
537 3297 644 3338 summa
658 3279 766 3354 gratia,
783 3276 836 3336 sed
850 3279 957 3350 maior,
975 3295 1037 3336 cum
1053 3293 1100 3334 ca·

109 3371 192 3441 ptare
209 3362 297 3422 risum
312 3379 370 3421 uon
380 3361 528 3430 videntur;
545 3362 614 3422 nibil
631 3364 704 3421 enim
716 3370 761 3419 est
772 3361 827 3435 bis,
843 3379 918 3439 quae
935 3361 1008 3419 sicut
1024 3358 1101 3417 salsa

23 3508 24 3511 ,
110 3445 259 3524 dicuntur,
281 3446 426 3508 insulsius.
463 3445 632 3527 Quanquam
651 3454 745 3506 autem
766 3446 876 3523 gratiae
894 3445 1043 3523 plurimum
1057 3441 1100 3501 di-
