2434 3925
123 212 182 274 190
369 260 373 272 .
434 223 470 271 u.
483 222 561 273 ran.
574 221 792 282 cumrmmnr

78 386 228 445 24certum
249 377 304 438 est.
351 374 415 436 Nec
433 376 572 435 immerito
596 375 713 435 multum
735 393 772 435 ex
798 374 943 451 diligentia
969 378 1114 453 partiendi

119 461 183 522 tulit
198 460 289 522 laudis
301 459 336 534 Q.
352 460 539 534 Hortensius,
563 462 644 519 cuius
664 469 759 519 tamen
778 459 946 519 divisionem
960 460 988 517 in
1003 461 1114 537 digitos

118 545 259 606 diductam
273 562 471 622 nonuunquam
484 541 587 603 Cicero
605 542 709 603 leviter
726 543 823 603 eludit.
852 542 923 601 Nam
935 552 980 602 est
995 562 1063 602 suus
1083 553 1114 604 et

118 629 146 687 iu
160 637 245 705 gestu
262 628 373 703 modus,
391 637 420 688 ct
436 625 562 702 vitanda,
578 636 609 686 ut
624 644 697 704 quae
712 628 844 700 maxime,
867 628 983 687 concisa
998 629 1113 687 nimium

76 722 149 777 adet
166 711 246 771 velut
259 712 417 772 articulosa
432 712 558 789 partitio.
588 709 659 769 Nam
674 720 703 770 et
720 712 882 770 auctoritati
897 710 1046 787 plurimum
1061 712 1112 771 de·

118 794 230 855 trabunt
244 797 350 855 minuta
364 795 415 854 illa
432 812 487 853 nec
502 795 557 852 iam
570 793 696 853 membra
712 792 765 853 sed
779 793 886 868 frusta,
900 803 929 852 et
943 793 1025 853 buius
1046 794 1113 870 glo·

117 881 177 938 riae
199 880 311 957 cupidi,
334 896 390 956 quo
413 876 544 936 subtilius
567 886 596 936 et
619 879 766 956 copiosius
793 876 926 938 divisisse
949 878 1112 954 videantur,

118 972 147 1022 et
161 980 342 1041 supervacua
360 970 505 1021 assumunt
519 970 565 1036 et,
587 979 661 1039 quae
677 970 776 1021 natura
789 960 944 1036 singularia
961 970 1041 1037 aunt,
1063 980 1113 1020 se·
1207 962 1208 965 ’

118 1055 200 1120 caut,
222 1064 277 1105 nec
298 1055 355 1105 tam
374 1045 456 1123 plura
475 1044 581 1105 iaciunt
601 1062 684 1122 quam
707 1046 831 1111 minora;
858 1044 961 1103 deinde
985 1062 1047 1104 cum
1068 1045 1113 1104 fe·

118 1139 217 1189 cerunt
243 1130 321 1189 mille
346 1127 519 1207 particulas,
547 1130 575 1186 in
602 1129 721 1189 eandem
744 1127 870 1189 incidunt
895 1127 1113 1206 obscuritatem,

117 1222 216 1273 contra
232 1231 316 1291 quam
331 1214 446 1290 partitio
462 1214 575 1271 iuventa
592 1220 647 1270 est.

74 1310 109 1364 26
199 1295 237 1355 Et
253 1296 343 1355 divisa
361 1304 454 1356 autem
470 1304 500 1355 et
515 1295 640 1372 simplex
654 1298 834 1375 propositio,
856 1296 989 1374 quotiens
1003 1296 1114 1355 utiliter

117 1379 246 1439 adhiberi
259 1388 367 1457 potest,
383 1381 502 1458 primum
514 1377 601 1438 debet
614 1397 680 1438 esse
695 1390 795 1458 aperta
807 1389 891 1458 atque
908 1380 1016 1454 lucida,
1033 1379 1113 1456 (nam

118 1463 185 1540 quid
200 1465 237 1523 sit
252 1464 373 1540 turpius,
390 1480 473 1541 quam
488 1463 516 1523 id
533 1481 599 1522 esse
615 1462 767 1523 obscurum
781 1467 891 1542 ipsum,
910 1463 986 1541 quod
1004 1465 1031 1521 iu
1047 1482 1113 1523 eum

118 1546 210 1606 solum
226 1546 377 1606 adhibetur
393 1565 489 1621 usum,
503 1558 547 1606 *ne
569 1548 624 1606 sint
647 1556 745 1606 cetera
761 1544 925 1626 obscura‘l)
941 1555 999 1605 tum
1014 1546 1112 1606 brevis

117 1648 172 1690 nec
189 1630 249 1690 ullo
272 1647 453 1708 supervacuo
476 1639 594 1690 onerata
611 1630 713 1689 verbo.
748 1629 812 1690 Non
829 1632 919 1706 enim,
945 1629 1012 1707 quid
1034 1630 1111 1690 dica·

76 1723 194 1789 almus,
218 1714 286 1789 sed,
310 1713 346 1773 dc
367 1713 424 1791 quo
446 1716 547 1775 dicturi
563 1732 676 1788 sumus,
699 1716 884 1774 ostendimus.
922 1712 1111 1773 Obtinendum

117 1799 212 1872 etiam,
228 1816 265 1857 ne
282 1799 348 1875 quid
363 1800 391 1858 iu
406 1815 440 1857 en
458 1798 543 1872 desit,
561 1816 597 1856 ue
614 1798 679 1875 quid
694 1801 830 1877 supersit.
861 1799 1003 1876 Superest
1016 1806 1111 1857 autem

117 1884 161 1940 sic
175 1881 250 1958 lere,
266 1900 331 1941 cum
347 1891 394 1942 aut
409 1884 436 1940 in
457 1882 573 1959 specics
589 1883 734 1958 partimur,
756 1882 833 1961 quod
848 1883 875 1940 in
890 1899 999 1957 genera
1010 1882 1110 1959 partiri

117 1968 154 2025 sit
169 1967 250 2043 satis,
267 1975 315 2026 aut
332 1986 442 2044 gauere
457 1968 553 2044 posito
569 1965 717 2025 subiicitur
732 1970 862 2045 specics;
877 1975 908 2025 ut
924 1968 949 2025 si
966 1965 1057 2024 dicam
1072 1965 1108 2024 de

116 2051 238 2125 virtute,
262 2052 384 2125 institia,
405 2052 592 2124 continentia,
617 2068 679 2109 cunr
699 2052 805 2111 iustitia
825 2060 910 2128 atque
935 2050 1106 2108 continentia

74 2135 228 2200 28rirtutia
251 2134 307 2192 sint
329 2137 456 2212 species.
496 2134 614 2194 Partitio
636 2135 725 2211 prima
748 2144 809 2210 cst,
833 2133 899 2211 quid
917 2135 969 2208 sit,
992 2133 1106 2209 dequo

117 2218 281 2284 conveniat;
309 2219 391 2294 quid,
407 2218 443 2278 de
464 2235 520 2295 quo
541 2216 706 2293 ambigatur.
735 2217 766 2278 ln
790 2235 844 2295 eo,
866 2216 942 2295 quod
964 2218 1107 2291 convenit,

117 2299 185 2377 quid
204 2300 384 2360 adversarius
402 2302 535 2376 fateatur,
557 2301 623 2379 quid
645 2318 712 2370 nos;
736 2304 835 2377 ineo,
857 2300 893 2360 de
916 2316 972 2377 quo
990 2299 1107 2376 ambigi-

117 2391 178 2457 tur,
199 2401 273 2461 quae
287 2394 403 2445 nostrae
419 2388 646 2465 propositiones,
663 2402 735 2462 quae
751 2387 838 2463 partis
859 2386 1008 2444 adversae.
1038 2382 1107 2443 Pes·

118 2468 217 2526 simum
238 2484 326 2546 roro,
351 2486 408 2529 uon
428 2468 530 2530 eodem
550 2468 649 2530 ordine
670 2472 791 2547 exequi,
817 2486 873 2547 quo
896 2466 1020 2546 quidque
1039 2484 1107 2546 pro-

117 2552 260 2628 posueris.
