2434 3925
169 172 233 235 256
487 187 849 248 murcomannum

169 359 270 403 omnes
284 347 399 419 orator,
422 342 556 422 idemque
573 351 687 420 portum
701 341 780 403 illum
800 341 985 420 eloquentiae
1002 360 1088 403 suae
1109 345 1179 405 saiu-

167 436 259 487 tarem
280 443 338 487 non
359 427 444 487 etiam
466 428 565 506 piratis
580 426 738 505 patefaciet
753 428 930 504 duceturque
952 428 980 486 in
1001 427 1178 488 advocatio·

140 522 233 574 onem
250 510 371 570 maxime
388 528 485 571 causa.
512 510 652 584 Quoniam
662 520 757 570 tamen
769 527 881 584 omnes,
898 510 945 588 qui
958 526 1021 569 non
1039 512 1177 591 improbe

168 594 330 672 litigabunt,
348 611 469 672 quornm
484 603 565 654 certe
582 591 659 653 bona
673 611 742 671 pars
757 603 817 669 est,
835 596 977 654 sustinere
993 612 1062 678 ιιοιι
1082 605 1197 675 potest

168 696 257 738 unus:
285 677 392 757 aliquid
410 688 439 738 ιι
455 678 712 738 commendantium
727 678 861 757 personis
877 677 956 737 dabit
974 687 1006 738 et
1030 670 1174 757 ipsorum

167 781 216 842 qur
208 761 337 821 iudicio
358 762 531 837 decernent,
557 770 586 821 ut
609 761 708 840 optimi
727 764 865 841 cuiusque
881 761 1036 822 voluntate
1056 782 1174 824 morea

140 855 227 914 6ιιιι;
249 862 372 924 namque
386 845 441 905 hos
457 854 486 905 et
502 845 691 905 amicissimos
708 844 867 905 babebit
839 865 884 904 ιιι
899 845 1002 905 bonus.
1041 848 1173 909 Summo

164 929 287 990 rendum
301 946 373 989 vcro
389 939 434 989 est
448 938 598 1007 utrumque
616 929 738 989 ambitus
749 947 843 1007 genus
853 929 901 989 vei
914 929 1097 1009 potentibus
1116 950 1173 992 con·

165 1023 210 1074 tra
221 1012 343 1074 humiles
357 1012 522 1074 venditandi
538 1028 658 1091 operam
669 1030 748 1072 suam
763 1013 813 1072 vel
828 1013 897 1072 iilud
913 1015 997 1073 etiam
1015 1015 1174 1076 iactantia

166 1100 293 1157 minores
312 1098 412 1175 utique
434 1105 535 1157 contra
554 1096 719 1173 dignitatem
737 1096 897 1156 attollendi.
929 1095 994 1156 Non
1015 1100 1106 1158 enirn
1124 1101 1173 1160 ior·

164 1191 232 1242 tuna
250 1198 354 1241 causas
369 1180 418 1241 rel
433 1181 523 1241 iustas
537 1180 586 1240 vel
602 1179 751 1258 improbas
762 1180 841 1240 iacit.
870 1179 974 1259 Neque
985 1199 1066 1241 vero
1081 1185 1174 1262 pudor

165 1266 280 1340 obstet,
303 1274 360 1364 quo
377 1265 469 1324 nrinns
484 1273 664 1342 susceptam,
687 1282 751 1323 curn
761 1264 871 1323 melior
886 1265 1059 1340 videretur,
1084 1267 1173 1327 litern.

166 1350 281 1426 cognita
303 1349 377 1407 inter
399 1347 618 1428 disceptandum
637 1348 802 1426 iniquitate,
827 1346 963 1425 dimittat,
995 1366 1067 1408 curn
1094 1353 1172 1430 prius

139 1432 304 1510 ilitigatori
321 1430 426 1493 dixerit
440 1448 550 1491 verum.
583 1429 681 1492 Nam
672 1450 700 1491 ιιι
717 1431 774 1492 boc
789 1433 955 1508 maximum,
978 1432 1003 1492 si
1022 1438 1122 1512 aequi
1138 1438 1173 1495 iu-

95 1542 100 1551 ·
165 1518 247 1577 dices
262 1533 376 1592 sumus,
400 1514 575 1576 beneficium
592 1524 655 1592 ιιι,
679 1524 781 1576 utnon
796 1515 1016 1577 fallamusvana
1041 1535 1104 1596 spe
1121 1519 1171 1578 liti·

164 1609 288 1679 gentem
325 1598 430 1680 Neque
453 1599 735 1699 estdignusopera
759 1601 890 1679 patroni,
921 1600 1054 1679 quinon
1084 1605 1172 1662 utitur

166 1683 299 1744 consilio.
326 1681 365 1745 Iit
379 1693 460 1745 certe
477 1701 536 1743 non
551 1685 686 1745 convenit
704 1685 748 1760 ei,
765 1702 850 1762 quern
866 1693 1010 1747 oratorem
1028 1702 1105 1746 esse
1122 1705 1169 1746 vo·
1196 1678 1197 1761 i

165 1769 277 1844 lomus,
299 1768 403 1828 iniusta
417 1769 491 1828 tueri
510 1768 661 1829 scientem.
694 1765 807 1828 Numer
827 1787 865 1827 ex
886 1768 960 1844 iliis,
984 1785 1060 1845 quas
1077 1789 1167 1849 snpra

165 1853 303 1928 diximus,
326 1854 420 1914 causis
435 1852 538 1912 falsum
552 1851 693 1912 tuebitur:
716 1853 772 1912 erit
786 1859 882 1913 tamen
896 1851 1067 1929 honestum,
1087 1853 1165 1933 quod

163 1940 229 1999 ise
247 1937 346 1998 iaciet.

137 2029 155 2083 8
176 1955 194 2018 p
250 2019 423 2082 Gratisne
439 2022 467 2081 ei
478 2038 596 2100 semper
606 2022 749 2098 agendum
760 2023 807 2098 sit
814 2022 935 2081 tracturi
945 2029 1055 2100 potest
1078 2019 1163 2094 Quod

165 2124 204 2166 ex
225 2106 316 2185 prima
338 2107 431 2166 statim
449 2106 544 2166 ironte
564 2106 739 2182 diiudicare,
763 2106 981 2184 imprudentium
1002 2113 1059 2165 ιιι.
1091 2105 1160 2165 Nan

165 2190 230 2270 quis
246 2190 375 2267 ignorat,
400 2191 468 2269 quin
484 2189 513 2249 id
501 2188 616 2285 longe
632 2191 669 2249 sit
686 2188 917 2250 honestissimum
939 2207 975 2249 ac
992 2188 1160 2249 liberalibus

164 2274 324 2352 disciplinis
340 2281 369 2332 ιι
384 2274 453 2350 ἰιιο,
477 2255 562 2353 quiem
577 2274 734 2350 exigimus,
753 2276 846 2334 animo
863 2273 1079 2350 dignissimum,
1106 2290 1160 2333 non

164 2356 294 2417 vendere
319 2374 439 2437 operam
462 2374 519 2418 nec
545 2357 664 2418 elevare
687 2359 757 2417 tanti
781 2356 918 2418 beneficii
945 2358 1158 2420 auctoritatem:

165 2458 229 2501 cum
244 2441 385 2519 pleraque
400 2441 483 2501 hoc
473 2457 539 2520 rpso
554 2443 666 2520 possint
680 2442 772 2502 videri
784 2442 863 2516 vilia,
882 2440 959 2518 quod
972 2442 1098 2520 pretium
1112 2440 1158 2500 ba·

135 2520 254 2588 9beut?
276 2521 382 2584 caecis
394 2525 466 2600 boc,
483 2535 513 2585 ut
529 2527 624 2600 aiunt,
640 2527 710 2585 satis
726 2525 834 2586 clarum
849 2533 909 2601 est,
925 2541 981 2585 nec
996 2525 1158 2602 quisquam,

164 2609 213 2688 qui
234 2607 407 2668 sufficientia
429 2609 484 2669 sibi
506 2609 643 2688 (modica
664 2619 758 2669 autem
778 2609 853 2670 baec
876 2610 963 2688 sunt)
985 2607 1157 2686 possidebit,

163 2693 240 2753 bunc
256 2702 404 2770 quaestum
422 2694 483 2752 sine
499 2693 617 2753 crimine
634 2692 760 2753 sordium
774 2693 888 2753 iecerit.
918 2692 957 2751 dr
972 2693 996 2752 si
1013 2710 1064 2751 res
1081 2692 1157 2753 iami-

164 2777 243 2837 liaris
259 2775 380 2855 amplius
396 2776 503 2855 aliquid
520 2776 556 2837 ad
572 2794 643 2835 usus
656 2778 842 2837 necessarios
864 2777 979 2854 exiget:
1003 2777 1156 2837 secundum

165 2862 288 2921 onmium
311 2863 479 2941 sapientium
495 2861 580 2939 leges
593 2862 720 2939 patietur
740 2860 794 2920 sibi
811 2862 932 2938 gratiam
946 2859 1071 2937 referri,
1097 2879 1155 2920 cun

164 2954 195 3005 et
206 2946 321 3005 Socrati
337 2945 474 3006 collatum
489 2946 526 3004 sit
541 2944 577 3004 ad
591 2946 713 3020 victum,
731 2952 760 3004 et
775 2943 866 3019 Zeno,
883 2942 1052 3019 Cleanthas,
1070 2943 1155 3020 Chry·

124 3030 266 3108 losippus
282 3029 436 3089 mercedes
451 3046 469 3089 a
484 3028 635 3107 discipulis
650 3029 876 3106 acceptaverint.
905 3026 1009 3105 Neque
1028 3029 1104 3087 enirn
1118 3030 1154 3086 ιι·-

164 3111 239 3188 deo,
274 3130 348 3193 quae
368 3113 472 3173 iustior
500 3112 669 3191 acquirendi
692 3114 765 3172 ratio
787 3130 872 3190 quam
895 3129 933 3172 ex
955 3111 1153 3173 honestissimo

164 3195 266 3255 labore
282 3205 311 3257 et
326 3197 362 3257 ab
378 3197 430 3273 iis,
446 3196 483 3257 de
499 3196 602 3275 quibus
620 3197 727 3275 optime
743 3196 915 3271 meruerint,
934 3196 1062 3275 quique,
1080 3199 1104 3255 si
1118 3198 1152 3255 ni

163 3279 203 3339 bii
219 3280 341 3340 invicem
356 3289 522 3359 praestent,
540 3280 648 3357 indiqni
665 3280 771 3339 inerint
784 3278 965 3339 defensione.
996 3277 1083 3353 Quod
1098 3281 1150 3359 qui

164 3363 229 3423 dem
244 3379 301 3422 nou
315 3366 418 3424 iustum
435 3362 521 3423 modo
537 3365 590 3424 sed
604 3364 801 3423 necessarium
819 3366 906 3423 etiam
921 3371 982 3438 est,
1005 3380 1069 3422 oum
1086 3363 1150 3424 baec

90 3531 93 3536 Ι
163 3448 227 3525 ipsa
243 3462 333 3524 opera
347 3454 519 3526 tempusque
535 3464 620 3509 omne
634 3447 735 3509 alienis
745 3448 872 3525 negotiis
883 3447 977 3510 datum
993 3446 1148 3509 facultatem
