2434 3925
75 271 78 276 ξ
181 197 240 258 132
492 210 851 271 antemuranum

179 366 247 446 editi
267 366 300 427 io
320 367 541 444 competitores,
561 366 593 426 io
614 362 816 440 trisonem,
843 366 875 425 io
897 361 1035 427 Clodiam
1056 374 1086 427 et
1107 364 1167 429 Oo-

179 449 294 536 riopem
306 449 370 509 libri
383 451 620 527 vituperationem
632 451 776 508 continent
790 458 924 508 ettamen
939 451 967 507 in
978 449 1084 509 Senatu
1097 450 1165 511 locu

152 532 347 596 3sunthabiti
362 536 530 593 sententiae.
561 532 662 610 Neque
686 534 788 593 infitias
807 550 858 608 eo,
884 532 1019 611 quasdam
1040 552 1107 593 esse
1129 553 1167 594 ex

179 617 235 676 hoc
254 635 363 693 genere
376 620 509 677 materias
527 617 562 677 ad
580 616 671 675 solam
688 618 862 695 compositas
878 619 1114 694 ostentationem,
1136 627 1167 678 ut

178 700 277 761 laudes
299 699 416 761 deorum
437 703 636 782 virorumque,
665 718 737 777 quos
757 703 854 780 priora
880 710 1010 778 tempora
1030 701 1164 761 tulerunt.

178 783 243 857 Quo
259 784 380 844 solvitur
398 786 528 862 quaestio
547 801 633 862 supra
647 792 784 860 tractata,
802 785 1037 862 manifestumque
1059 794 1104 844 est
1121 804 1165 844 er·

179 885 244 927 rare
265 885 334 944 eos,
356 870 403 946 qui
424 886 564 945 uunquam
586 875 729 926 oratorem
748 868 886 927 dicturum
907 869 961 926 uisi
983 868 1019 928 de
1035 886 1067 928 re
1083 868 1166 928 dubia

150 959 359 1028 dputavcrunt.
391 952 436 1011 An
451 951 551 1012 laudes
567 949 721 1028 Capitolini
736 951 829 1025 lovis,
851 960 991 1030 perpetua
1010 954 1086 1012 sacri
1103 971 1165 1012 cer·

178 1038 289 1095 tamiuls
303 1037 431 1111 materia,
449 1035 498 1096 vol
513 1034 615 1095 dubiae
631 1044 696 1093 sunt
712 1034 761 1094 vel
774 1052 831 1093 non
849 1036 976 1094 oratorio
987 1054 1097 1112 genere
1109 1046 1165 1095 tra·

179 1116 311 1180 otantur?
538 1169 540 1174 ,
884 1139 887 1144 ·

262 1202 300 1262 Ut
315 1202 459 1263 desiderat
474 1211 568 1262 autem
583 1202 664 1277 laus,
680 1203 893 1279 quee'negotiis
908 1202 1073 1278 adhibetur,
1100 1220 1166 1280 pro·

178 1283 339 1346 bationem:
362 1289 404 1346 sic
418 1289 501 1346 etiam
516 1286 576 1360 illa,
590 1304 665 1364 quae
680 1288 863 1345 ostentationi
876 1289 1064 1363 componitur,
1080 1286 1167 1346 babet

150 1372 291 1431 tinterim
306 1370 429 1448 aliquam
444 1371 572 1447 speciem
586 1368 777 1447 probationis:
793 1377 823 1427 ut
839 1372 886 1446 qui
904 1369 1053 1429 Romulum
1068 1369 1166 1436 Martis

179 1454 267 1512 lilium
279 1454 484 1531 educatumque
498 1471 514 1512 a
527 1455 593 1533 lupa
611 1452 703 1529 dicat,
722 1455 750 1511 in
762 1462 956 1528 argumentum
970 1454 1108 1513 coelestis
1121 1471 1166 1512 or·

178 1546 223 1596 tus
240 1545 333 1595 utatur
349 1537 403 1612 his,
421 1537 497 1614 quod
509 1537 638 1598 abiectus
655 1537 683 1594 in
699 1536 888 1615 profluentem
905 1554 961 1596 non
973 1540 1098 1615 potuerit
1117 1556 1166 1596 ex·

179 1621 279 1697 tingui,
304 1621 380 1698 quod
405 1622 497 1679 omnia
518 1623 562 1682 sic
585 1621 694 1698 egerit,
716 1629 747 1679 ut
770 1621 895 1696 genitum
918 1621 1051 1699 praeside
1072 1621 1165 1681 bello-

179 1722 240 1762 rum
263 1704 318 1764 deo
339 1704 508 1764 incredibile
529 1722 585 1764 uon
608 1712 705 1779 esset,
729 1703 806 1781 quod
828 1706 919 1782 ipsum
941 1722 1057 1783 quoque
1080 1704 1166 1764 coelo

150 1796 328 1866 treceptum
355 1789 491 1866 temporis
516 1790 577 1848 eius
599 1788 729 1849 homines
752 1804 809 1846 non
829 1787 1027 1850 dubitaverint.
1072 1787 1166 1861 Quae·

178 1872 241 1931 dam
252 1890 323 1931 vero
342 1874 426 1932 etiam
438 1874 466 1931 in
480 1873 656 1932 defensionis
676 1872 804 1950 speciem
822 1871 935 1946 cadent,
955 1880 986 1930 ut
999 1874 1023 1930 si
1035 1873 1063 1930 iu
1082 1871 1166 1932 laude

177 1955 310 2017 Herculis
332 1966 521 2036 permutatum
542 1976 605 2017 curu
627 1959 726 2035 regina
748 1955 854 2033 Lydiae
874 1954 999 2015 habitum
1027 1966 1055 2016 et
1077 1956 1165 2036 impe·

178 2049 252 2115 rate,
274 2050 304 2100 ut
326 2041 454 2116 traditur,
476 2059 566 2120 pensa
586 2050 684 2101 orator
702 2049 833 2101 excuset.
867 2040 926 2100 Sed
942 2042 1090 2119 proprium
1107 2041 1166 2100 lau·

178 2125 221 2184 dis
244 2133 289 2184 est
310 2143 358 2184 res
381 2124 618 2202 amplificare
640 2134 669 2195 et
691 2142 832 2185 ornare.

258 2206 343 2280 ,Quae
372 2210 490 2268 materia
516 2210 673 2287 praecipue
701 2209 814 2287 quidem
838 2209 866 2269 iu
886 2207 960 2269 deos
984 2216 1013 2267 et
1037 2206 1167 2267 homines

179 2290 269 2365 cadit,
293 2301 447 2351 esttamen
466 2299 495 2350 et
511 2292 631 2352 aliorum
648 2292 806 2354 animalium
823 2292 907 2352 etiam
931 2293 1087 2351 carentium
1110 2291 1167 2349 ani·

150 2383 232 2438 ima.
264 2373 372 2435 Verum
393 2376 421 2434 iu
442 2376 519 2436 deis
543 2376 721 2451 generaliter
740 2378 859 2454 primum
881 2377 1059 2435 maiestatem
1076 2375 1167 2452 ipsius

179 2474 277 2516 eorum
300 2468 417 2518 naturae
440 2459 655 2536 venerabimur,
681 2460 784 2520 deinde
805 2461 923 2538 proprie
944 2461 1001 2519 vim
1028 2459 1167 2535 cuiusque

149 2550 208 2604 Set
232 2541 362 2619 inventa,
392 2560 466 2620 quae
493 2543 563 2602 utile
591 2543 698 2622 aliquid
725 2543 884 2603 hominibus
912 2543 1067 2602 attulerint.
1115 2540 1169 2599 Vis

179 2625 353 2701 ostenditur,
375 2635 406 2685 ut
427 2628 455 2685 in
470 2627 540 2686 love
557 2628 749 2703 regendorum
773 2628 905 2702 omnium,
928 2628 956 2685 in
972 2625 1063 2686 blarte
1084 2624 1167 2698 belli,

177 2709 205 2766 iu
225 2707 358 2787 Neptuno
380 2712 480 2778 maris;
501 2712 630 2786 iuventa,
653 2721 683 2771 ut
700 2712 800 2771 artium
815 2712 843 2770 in
858 2710 1001 2785 Minerva,
1021 2708 1168 2769 Mercurio

178 2792 346 2869 litterarum,
364 2794 524 2854 medicinae
540 2794 688 2872 Apolline,
707 2792 816 2853 Cerere
832 2795 959 2871 irugum,
976 2793 1081 2852 libero
1098 2792 1166 2851 vini

177 2875 247 2935 'l'uru
268 2877 294 2938 si
317 2895 372 2956 qua
393 2877 428 2938 ab
450 2877 494 2937 his
515 2887 579 2937 acta
601 2887 730 2939 vetustas
749 2878 880 2952 tradidit,
908 2876 1165 2937 commemorande.

162 2960 291 3021 ,Addunt
311 2964 397 3022 etiam
419 2962 472 3022 diis
490 2961 628 3021 bonorem
644 2970 789 3041 parentes,
812 2971 842 3021 ut
859 2963 962 3039 siquis
980 2962 1017 3020 sit
1033 2960 1108 3020 lilius
1123 2959 1165 3018 lo

176 3045 236 3112 vis;
259 3045 336 3104 addit
356 3046 526 3123 antiquitas,
549 3045 653 3121 uthis,
677 3046 725 3124 qui
746 3053 811 3104 suut
832 3064 870 3105 ex
892 3043 986 3110 Chao:
1011 3045 1166 3121 progenies

146 3136 310 3205 ltquoque‚
331 3138 362 3188 ut
385 3128 494 3207 Apollo
517 3146 552 3189 ac
573 3128 664 3189 Diana
685 3129 821 3189 Latonae.
853 3127 1034 3188 Laudandum
1057 3129 1085 3187 in
1108 3127 1165 3204 qui-

175 3210 312 3286 busdam,
336 3213 412 3290 quod
433 3213 524 3290 geniti
538 3211 727 3288 immortales,
750 3212 933 3290 quibusdam,
956 3210 1033 3289 quud
1055 3213 1164 3270 immor·

64 3289 67 3296 ’
175 3294 315 3376 talitatam
344 3298 448 3356 virtute
467 3297 525 3356 aiut
546 3298 709 3363 consecuti;
739 3297 816 3373 quod
842 3297 934 3374 pietas
957 3296 1095 3374 principis
1118 3309 1165 3352 uo·

175 3380 229 3438 stri
250 3381 443 3459 praesentium
460 3396 582 3458 quoque
604 3389 763 3457 temporum
784 3380 873 3439 decus
893 3379 973 3439 iecit.

135 3474 170 3526 10
259 3462 353 3541 Magis
376 3472 422 3523 eet
442 3464 521 3523 uaria
538 3463 602 3524 laus
617 3464 810 3524 bominum.
844 3462 915 3523 Nam
931 3464 1051 3542 primum
1069 3460 1168 3521 dividi·

1207 3692 1209 3751 l
