2434 3925
301 209 771 279 mar.oaar0u.nm.xu‚1o.
994 197 1055 262 273
1133 232 1137 241 ·

40 365 141 431 medii
154 375 192 428 et
212 384 312 427 eorum
326 366 414 443 ,uaria
434 367 549 426 nomina
570 375 600 427 et
622 365 737 444 quidam
751 365 836 426 etiam
855 366 1006 445 regionum
1020 385 1056 428 ac

41 453 199 517 fluminum
219 451 345 531 proprii,
369 450 631 529 deprehenduntur.
663 449 832 527 Eademque
846 453 962 511 musicis
980 453 1098 517 reticos

42 545 111 612 est,
129 536 194 614 qui,
204 553 270 595 cum
285 537 314 594 iu
329 533 437 594 cithara
454 535 578 612 quinque
591 536 801 594 constituerunt
816 551 916 611 sonos,
933 534 1055 615 plurima

43 620 162 682 deinde
185 621 326 680 varietate
344 619 493 697 complent
512 619 605 697 spatia
627 618 677 678 illa
696 635 867 694 neruorum,
889 627 976 696 atque
998 620 1054 698 his,

44 720 132 784 quos
154 705 406 782 interposuerunt,
432 703 562 767 inserunt
583 703 676 780 aiios,
697 710 728 763 ut
749 703 834 780 pauci
857 703 900 764 illi
917 706 1054 764 transitus

40 787 160 849 multos
174 787 281 864 gradus
296 786 430 847 habeant.

139 871 241 931 Plures
259 873 347 949 igitur
363 873 448 931 etiam
466 871 651 950 eloquentiae
666 871 774 948 iacies,
789 870 842 931 sed
859 864 1055 932 stultissimum
1062 880 1097 936 69

46 973 217 1035 quaerere,
243 956 280 1016 ad
301 973 385 1033 qnam
405 974 438 1015 se
460 965 592 1016 recturus
607 958 645 1015 sit
665 965 779 1025 orator;
801 973 865 1015 cum
881 957 972 1014 omnis
987 974 1053 1035 spe·

45 1042 133 1116 cies,
160 1057 235 1121 quae
259 1038 346 1099 modo
368 1049 529 1115 recteest,
552 1039 658 1099 habeat
678 1058 776 1115 nsum,
803 1049 890 1118 atque
912 1040 940 1101 id
961 1041 1054 1119 ipsum

45 1122 142 1184 omne
163 1124 200 1184 sit
226 1124 370 1201 oratoris,
401 1124 480 1203 quod
508 1123 597 1201 vulgo
624 1141 739 1200 genus
768 1124 914 1184 dicendi
938 1133 1054 1186 vocant.

45 1208 160 1269 Utetur
176 1208 269 1283 enim,
293 1216 323 1267 ut
346 1226 395 1268 res
412 1208 527 1286 exiget,
552 1208 698 1284 omuibus,
718 1226 774 1268 nec
796 1224 850 1287 pro
866 1226 954 1268 causa
968 1210 1056 1270 modo

46 1292 109 1352 sed
125 1308 178 1370 pro
195 1292 326 1371 partibus
342 1310 460 1352 causae.
494 1291 566 1351 Nam
586 1300 618 1350 ut
639 1310 697 1350 nou
717 1292 820 1352 eodem
833 1293 919 1353 modo
934 1311 988 1372 pro
1004 1300 1099 1356 recto

49 1377 160 1455 capitis
184 1385 214 1435 et
233 1378 264 1436 in
288 1378 446 1437 certamine
461 1376 630 1437 hereditatis
645 1386 675 1436 et
690 1376 727 1437 de
743 1377 902 1437 interdictis
919 1396 954 1437 ao
969 1395 1056 1456 spou-

49 1459 186 1521 sionibus
208 1461 291 1521 etde
313 1470 393 1521 certa
418 1461 527 1521 credita
548 1462 651 1537 dicet,
665 1462 870 1521 sententiarum
890 1479 1007 1540 quoque
1028 1465 1057 1522 in

48 1553 159 1605 senatu
182 1553 212 1604 et
232 1546 397 1605 contionum
419 1554 449 1605 et
469 1546 647 1623 privatorum
666 1546 851 1607 consiliorum
873 1546 1001 1606 servabit
1016 1548 1057 1606 di·

49 1629 207 1704 scrimiua,
228 1629 316 1689 multa
337 1648 375 1689 ex
390 1628 553 1689 differentia
569 1647 774 1707 personarum,
798 1629 930 1690 locorum
945 1641 1057 1710 tempo·

48 1730 177 1791 rumque
192 1713 327 1774 mutabit:
344 1715 385 1773 ita
398 1715 427 1773 in
443 1713 545 1773 eadem
560 1714 692 1773 oratioue
709 1713 794 1774 aliter
807 1714 983 1791 conciliabit,
999 1733 1057 1775 uon

50 1816 94 1858 ex
115 1796 219 1857 iisdem
242 1797 391 1857 haustibus
413 1799 484 1857 iram
507 1806 536 1857 et
556 1798 783 1857 misericordiam
803 1807 899 1876 petet,
928 1799 999 1859 alias
1021 1799 1056 1860 ad

49 1882 220 1947 docendum
246 1882 318 1942 allas
344 1882 380 1942 ad
406 1881 579 1942 movendum
602 1882 750 1943 adhibebit
775 1891 862 1942 artes.
900 1881 965 1941 Non
986 1885 1099 1943 uuusil

52 1967 143 2028 color
172 1967 332 2046 prooemii,
364 1966 553 2042 narrationis,
588 1977 839 2044 argumentorum,
867 1969 1056 2045 egressionis,

49 2053 250 2131 perorationis
266 2050 440 2111 servabitur.
464 2050 551 2111 Dicet
563 2052 641 2112 idem
656 2053 793 2129 graviter,
808 2070 923 2128 serere,
940 2054 1056 2127 acriter,

49 2134 260 2212 vehementer,
284 2137 446 2211 concitate,
470 2138 608 2215 copiose,
631 2154 745 2212 amare,
769 2136 906 2211 comiter,
922 2138 1055 2212 remisse,

35 2219 217 2297 'subtiliter,
237 2220 360 2295 blande,
379 2219 501 2297 leuiter,
524 2219 664 2296 dulciter,
681 2220 825 2296 breviter,
846 2219 972 2289 urbaue;
998 2238 1056 2280 non

50 2303 166 2381 ubique
185 2305 285 2364 similis
301 2305 355 2365 sed
370 2303 478 2384 ubique
495 2321 549 2383 par
563 2304 628 2368 sihi.
663 2305 713 2364 Sic
728 2304 778 2365 flet
794 2322 858 2364 cum
872 2304 917 2380 id,
937 2314 1058 2383 propter
1065 2307 1099 2363 ta

52 2386 271 2467 quodmaximc
286 2397 423 2468 repertus
446 2396 492 2448 est
505 2406 574 2448 usus
590 2389 746 2464 orationis,
765 2397 796 2447 ut
814 2388 891 2448 dicat
905 2390 1013 2450 utiliter
1029 2399 1058 2450 et

51 2471 90 2532 ad
114 2471 297 2532 efficiendum
320 2474 398 2551 quod
417 2473 538 2533 intendit
557 2480 706 2552 potentem
729 2482 788 2533 tum
809 2472 923 2534 laudem
940 2491 1057 2553 quoque

51 2573 113 2615 nec
130 2556 282 2616 doctorum
296 2557 384 2617 modo
401 2558 455 2617 sed
469 2557 555 2617 etiam
568 2557 649 2635 uulgi
664 2567 869 2637 consequatur.

142 2638 292 2701 Falluutur
317 2642 393 2701 euim
413 2642 581 2720 plurimum,
612 2644 660 2720 qui
680 2644 815 2702 vitiosum
839 2651 869 2701 et
893 2642 1099 2719 corruptumiit

53 2722 172 2784 dicendi
186 2743 297 2802 genus,
315 2725 396 2805 quod
408 2734 456 2786 aut
470 2726 627 2786 verborum
641 2726 757 2787 licentia
773 2727 884 2787 exultat
897 2733 946 2785 aut
960 2725 1056 2803 pueri·

54 2807 134 2867 libus
152 2810 334 2870 sententiolis
351 2811 465 2870 lascivit
484 2820 533 2870 aut
554 2811 707 2871 immodico
724 2821 836 2871 tumore
853 2810 995 2886 turgescit
1010 2817 1058 2867 aut

54 2891 189 2952 inanibus
206 2892 282 2954 locis
306 2892 465 2955 baechatur
486 2903 535 2954 aut
551 2896 678 2970 casuris,
702 2898 727 2954 si
744 2895 849 2955 leviter
865 2894 1056 2966 excutiantur,

54 2974 189 3037 flosculis
203 2980 276 3038 nitet
291 2988 339 3039 aut
354 2978 524 3057 praecipitia
538 2996 592 3057 pro
608 2978 777 3038 sublimibus
791 2976 879 3038 habet
894 2985 942 3037 aut
956 2977 1057 3054 specie

54 3057 200 3120 libertatis
215 3063 329 3140 insanit,
344 3064 435 3139 magis
451 3063 616 3123 existimant
629 3063 773 3142 populare
788 3070 875 3140 atquc
891 3060 1056 3140 plausibile.

56 3141 144 3215 Quod
172 3145 287 3224 quidem
312 3146 433 3226 placere
460 3147 556 3206 multis
582 3165 638 3207 nec
661 3147 768 3206 infitior
793 3164 848 3206 uec
872 3146 970 3205 miror.
1005 3144 1102 3206 lisera

55 3230 134 3287 enlm
152 3227 277 3291 iucunda
295 3233 357 3291 auri
378 3249 413 3291 ac
429 3230 598 3290 favorabilis
618 3231 825 3309 qualiscunque
846 3230 1012 3308 eloquentia
1031 3239 1060 3289 et

56 3309 136 3372 ducit
150 3317 260 3374 animos
275 3314 398 3375 naturali
413 3315 562 3393 voluptate
577 3332 637 3375 vox
652 3316 759 3391 omnis,
775 3333 872 3394 neque
885 3314 1000 3375 aliunde
1016 3312 1058 3372 illi

55 3398 190 3471 perfora
207 3409 295 3476 atque
311 3417 448 3476 aggerem
464 3400 580 3467 circuli3
604 3417 661 3477 quo
677 3402 769 3460 minus
785 3401 886 3460 mirum
902 3407 962 3475 est,
980 3396 1057 3476 quod

56 3479 128 3540 nulli
144 3499 203 3543 uon
223 3485 368 3560 agentium
389 3492 488 3564 parata
505 3484 586 3563 vulgi
610 3501 719 3546 corona
741 3494 796 3547 est.
828 3484 887 3554 Ubi
901 3500 974 3543 uero
990 3482 1101 3563 quidda

98 3584 128 3626 aa.
147 3588 172 3626 a.
191 3588 305 3637 pomum.
316 3573 349 3629 ll.
821 3567 823 3569 ’
840 3567 879 3630 18
