2434 3925
178 178 238 241 262
488 195 525 241 u.
537 193 615 239 une.
627 192 845 252 quarumnam

136 347 287 426 alepilogi
301 345 406 406 dietum
422 356 476 406 est.
508 344 550 409 dit
563 355 669 406 metum
683 355 777 406 tamen
790 346 934 424 duplinem
948 347 1070 423 intelligi
1085 348 1177 423 volo,

178 449 261 510 quem
276 433 395 507 patimur
405 433 440 489 'et
462 447 546 507 quem
567 430 702 505 iacimus,
727 431 916 497 etinvidiam;
940 449 1062 508 namque
1076 433 1176 491 altera

177 515 302 576 invidum
325 514 415 573 altera
437 513 608 573 invidiosum
628 514 705 572 lauit.
740 513 805 573 lloe
825 524 919 575 autem
934 516 1073 589 hominis,
1098 514 1174 574 illud

178 601 220 658 rei
236 606 295 665 est;
317 599 345 656 in
366 615 423 675 quo
445 606 474 655 ει
492 596 557 674 plus
573 596 659 657 habet
679 599 776 674 operis
797 600 899 657 oratio.
935 597 1007 658 Nam
1029 597 1173 675 quaedam

176 682 309 741 videntur
329 683 428 757 gravia
448 699 502 758 per
530 698 580 755 se,
606 681 804 759 parricidium,
835 683 956 757 caedes,
982 682 1170 745 venelieium:

136 766 316 843 liqnaedam
338 764 489 823 efficienda
508 773 581 823 sunt.
618 764 650 823 ld
670 772 764 824 autem
784 767 939 842 contingit,
969 778 1033 824 cum
1057 767 1171 842 magnis

178 849 284 926 alioqui
298 848 379 908 malis
396 849 511 924 gravius
526 866 592 907 esse
607 848 658 931 id,¹
674 847 751 927 quod
764 850 842 926 passi
858 849 1169 925 sumus‚›ostenditur;

179 932 262 1011 quale
279 941 323 991 est
339 931 413 1009 apud
427 930 594 1007 Virgilium:

327 1029 346 1079 0
365 1029 428 1079 felix
444 1044 495 1078 una
513 1037 570 1078 ante
587 1029 650 1079 alias
668 1028 794 1079 Priameia
811 1029 892 1093 virgo,

326 1099 449 1216 {institam
464 1098 497 1179 ad
514 1097 637 1147 tumulum
655 1098 746 1147 Troiae
760 1097 807 1147 sub
823 1098 955 1149 moenibus
970 1097 1029 1149 altis

339 1183 398 1217 ussa
414 1181 478 1216 mnrr
498 1193 533 1203 -

179 1249 278 1326 (quam
294 1250 381 1307 miser
396 1250 469 1307 enim
484 1266 568 1307 casus
584 1246 819 1324 Andromachae,
835 1249 860 1306 si
876 1257 1039 1326 comparata
1055 1248 1081 1307 ei
1099 1247 1172 1308 felix

135 1332 360 1411 23Polyxena);
384 1341 430 1392 aut
452 1351 515 1391 cum
536 1333 574 1392 ita
595 1350 804 1409 exaggeramus
826 1334 953 1391 iniuriam
974 1342 1119 1407 nostram,
1141 1341 1171 1391 ut

178 1418 278 1490 etiam,
305 1432 377 1492 qnae
398 1415 485 1474 multo
506 1417 615 1476 minora
643 1425 724 1492 sunt,
752 1415 929 1474 intoleranda
956 1417 1102 1476 dieamus:
1135 1413 1172 1475 st

176 1499 346 1577 palaestes,
362 1499 486 1578 defendi
501 1518 560 1560 non
570 1508 715 1578 poteram·
731 1502 906 1560 vulaterrano.
936 1499 996 1559 Sed
1017 1499 1092 1558 haee
1108 1499 1170 1558 dili·

143 1626 145 1631 -
177 1583 307 1658 gentius,
330 1581 447 1642 eumad
470 1600 532 1641 eam
554 1582 802 1661 amplificationem
824 1585 1003 1657 venerimus,
1027 1583 1167 1641 dicemus.

177 1664 292 1724 Interim
307 1675 424 1725 notasse
440 1675 590 1726 centenius
604 1686 681 1740 sum,
703 1685 761 1725 non
774 1667 801 1725 id
820 1665 912 1726 solum
929 1684 1018 1742 agere
1034 1666 1167 1739 allectus,

177 1759 217 1823 ιιι,
232 1767 304 1826 quae
320 1759 402 1825 sunt,
420 1749 605 1808 ostendantur
620 1749 724 1809 anerlta
740 1769 774 1810 ao
790 1750 938 1823 luctuosa,
956 1749 1008 1808 sed
1027 1752 1113 1807 etiam
1128 1758 1167 1821 ιιι,

179 1851 251 1911 quae
271 1833 420 1893 toleranda
440 1832 540 1892 haberi
561 1832 673 1908 solent,
697 1836 795 1911 gravia
818 1833 981 1892 videantur:
1006 1842 1035 1892 ut
1057 1850 1122 1892 eum
1141 1834 1168 1890 in

177 1916 328 1977 maledieto
345 1917 408 1996 plus
424 1919 542 1978 iniuriae
564 1914 646 1996 quam
667 1918 694 1977 in
715 1936 814 1992 manu,
838 1919 866 1977 in
879 1916 999 1978 'infamia
1015 1915 1079 1995 plus
1097 1933 1167 1995 poe·

136 2011 231 2068 alnae
246 2002 363 2060 dicimus
382 2020 464 2079 quam
482 2003 509 2059 in
524 2011 625 2062 morte.
657 2000 786 2078 Namque
804 2003 831 2059 in
846 2001 903 2060 hoe
921 2002 1107 2079 eloquentiae
1124 2002 1167 2060 vis

179 2094 234 2159 est,
252 2094 282 2143 ut
297 2086 420 2144 iudicem
435 2103 491 2143 non
506 2086 535 2143 in
549 2087 577 2144 id
592 2094 698 2144 tantum
714 2084 887 2162 compellat,
911 2086 939 2143 in
954 2085 1030 2162 quod
1046 2086 1110 2161 ipsa
1125 2085 1168 2143 rei

178 2178 276 2227 natura
291 2168 424 2235 ducetur;
442 2169 494 2227 sed
511 2178 568 2242 aut,
586 2171 634 2247 qui
654 2177 776 2244 nonest,
794 2177 840 2228 aut
855 2170 990 2228 maiorem
1012 2185 1095 2246 quam
1112 2176 1167 2241 est,

178 2253 265 2312 laniat
280 2252 421 2310 allectum.
451 2251 530 2312 Haeo
546 2262 590 2311 est
606 2252 671 2326 itta,
692 2269 764 2329 quae
782 2252 912 2322 δείνωσις
926 2260 1063 2325 vocatur,
1079 2251 1168 2310 nehus

178 2335 316 2411 indignis,
339 2337 468 2412 asperis,
492 2336 639 2395 invidiosis
657 2336 765 2395 addens
781 2337 838 2395 vim
855 2336 963 2401 oratio;
985 2352 1042 2413 qua
1061 2336 1168 2393 virtute

178 2427 294 2498 praeter
309 2418 379 2478 alias
394 2420 542 2496 plurimum
559 2418 769 2480 Demosthenes
784 2419 882 2478 valuit.

136 2530 169 2583 25
262 2516 371 2589 Quodsi
387 2517 489 2577 tradita
504 2517 570 2576 mihi
585 2519 668 2595 sequi
685 2526 843 2596 praecepta
864 2516 1028 2576 sufficeret:
1052 2513 1169 2574 satisfe-

179 2618 273 2660 ceram
295 2599 360 2659 huie
383 2602 472 2678 parti,
494 2600 561 2659 nihil
584 2619 697 2675 eorum,
719 2618 793 2678 quae
817 2600 876 2677 legi
897 2600 946 2659 vel
968 2598 1071 2672 diditi,
1090 2596 1169 2675 quod

176 2685 261 2744 modo
282 2683 433 2762 probabile
453 2684 523 2759 luit,
551 2686 721 2751 omittendo;
745 2684 798 2744 sed
820 2701 922 2743 eruere
946 2684 974 2742 in
995 2683 1087 2741 animo
1112 2690 1168 2758 est,

178 2786 251 2846 quae
273 2768 376 2843 latent,
402 2776 430 2826 et
454 2770 567 2845 penitus
588 2770 651 2846 ipsa
673 2769 755 2826 huius
777 2768 835 2827 loni
860 2768 975 2844 aperire
995 2766 1167 2843 penetralia,

177 2870 251 2930 quae
273 2852 385 2932 quidem
408 2868 465 2911 non
486 2851 581 2929 aliquo
603 2852 739 2917 tradente
755 2852 807 2911 sed
828 2853 1025 2929 experimento
1046 2864 1114 2908 meo
1135 2865 1168 2907 ae

135 2952 168 3007 εδ
176 2945 274 2996 natura
290 2938 352 3014 ipsa
367 2936 440 2995 duee
456 2938 567 3013 accepi.
601 2937 713 2995 Summa
729 2938 813 3010 enim,
829 2944 962 3011 quantum
978 2949 1035 3009 ego
1052 2932 1167 3008 quidem

177 3021 286 3094 sentio,
310 3020 388 3079 cirea
408 3021 567 3079 movendos
589 3019 710 3078 allectus
725 3021 753 3078 in
767 3019 824 3078 lroo
838 3019 933 3097 posita
950 3026 1010 3090 εει,
1032 3024 1067 3074 ut
1088 3034 1117 3074 m
1129 3032 1166 3074 o·

177 3120 320 3162 veamur
340 3104 420 3181 ipsi.
458 3103 528 3163 Nam
548 3112 577 3161 et
597 3102 691 3161 lueturs
713 3111 742 3161 et
757 3104 817 3161 irae
839 3110 868 3161 et
891 3100 1094 3176 indignationis
1116 3098 1165 3158 ali·

177 3185 289 3261 qnando
319 3189 403 3247 etiam
423 3186 542 3246 ridicula
565 3186 651 3245 luerit
677 3187 810 3259 imitatio,
836 3186 861 3244 si
886 3184 975 3243 verba
1000 3182 1165 3258 vultumque

177 3277 283 3328 tantum
298 3285 355 3327 non
372 3272 455 3330 etiam
471 3272 591 3329 animum
603 3268 885 3336 accommodarimus.
914 3266 988 3339 Quid
1002 3268 1077 3325 euim
1088 3263 1162 3324 aliud

177 3362 221 3411 est
240 3370 362 3427 causae,
383 3361 413 3411 ut
429 3354 560 3429 lugentes
577 3355 675 3429 utique
689 3355 718 3411 in
733 3354 842 3414 recenti
859 3351 961 3411 dolore
976 3348 1163 3409 disertissime

176 3436 315 3515 quaedam
336 3435 499 3498 exclamare
520 3436 682 3515 videantur,
709 3445 738 3496 et
759 3437 801 3496 ira
824 3451 1022 3514 nonnunquam
1041 3430 1164 3492 induetis
