2434 3925
451 164 488 210 ιι.
499 161 577 210 rua.
590 162 810 223 uumrmmm

282 315 323 379 b't
335 317 432 380 uerbo
445 317 562 395 antiqui
577 318 701 380 multum
711 318 813 397 furate
828 315 962 396 Catonis,

335 399 457 480 Crispe,
472 393 670 479 lupurtlu‘uoe
684 404 821 464 cauditor
834 402 989 465 totumue

90 486 240 552 anodiam
254 505 337 554 cura;
358 503 422 544 nam
437 494 466 544 et
481 483 598 544 cuilibet
609 483 704 547 facilis
720 495 748 545 et
762 486 820 546 boc
833 488 973 565 pessima,
990 488 1077 565 quod
1090 486 1137 545 rei

131 570 276 630 studiosus
291 588 349 630 non
366 568 466 629 verba
469 567 556 627 rebus
571 568 678 667 aptabit
701 570 753 629 sed
767 588 816 630 res
832 571 1013 631 extrinsecus
1028 588 1134 670 arces·

131 662 193 730 set,
212 654 313 731 quibus
330 654 401 713 baec
416 652 506 712 verba
527 654 706 712 conveniant.

213 736 384 815 Fingere,
409 745 440 795 ut
461 738 552 813 primo
573 735 647 795 libro
663 736 738 811 dixi,
762 734 879 797 Graecis
895 739 986 813 magis
1004 755 1133 797 conces·

131 839 193 880 sum
208 830 268 897 est,
289 823 337 900 qui
353 822 431 880 sonis
449 820 533 878 etiam
549 819 716 896 quibusdam
732 830 759 879 et
778 821 927 880 affectibus
943 839 1000 880 non
1017 820 1134 880 dubita·

76 912 83 926 ’
131 914 233 964 rerunt
247 908 359 964 nomina
375 914 489 982 aptare,
511 920 567 962 non
583 903 637 963 alia
654 903 786 963 libertate
806 923 889 982 quam
909 923 964 982 qua
984 905 1026 964 illl
1042 905 1134 982 primi

90 1000 122 1055 31
131 989 259 1048 homines
275 988 362 1048 rebus
379 987 589 1065 appellationes
605 986 753 1046 dederunt.
794 988 892 1048 Nostri
909 998 1002 1047 autem
1022 989 1050 1047 in
1068 990 1133 1046 iun·

130 1072 226 1150 gendo
252 1081 299 1131 aut
319 1074 347 1130 in
368 1071 524 1130 derivando
541 1071 655 1148 paulum
672 1071 778 1150 aliquid
794 1074 856 1130 ausi
871 1074 918 1130 vix
933 1074 960 1130 in
976 1072 1034 1131 boc
1055 1072 1134 1130 satis

130 1158 314 1234 recipiuntur.
346 1154 417 1214 Nam
432 1156 544 1213 memini
558 1156 668 1213 iuvenis
689 1155 838 1214 admodum
853 1158 927 1214 inter
939 1156 1133 1234 Pomponium

131 1258 165 1300 ac
180 1240 321 1299 Senecam
337 1242 421 1298 etiam
436 1237 661 1316 praefationibus
679 1257 746 1297 esse
763 1248 927 1314 tractatum,
949 1257 984 1298 an
1002 1240 1135 1318 quadus

130 1324 265 1385 eliminat
281 1324 308 1381 iu
328 1323 477 1399 tragoedia
493 1321 548 1381 dici
568 1323 754 1400 oportuisset.
798 1322 836 1380 At
851 1332 966 1381 veteres
981 1340 1017 1380 ne
1032 1341 1131 1401 expe·

129 1414 230 1469 ctorot
246 1406 358 1483 quidem
378 1409 542 1472 timuerunt;
564 1413 593 1464 et
614 1422 683 1464 sane
704 1405 831 1466 eiusdem
845 1416 930 1466 uotae
953 1414 997 1465 est
1017 1408 1132 1467 wami-

88 1498 202 1556 oumut.
242 1489 280 1548 m
302 1492 330 1548 iu
352 1498 443 1549 tractu
466 1498 495 1548 et
514 1488 706 1549 declinatione
730 1490 797 1549 talia
818 1498 897 1565 sunt,
927 1489 1021 1567 qualia
1047 1489 1132 1568 apud

132 1571 302 1633 Ciceronem
323 1574 452 1634 beatitas
471 1581 499 1632 et
521 1574 694 1642 beatitudm·
717 1591 790 1651 quae
812 1573 881 1633 dura
905 1573 1016 1651 quidem
1037 1574 1131 1632 se'nlit

131 1676 198 1716 esse
220 1665 412 1716 verumtamen
435 1675 488 1715 usu
515 1666 595 1736 putat
621 1674 710 1735 posse
730 1657 846 1716 molliri.
896 1656 959 1716 Neo
982 1676 997 1717 a
1024 1656 1130 1716 verbis

129 1740 215 1800 modo
238 1741 290 1800 sed
311 1740 501 1801 anominibus
517 1759 634 1819 quoque
656 1740 783 1800 derivata
805 1749 869 1799 sunt
886 1741 1040 1820 quaedam,
1063 1750 1128 1800 utu
1202 1801 1203 1804 ,

131 1823 274 1884 Cicerone
291 1824 453 1887 Sullotumt
468 1834 496 1883 et
514 1823 549 1882 ab
565 1825 666 1884 Asinio
681 1823 878 1886 Fimbrioium
893 1833 922 1884 et
940 1823 1126 1902 Fipulutum.

88 1907 216 1994 33blulta
238 1927 275 1968 ex
290 1908 401 1970 Graeco
426 1907 546 1968 formata
567 1925 641 1968 nova
659 1926 693 1968 ac
713 1908 834 1987 plurima
852 1926 868 1968 a
885 1909 989 1985 Sergio
1009 1906 1125 1981 Flavio,

130 2010 250 2070 quorum
273 1994 342 2053 dura
368 1993 506 2071 quaedam
523 1992 673 2053 admodum
689 1993 837 2068 videntur,
859 2003 890 2052 ut
910 2013 964 2055 eus
979 2003 1008 2052 et
1023 2011 1125 2053 eoseu-

129 2079 190 2146 tu'o,·
214 2095 287 2155 quae
311 2096 362 2137 cur
383 2086 534 2154 tantopere
555 2094 741 2156 aspernemur
760 2076 829 2135 nihil
843 2077 952 2152 rideo,
970 2078 1024 2136 nisi
1046 2074 1126 2153 quod
1202 2080 1203 2103 ¹

130 2161 216 2237 iniqui
239 2160 348 2220 indices
371 2160 508 2220 adversus
532 2177 585 2218 nos
606 2178 701 2219 sumus
719 2160 843 2237 ideoque
867 2169 1038 2239 paupertate
1060 2176 1124 2220 ser-

88 2245 221 2310 almonis
237 2243 408 2304 laboramus.
450 2243 596 2316 Quaedam
612 2253 705 2303 tamen
718 2244 880 2321 perdurant.
916 2242 989 2303 Nam
1003 2252 1032 2302 et
1047 2260 1125 2321 quae
1202 2280 1203 2303 ι

129 2336 230 2385 vetera
245 2346 319 2386 nunc
334 2337 414 2403 sunt,
431 2328 544 2387 inerunt
558 2327 627 2387 olim
644 2329 734 2401 nova,
751 2336 780 2386 et
795 2328 934 2404 quaedam
949 2328 1054 2386 suntin
1069 2345 1124 2386 usu

129 2428 267 2491 perquam
282 2413 429 2486 recentia,
451 2420 481 2469 ut
497 2410 622 2471 Messala
637 2411 742 2488 primus
758 2419 893 2488 reatum,
915 2412 1125 2474 munerarium
1202 2458 1203 2479 ,

130 2492 277 2570 Angustus
292 2496 397 2573 primus
416 2495 555 2554 dixerunt.
598 2494 764 2555 Plautinum
782 2512 896 2573 quoque
916 2504 947 2554 ut
963 2496 1123 2568 musicam,

127 2579 281 2658 fabricam
296 2577 350 2636 dici
367 2578 458 2638 adhue
476 2578 638 2639 dubitabant
654 2579 710 2637 mei
726 2587 943 2657 praeceptores.
974 2577 1125 2639 Fuoorem

131 2672 160 2721 et
174 2663 326 2723 urbanum
339 2658 444 2721 Cicero
458 2679 533 2720 nova
550 2663 650 2724 credit.
688 2660 760 2720 Nam
777 2670 805 2721 et
820 2664 848 2721 in
864 2661 987 2743 epistola
1002 2661 1037 2720 ad
1051 2659 1123 2719 Bru·
1202 2656 1203 2659 ’

130 2754 188 2805 turn
200 2743 294 2822 Eum,
312 2747 416 2823 inquit,
433 2765 566 2807 umorem
579 2755 608 2807 et
619 2765 702 2818 mm,
720 2755 753 2806 ut
762 2746 819 2807 boc
833 2748 925 2807 ocrbo
935 2754 1022 2820 utor,
1035 2746 1122 2823 fuoo·

88 2834 123 2889 35
130 2848 194 2890 rem
209 2832 242 2890 iu
263 2832 420 2891 eonsilium
434 2831 601 2891 odooeubo.
625 2828 678 2908 ,Et
692 2827 728 2888 ad
743 2828 866 2907 Appium
881 2828 1048 2902 Pulchrum,
1069 2826 1121 2900 Te,

129 2913 277 2976 bonrinem
292 2914 457 2975 maccolum
470 2915 637 2992 cupientem
649 2931 754 2973 oerum
768 2915 873 2988 edum,
889 2921 1013 2995 utuuuc
1026 2911 1121 2989 loqui·

129 3014 213 3071 mur,
228 2998 389 3058 urbanum.
424 2995 502 3056 Idem
517 3005 597 3074 putat
614 3015 630 3056 a
648 2996 783 3057 Terentio
798 2998 917 3076 primum
933 2996 1037 3055 dictum
1054 3011 1121 3053 esse

130 3080 320 3157 obsequium,
336 3078 480 3140 Caecilius
494 3080 642 3139 aSisenna
656 3080 771 3141 albenti
785 3083 876 3145 coelo.
911 3077 1067 3140 Ceroa'cem
1080 3080 1120 3137 vi·
1202 3152 1203 3159 ἵ

130 3162 213 3222 detur
226 3162 394 3222 Hortensius
414 3165 519 3241 primus
535 3162 659 3238 dixisse,
681 3181 744 3223 nam
763 3173 880 3223 veteres
902 3163 1052 3241 pluraliter
1071 3178 1119 3240 ap·

130 3245 249 3324 pellant.
293 3245 461 3305 Audendum
481 3249 593 3323 itaque;
615 3264 708 3324 neque
730 3249 804 3307 enim
820 3248 929 3308 accedo
946 3246 1050 3320 uerso,
1073 3245 1118 3322 qui

88 3329 167 3393 abab
184 3338 299 3390 oratore
313 3329 402 3388 verba
415 3331 482 3405 tingi
495 3338 582 3389 vetat.
622 3328 709 3404 Nam,
731 3349 796 3391 cum
816 3333 871 3390 siut
887 3348 986 3390 eorum
1001 3328 1056 3391 alia
1074 3328 1119 3405 (ut

131 3412 200 3473 dicit
225 3410 346 3492 Cicero)
372 3414 481 3490 nativa,
507 3413 535 3474 id
563 3421 623 3491 est,
649 3429 722 3492 quae
748 3414 907 3492 significata
937 3423 1002 3474 sunt
1027 3413 1115 3490 primo
