2434 3925
378 236 805 307 mer.onnnoa.nra.1v,5.
840 271 844 282 1
1030 226 1088 303 189

95 393 198 474 Neque
214 394 293 455 illum
307 403 401 454 tamen
415 394 560 466 ordinem,
577 393 614 455 de
630 411 687 473 quo
702 396 781 473 prius
795 395 869 472 dixi,
886 393 1088 466 damnaverim
1099 406 1131 462 16

97 481 162 557 quia
178 479 332 556 quaedam,
354 480 472 538 etiamsi·
482 481 545 557 ipsa
560 488 624 538 sunt
638 479 723 554 dura,
740 481 768 538 io
782 479 810 538 id
828 489 921 539 tamen
934 480 1041 555 valent,
1057 480 1090 540 ut

98 582 133 622 ea
151 562 298 639 molliant,
321 581 394 640 quae
415 572 583 640 sequuntur.
612 562 675 622 Nec
690 564 803 622 omnino
820 566 882 622 sine
900 567 1012 623 ratione
1032 573 1087 639 est,

97 647 174 724 qood
190 646 278 723 vulgo
296 647 414 707 dicitur:
440 646 582 724 Iniquum
597 649 772 723 petendum,
793 656 827 709 ot
847 664 978 725 aequum
990 650 1086 728 feros.

98 729 182 804 Quod
196 739 290 790 tamen
305 748 389 790 nemo
405 731 448 791 sic
468 732 606 808 accipiat,
627 740 658 790 ut
681 732 775 792 omnia
796 731 894 791 credat
919 732 1087 793 audendum.
1098 740 1130 797 1⁷

96 813 189 874 Recte
206 817 279 873 enim
293 814 395 875 Graeci
410 817 600 893 praecipiunt,
618 812 687 876 Nou
698 817 887 894 temptando,
909 832 988 894 quoe
1008 817 1090 897 effici

96 901 218 960 omnino
235 918 294 961 oon
312 900 440 978 possint.
475 898 534 960 Sed
549 900 682 976 quotiens
697 898 762 974 bac,
779 899 815 959 de
832 916 886 977 qua
905 899 1021 977 loquor,
1039 900 1088 960 du·

97 983 165 1060 plici
181 982 350 1043 defensione
370 991 498 1043 utemur:
518 982 546 1042 id
559 983 746 1042 laborandum
765 991 824 1058 est,
845 992 876 1042 ut
889 984 917 1042 io
931 983 1009 1043 illam
1024 1002 1088 1061 par·

97 1075 154 1125 tem
168 1075 338 1144 sequentem
358 1066 429 1125 fides
448 1084 485 1126 ex
498 1067 597 1145 priore
614 1068 742 1128 ducatur.
777 1067 877 1127 Potest
897 1069 971 1127 enim
985 1066 1110 1145 videri]

6 1146 7 1157 ¹
98 1151 145 1227 qui
159 1158 222 1210 tuto
239 1152 322 1210 etiam
335 1150 521 1211 confessurus
537 1150 599 1228 init,
616 1151 770 1211 mentiendi
785 1169 899 1211 causam
916 1153 944 1210 in
955 1151 1088 1229 negando

96 1251 154 1294 uon
169 1233 286 1294 babere.

180 1317 217 1377 lit
232 1317 303 1377 illud
317 1319 415 1396 utique
430 1316 590 1378 iaciendum
603 1327 658 1393 est,
678 1327 719 1395 ut,
734 1319 868 1398 quotiens
883 1318 1132 1398 suspicabimur18

96 1401 182 1460 iudici
198 1402 281 1461 aliam
299 1401 500 1480 probationem
518 1402 692 1480 desiderari,
710 1404 844 1481 quamde
863 1421 918 1481 qua
936 1404 1088 1482 loquimur,

97 1487 293 1564 promittamus
316 1503 370 1545 nos
391 1485 479 1564 plene
502 1494 532 1545 et
551 1490 644 1546 statim
663 1486 700 1546 de
722 1505 758 1548 eo
779 1490 848 1547 satis
864 1506 931 1547 esse
946 1488 1088 1553 facturos;

97 1571 313 1648 praecipueque
334 1570 359 1629 si
380 1570 417 1629 de
441 1571 552 1648 pudore
568 1573 671 1647 agitur.
713 1570 893 1650 Frequenter
906 1581 1000 1631 antem
1015 1572 1090 1630 acci·
1099 1577 1131 1632 19

2 1700 3 1727 ,
98 1654 149 1727 dit,
167 1662 197 1711 ut
213 1672 298 1713 causa
316 1671 416 1731 parum
430 1654 595 1713 verecunda
612 1656 673 1714 iure
690 1663 749 1715 tuta
764 1657 815 1723 sit;
834 1656 870 1715 de
887 1673 943 1734 quo
959 1674 996 1714 ne
1011 1655 1090 1715 iuviti

97 1736 207 1796 indices
218 1736 332 1797 audiant
345 1746 373 1796 et
388 1738 512 1812 adversi,
529 1737 708 1815 frequentius
725 1748 789 1798 sunt
805 1739 984 1814 admouendi,
1000 1758 1089 1800 ceco·

97 1828 197 1882 torum
213 1822 418 1900 defensionem
429 1822 593 1899 probitatis
604 1829 633 1882 el
650 1823 825 1899 diqoitotiu‚·
841 1831 1000 1902 expectent
1007 1841 1090 1900 poo-

96 1905 157 1968 lom
179 1913 208 1966 et
228 1907 280 1984 opi
301 1906 409 1967 ordine
429 1907 538 1968 noant.
577 1903 723 1978 Quaedam
742 1906 856 1966 interim
876 1923 929 1968 nos
950 1907 1043 1965 inuitis
1059 1906 1133 1967 lito

98 1988 268 2066 tigatoribns
286 1988 473 2049 simulandum
489 1997 533 2048 est
548 1989 657 2064 dicere,
673 1990 749 2068 quod
766 1989 870 2051 Cicero
886 2008 941 2069 pro
957 1989 1090 2050 Cluentio

97 2074 166 2133 iacit
186 2077 263 2133 circa
277 2074 452 2134 iudiciariam
467 2072 577 2150 legem:
595 2090 811 2152 nonnunquam,
828 2077 908 2153 quasi
924 2073 1090 2152 interpelle·
1122 2095 1125 2101 ·

98 2157 215 2216 morab
238 2157 300 2232 bis,
329 2157 502 2226 subsistere;
531 2175 621 2236 saepe
649 2159 804 2218 avertenda
825 2157 860 2218 ud
881 2159 961 2236 ipsos
983 2159 1090 2224 oratio;

98 2241 244 2315 hortandi,
270 2250 300 2300 ut
319 2244 412 2301 sinant
431 2259 484 2301 nos
505 2243 545 2301 uti
568 2251 668 2301 nostro
690 2243 821 2302 consilio.
857 2240 899 2302 lta
924 2250 1092 2320 surrepetur

99 2326 191 2384 animo
206 2325 324 2400 iudicis,
344 2335 388 2403 et,
404 2325 468 2385 dum
484 2335 583 2405 sperat
597 2325 796 2405 probationem
813 2326 946 2405 pudoris,
962 2327 1091 2405 asperio-

98 2408 178 2467 ribus
198 2408 256 2467 illis
280 2412 370 2468 minus
393 2409 575 2488 repugnabit.
619 2410 700 2484 Quae
728 2430 791 2470 cum
816 2412 978 2488 receperit,
1007 2412 1132 2469 etiamtl

98 2493 291 2552 uerecundiae
305 2492 465 2553 defensioni
480 2494 594 2554 facilior
609 2497 672 2554 erit.
709 2496 758 2555 Sic
772 2504 892 2572 utraque
907 2512 954 2553 res
970 2497 1091 2554 invicem

99 2576 224 2653 iuvabit,
245 2578 357 2655 eritque
377 2578 464 2637 iudex
488 2579 565 2637 circa
586 2580 631 2637 ius
655 2588 783 2638 nostrum
806 2596 859 2657 spe
874 2579 1034 2638 modestiae
1049 2586 1090 2635 at·

99 2662 220 2735 tentior,
238 2662 315 2721 circa
330 2661 497 2721 modestiam
512 2662 581 2720 iuris
596 2661 767 2740 probatione
783 2662 950 2740 proclivior.

183 2744 242 2804 Sed
265 2754 295 2804 ut
317 2762 374 2803 nou
393 2763 510 2822 semper
531 2748 696 2805 necessaria
715 2755 763 2805 aut
780 2745 856 2805 utilis
872 2748 957 2804 etiam
977 2744 1134 2823 partitioti

100 2836 160 2886 est:
177 2828 217 2888 ita
231 2838 395 2906 opportune
410 2827 535 2889 adbibita
550 2828 700 2907 plurimum
716 2832 837 2890 orationi
850 2829 922 2888 lucis
938 2836 967 2886 et
981 2829 1091 2904 gratim

101 2911 223 2972 confert.
256 2911 359 2990 Neque
376 2914 449 2972 enim
463 2912 556 2971 solum
571 2913 599 2972 id
615 2913 720 2989 elficit,
739 2923 769 2972 ut
785 2914 910 2973 clariora
924 2911 1001 2986 liant,
1017 2928 1091 2988 quae

99 2995 241 3071 dicuntur,
257 2995 345 3056 rebus
359 2997 440 3056 velut
455 3014 492 3055 ex
507 2995 589 3055 turba
605 2999 742 3056 extractis
758 3005 786 3055 et
804 2999 832 3055 in
846 3004 1004 3073 conspectu
1021 2995 1091 3054 iudi·

100 3097 163 3138 oum
178 3080 295 3158 positis:
318 3080 371 3140 sed
391 3080 484 3139 reiicit
506 3096 621 3157 quoque
642 3081 804 3140 audientem
821 3088 902 3138 certo
918 3080 1093 3155 singularum

98 3165 220 3241 partium
236 3164 309 3240 line,
330 3182 386 3223 non
399 3164 485 3223 aliter
505 3181 589 3241 qnam
612 3163 782 3224 iacientibus
796 3165 851 3222 iter
865 3162 980 3221 multum
999 3163 1092 3222 detra·

98 3245 169 3306 hunt
188 3247 362 3324 fatigationis
384 3256 481 3307 notata
502 3248 647 3326 inscriptis
668 3246 808 3326 lapidibus
833 3248 933 3324 spatia.
970 3246 1040 3305 Nam
1064 3254 1133 3307 etit

100 3331 231 3390 exhausti
254 3331 362 3391 laboris
382 3348 470 3390 nosse
494 3349 655 3391 mensnram
672 3331 812 3408 voluptati
832 3340 893 3405 est,
915 3338 944 3388 et
964 3329 1093 3388 bortatur

98 3413 135 3472 ad
150 3414 262 3492 reliqua
274 3415 375 3474 lortius
391 3414 560 3492 exequenda
576 3417 669 3491 scire,
692 3423 824 3493 quantum
846 3414 980 3491 supersit.
1015 3410 1092 3470 Nihil

99 3499 175 3557 enim
196 3498 313 3577 longum
333 3498 425 3560 videri
447 3515 570 3559 necesse
594 3507 655 3577 est,
679 3498 708 3557 ia
726 3515 801 3577 quo,
823 3496 889 3576 quid
904 3495 1030 3556 ultimum
1043 3495 1091 3569 sit,
