2434 3925
187 231 225 293 12
500 246 537 292 n.
549 243 627 291 ann.
640 243 859 303 quarumnam

184 402 220 461 de
235 402 346 478 gremio
367 409 396 460 et
415 381 532 460 discere
554 399 632 457 serio
649 398 775 474 incipiat.
807 397 871 457 Hoc
892 397 978 472 igitur
1000 397 1180 474 potissimum

184 486 251 544 loco
264 485 410 545 tractanda
423 485 554 561 quaestio
567 490 623 556 est,
640 482 770 540 utilius
787 483 836 540 sit
852 482 942 540 domi
959 489 1067 558 atque
1083 483 1180 541 intra

185 571 352 647 privatos
382 569 551 647 parietes
576 565 786 624 studentem
814 567 1008 626 continere
1037 581 1078 623 an
1105 566 1178 625 ire·

145 696 147 700 <
186 654 358 730 quentiae
394 651 603 711 scholarum
636 658 669 707 et
696 649 799 708 velut
824 648 984 727 publicis
1021 667 1178 727 praece·

159 735 355 814 2ptoribus
373 736 532 795 tradere.
570 732 654 806 Quod
674 734 787 810 quidem
804 751 868 792 cnm
884 735 935 807 iis,
957 732 1096 810 aquibus
1120 733 1178 792 cla·

185 822 358 880 rissimarum
376 821 520 879 civitatum
534 833 630 877 mores
646 826 711 875 sunt
725 819 854 891 instituti,
874 825 932 876 tum
947 818 1178 875 eminentissimis

184 904 349 964 auctoribus
368 904 453 963 video
475 902 633 980 placuisse.
675 899 739 959 Non
755 909 800 959 est
820 910 915 959 tamen
935 900 1177 974 dissimulandum,

185 1005 251 1046 esse
266 987 436 1061 nonnullos,
460 989 507 1064 qui
523 985 558 1044 ab
573 985 630 1043 hoc
647 1002 739 1062 prope
754 984 872 1062 publico
888 1001 968 1043 more
983 986 1095 1063 privata
1110 1001 1177 1061 qua·

187 1072 248 1131 dam
277 1073 467 1149 persuasione
492 1070 669 1129 dissentiant.
711 1068 746 1128 tlt
773 1068 842 1127 duas
868 1070 1025 1146 praecipue
1051 1070 1177 1127 rationes

186 1155 269 1234 sequi
289 1156 436 1213 videntur:
463 1171 561 1226 unam,
584 1151 662 1229 qnod
686 1151 814 1211 moribus
838 1154 929 1228 magis
956 1152 1108 1211 consulant
1135 1152 1176 1210 iu·

185 1239 291 1314 giendo
310 1237 421 1297 turbam
439 1237 581 1297 bominum
604 1236 666 1294 eius
684 1238 802 1310 aetatis,
825 1254 899 1313 quae
921 1238 957 1294 sit
979 1236 1014 1295 ad
1030 1238 1101 1294 vitia
1120 1252 1175 1294 ma·

185 1321 261 1381 xime
282 1338 389 1399 prona,
410 1322 484 1380 unde
507 1337 608 1379 causas
629 1322 751 1397 turpium
773 1320 914 1379 factorum
935 1338 1024 1398 saepe
1046 1321 1176 1378 extitisse

184 1407 290 1465 utinam
305 1405 379 1465 falso
397 1408 567 1469 lactaretur;
586 1404 722 1478 alteram,
745 1404 838 1482 quod,
859 1405 988 1483 quisquis
1006 1404 1119 1463 iuturus
1135 1410 1175 1461 est

185 1489 236 1548 ille
251 1498 440 1567 praeceptor,
464 1487 611 1547 liberalius
626 1496 756 1564 tempora
771 1505 822 1546 sua
837 1489 1016 1565 impensurus
1034 1487 1083 1545 nni
1099 1487 1174 1546 ride·

158 1580 246 1647 3tur,
269 1591 351 1651 quam
370 1575 394 1631 si
409 1574 510 1633 eadem
524 1574 552 1630 in
567 1572 666 1649 plures
682 1574 829 1648 partiatur.
859 1572 941 1630 Prior
956 1589 1043 1631 causa
1058 1588 1174 1649 prorsus

185 1658 292 1733 gravis.
329 1655 401 1716 Nam
422 1659 446 1715 si
471 1657 571 1716 studiis
598 1655 712 1732 quidem
740 1655 857 1714 scholas
881 1656 1024 1733 prodesse
1049 1654 1173 1713 moribus

184 1748 278 1798 autem
300 1756 408 1799 nocere
431 1748 592 1799 constaret:
617 1741 714 1818 potior
733 1739 801 1798 mibi
823 1741 896 1799 ratio
917 1739 1031 1798 vivendi
1054 1739 1174 1798 honesta

185 1841 269 1900 quam
287 1824 335 1883 vel
357 1826 465 1902 optime
488 1822 600 1883 dicendi
621 1823 779 1882 videretur.
815 1823 874 1883 Sed
894 1842 957 1882 mea
981 1823 1097 1901 quidem
1115 1840 1173 1880 sen·

170 1910 272 1979 ,tentia
296 1910 391 1969 iuncta
411 1911 465 1969 ista
487 1917 573 1988 atque
595 1906 751 1967 indiscreta
777 1916 852 1967 sunt.
889 1907 992 1985 Neque
1014 1909 1089 1966 enim
1113 1922 1173 1966 esse

184 2002 329 2052 oratorem
350 1996 404 2053 nisi
427 1994 531 2053 bonum
550 1994 642 2051 virum
666 1992 780 2067 iudico,
811 2001 840 2051 et
866 1992 928 2052 lieri
949 1993 1060 2053 etiamsi
1080 1997 1174 2069 potest

184 2077 263 2136 nolo.
296 2077 341 2135 De
359 2077 413 2136 hac
429 2096 461 2137 re
478 2079 565 2152 igitur
583 2077 673 2155 prius.

160 2168 179 2219 4
268 2158 418 2238 Corrumpi
434 2177 530 2219 mores
545 2161 573 2217 in
587 2158 697 2218 scholis
712 2167 823 2236 putant;
840 2168 945 2219 namet
960 2167 1174 2235 corrumpuntur

186 2244 314 2318 interim,
340 2243 391 2302 sed
414 2243 489 2302 domi
510 2259 644 2320 quoque,
668 2250 696 2300 et
710 2252 778 2302 suut
797 2243 885 2304 multa
900 2245 961 2302 eius
981 2243 1024 2301 rei
1043 2242 1174 2319 exempla

185 2335 242 2384 tam
261 2325 359 2386 laesae
380 2326 499 2386 hercule
515 2344 598 2403 quam
621 2336 810 2387 conservatae
830 2329 1008 2387 sanctissime
1023 2326 1173 2404 utrobique

187 2411 339 2486 opinionis.
369 2410 475 2479 Natura
498 2412 637 2487 cuiusque
652 2418 742 2469 totum
763 2429 889 2489 curaque
909 2412 1003 2471 distat.
1033 2409 1078 2470 Da
1101 2428 1172 2469 men·

184 2503 242 2552 tem
262 2494 296 2553 ad
315 2495 416 2573 peiora
432 2494 561 2569 facilem,
582 2495 618 2553 da
633 2494 838 2571 negligentiam
858 2496 997 2555 formandi
1013 2495 1172 2554 custodian·

185 2578 271 2655 dique
293 2580 321 2637 in
343 2587 436 2638 aetata
458 2579 548 2656 prima
567 2578 704 2656 pudoris:
726 2596 783 2637 non
803 2581 940 2638 minorem
961 2579 1074 2655 flagitiis
1093 2595 1172 2638 occa·

184 2663 293 2721 sionem
312 2671 426 2722 secreta
446 2662 641 2740 praebuerint.
673 2662 745 2721 Nam
766 2670 794 2721 et
812 2665 909 2740 potest
931 2665 1021 2741 turpis
1037 2679 1107 2720 esse
1128 2662 1173 2721 do·

183 2748 319 2804 mesticus
335 2746 385 2805 illc
400 2754 589 2824 praeceptor,
607 2764 662 2805 nec
677 2748 764 2805 tutior
780 2747 853 2806 inter
868 2764 970 2805 servos
985 2746 1076 2805 malos
1094 2763 1175 2823 quam

159 2830 323 2905 tingendos
340 2848 438 2907 parum
451 2831 599 2890 modestos
616 2833 798 2889 conversatio
815 2840 868 2890 est.
896 2830 935 2889 At
951 2832 975 2888 si
991 2830 1067 2889 bona
1085 2831 1174 2908 ipsius

183 2913 312 2988 indoles,
333 2915 357 2973 si
378 2931 435 2972 non
457 2931 545 2973 caeca
565 2931 600 2972 ac
620 2915 715 2990 sopita
735 2924 883 2991 parentum
902 2914 1036 2973 socordia
1060 2922 1122 2973 est:
1148 2921 1175 2971 et

185 3007 407 3074 praeceptorem
421 2998 533 3074 eligere
549 2999 755 3056 sanctissimum
768 3015 910 3075 quemque
924 2999 1020 3076 (cuius
1035 2998 1077 3057 rei
1094 3015 1174 3074 prae·

185 3081 270 3157 cipua
289 3081 476 3158 prudentibus
502 3098 569 3140 cura
596 3082 656 3158 est)
682 3089 712 3139 et
735 3081 930 3160 disciplinam,
960 3099 1033 3159 quae
1054 3082 1174 3141 maxime

184 3182 288 3223 severa
310 3163 413 3239 luerit,
440 3166 525 3239 licet,
555 3173 584 3223 et
605 3164 786 3229 nibilominus
808 3167 927 3224 amicum
947 3183 1065 3242 gravem
1086 3165 1174 3222 virum

185 3255 232 3305 aut
248 3247 363 3307 fidelem
378 3247 511 3308 libertum
527 3248 608 3308 lateri
626 3247 675 3307 filii
695 3250 738 3306 sui
754 3250 928 3325 adiungere,
950 3251 1029 3308 cuius
1045 3249 1172 3308 assiduus

185 3332 334 3390 comitatus
352 3334 436 3391 etiam
450 3332 517 3392 illos
532 3331 670 3391 meliores
685 3331 786 3406 iaciat,
810 3335 858 3410 qui
872 3333 1052 3391 timebuntur.

159 3421 181 3474 θ’
267 3413 365 3474 Facile
386 3424 447 3475 erat
467 3415 550 3475 buius
570 3423 663 3474 metus
684 3417 849 3475 remedium.
886 3416 998 3476 Utinam
1021 3414 1172 3474 liberorum

181 3506 346 3557 nostrorum
360 3517 457 3559 mores
474 3516 530 3558 non
548 3500 603 3577 ipsi
620 3498 816 3575 perderemus.
830 3547 832 3550 ,
847 3497 994 3560 Infantiam
1015 3500 1109 3558 statim
1124 3497 1169 3557 de-
