2434 3925
342 167 784 237 mer.onsuon.1.m.1x,4.
997 160 1056 223 143

63 380 71 397 ,
135 323 226 384 Totus
240 338 313 383 vero
328 322 375 382 bic
390 322 473 383 incus
491 326 630 385 nunides
646 333 815 385 tractatura
830 325 928 403 nobis,
944 336 975 388 nt
990 322 1111 392 oraim

34 411 109 485 tio,
132 425 208 486 quae
228 407 298 467 ferri
322 406 410 467 debet
425 426 460 468 ac
477 409 583 485 liuere,
606 408 787 469 dimetiendis
801 411 923 489 pedibus
940 430 974 471 ac
988 430 1055 490 per·

37 490 212 573 perdendis
232 491 352 566 syllabis
375 503 582 560 consenescat;
606 512 671 552 nam
693 493 721 553 id
742 512 806 552 cum
828 496 925 554 miseri
948 505 1007 556 tum
1026 498 1054 555 in

34 577 169 638 minimis
185 578 320 653 occupati
336 584 397 652 est,
420 578 624 655 nequeenim,
646 579 743 656 quise
760 586 850 637 totum
864 580 893 638 in
912 578 967 639 huc
984 597 1052 640 cura
1061 590 1111 644 113

24 661 278 736 consumpserit,
302 661 464 738 potioribus
488 661 619 722 vacabit:
652 664 677 720 si
704 662 820 739 quidem
834 663 938 722 relicto
958 682 1054 723 rerum

27 743 179 825 pondere
211 760 246 802 ac
269 744 362 803 nitore
386 754 551 824 contempto
576 748 759 827 tesserulae,
790 755 821 806 ut
844 748 890 806 ait
916 746 1052 823 lucilius,

34 834 143 892 struet
157 835 186 885 et
200 829 399 889 vernaculum
413 831 542 891 interae
556 829 635 891 lexic
651 831 819 892 comaaittei.
861 830 964 890 Nonne
980 849 1052 908 ergo

35 912 238 987 refrigeretur
254 912 297 970 sic
312 911 393 971 calor
410 922 439 972 et
454 916 577 992 impetus
592 924 710 991 pereat,
732 923 763 973 ut
784 931 924 992 equorum
940 933 1053 974 cursum

36 995 164 1057 delicati
182 996 294 1054 minutis
310 995 444 1074 passibus
460 994 615 1074 frangunt?
643 996 732 1070 Quasi
747 1015 819 1057 vero
836 999 976 1074 iecerint,
996 1016 1053 1059 non
1061 1007 1111 1060 114
1198 1052 1205 1063 .

37 1079 148 1139 sintin
164 1080 375 1156 compositione
390 1080 575 1159 deprehensi.
616 1082 697 1142 Sicut
718 1099 822 1160 poema
837 1100 920 1142 nemo
942 1082 1052 1142 dubita-

35 1163 123 1223 verit
147 1162 280 1240 imperito
297 1165 421 1242 quodam
441 1168 520 1225 initio
535 1166 631 1225 iusum
646 1175 676 1224 et
691 1167 800 1226 aurium
813 1184 946 1227 mensura
968 1176 997 1226 et
1014 1171 1051 1226 si·
1138 1175 1141 1181 '

36 1247 152 1307 militer
169 1246 382 1317 decurrentium
396 1252 555 1328 spatiorum
569 1250 775 1310 observatione
789 1268 857 1311 esse
871 1259 1051 1328 generatum,

36 1348 115 1390 mox
129 1331 157 1389 in
173 1347 210 1388 eo
226 1341 362 1409 repertos
378 1334 481 1411 pedes.
515 1335 591 1395 Satis
609 1335 697 1411 igitur
711 1336 740 1394 in
754 1334 812 1396 boc
827 1352 880 1394 nus
897 1345 1052 1414 componet

37 1414 135 1476 multa
150 1413 296 1475 scribendi
312 1419 500 1493 exercitatio,
523 1427 553 1478 ut
569 1437 607 1477 ex
623 1427 756 1497 tempore
771 1420 857 1478 etiam
872 1418 974 1479 similia
988 1420 1051 1479 inun-

39 1503 156 1562 demus.
201 1498 304 1578 Neque
324 1518 395 1561 vero
408 1510 465 1561 tam
480 1504 536 1561 sint
556 1503 683 1564 intuendi
700 1502 792 1582 pedes
816 1521 900 1582 quarn
917 1506 1109 1563 universa115

39 1583 287 1662 comprehensio,
320 1594 352 1645 ut
376 1604 493 1645 versum
513 1585 656 1645 iacientes
684 1596 774 1647 totum
795 1587 875 1647 illum
899 1589 1052 1648 decursum

38 1685 104 1728 non
118 1685 173 1728 sex
193 1667 241 1727 vel
259 1671 384 1748 quinque
399 1679 517 1748 partes,
537 1669 692 1748 exquibus
709 1680 821 1731 constat
835 1689 955 1748 versus,
976 1674 1051 1750 aspi-

41 1754 134 1812 ciunt.
178 1752 255 1811 Ante
279 1754 355 1813 enim
375 1771 490 1813 carmen
516 1763 609 1813 ortum
631 1763 677 1813 est
698 1772 783 1833 qnam
799 1753 964 1814 observatio
988 1774 1050 1814 car·

40 1837 139 1895 minis.
171 1834 300 1914 Ideoque
315 1836 386 1897 illud
402 1836 502 1899 Fauni
515 1848 660 1915 cutesque
672 1839 832 1900 cauebant.
870 1837 949 1915 Ergo
967 1846 1109 1916 quemlld

40 1925 75 1981 in
93 1929 228 1999 poemate
251 1921 346 1982 locum
366 1916 454 1984 babet
473 1922 668 2000 versificatio,
691 1940 755 1984 eum
775 1925 804 1984 in
819 1924 951 1983 oratione
973 1940 1050 1982 com-

68 2006 164 2065 ositio.

40 2024 65 2085 p
134 2087 246 2166 Optime
267 2099 363 2150 autem
384 2090 421 2150 de
440 2091 491 2151 illa
514 2093 640 2152 iudicant
659 2110 762 2168 aures,
787 2111 860 2170 quae
878 2091 964 2169 plena
984 2109 1048 2150 sen·

39 2174 120 2234 tinnt
140 2182 168 2232 et
188 2191 289 2252 parum
309 2174 427 2253 expleta
450 2175 615 2237 desiderant
632 2187 661 2237 et
681 2177 808 2254 fragosis
824 2175 1006 2236 offenduntur
1021 2184 1051 2235 et

41 2254 161 2318 levibus
180 2256 342 2318 mulcentur
357 2268 387 2318 et
402 2262 542 2320 contortis
565 2264 727 2322 excitantur
742 2270 771 2320 et
785 2260 900 2321 stabilia
915 2258 1049 2337 probant,

41 2340 150 2401 clauda
166 2339 401 2420 deprehendunt,
418 2345 604 2405 redundantia
620 2363 654 2405 ac
669 2346 752 2404 nimia
766 2344 923 2405 fastidiunt.
965 2343 1049 2404 Ideo·

45 2443 105 2502 que
121 2424 200 2484 docti
214 2428 353 2501 rationem
367 2428 558 2506 componendi
574 2429 754 2505 intelligunt,
771 2431 857 2489 etiam
873 2427 983 2488 indocti
997 2445 1050 2486 vc·

44 2510 194 2586 luptatem.
239 2509 385 2583 Quaedam
399 2529 471 2571 reru
486 2512 559 2572 tradi
575 2524 637 2573 arte
651 2530 708 2573 non
720 2522 851 2592 possunt.
894 2511 1045 2572 liniendus
1057 2518 1108 2577 117

46 2601 93 2652 est
107 2610 212 2669 ,casum
229 2596 254 2653 si
273 2593 370 2654 durius
385 2597 425 2669 is,
445 2613 502 2674 quo
520 2615 728 2676 coeperamus,
749 2597 866 2657 leretur.
910 2595 1000 2670 Num,
1022 2598 1051 2654 in

45 2693 133 2754 quem
147 2685 326 2738 transeamus
343 2697 380 2738 ex
394 2697 468 2757 quo,
484 2685 615 2762 praecipi
631 2678 753 2761 potest?
785 2680 891 2758 Figura
908 2679 1051 2740 laboranti

46 2762 250 2836 compositioni
270 2765 379 2822 variata
400 2781 491 2842 saepe
509 2769 660 2826 succurrit.
706 2765 803 2841 Quae,
828 2783 891 2825 curn
912 2764 1050 2823 orationis

45 2845 202 2902 tumetium
217 2843 399 2906 sententiae?
427 2846 500 2907 Num
513 2852 725 2929 praescriptum
742 2851 805 2908 eius
821 2851 865 2908 rei
880 2846 967 2906 ullum
983 2842 1050 2906 est?
1069 2878 1072 2885 =

46 2925 258 2988 Occasionibus
273 2929 408 2990 utendum
424 2940 454 2991 et
469 2950 532 2991 cum
547 2952 579 2993 re
592 2936 739 3012 praesenti
755 2930 980 2993 deliberandum.
1013 2929 1051 2990 lli
1058 2939 1108 2994 118

45 3014 103 3070 iam
128 3028 200 3070 veru
223 3015 316 3091 spatia
337 3017 416 3094 ipsu,
448 3034 522 3094 quae
546 3018 575 3075 in
590 3017 645 3077 hac
661 3018 775 3096 quidem
793 3024 876 3093 parte
898 3014 1050 3094 plurimum

45 3094 163 3168 valent,
181 3097 257 3173 quod
271 3108 393 3175 possunt
406 3101 459 3160 uisi
475 3103 583 3161 aurium
598 3100 708 3161 babere
722 3095 877 3177 indicium?
921 3097 979 3158 Gur
994 3099 1049 3159 alia

47 3178 235 3257 paucioribus
249 3181 346 3240 verbis
361 3186 431 3243 satis
449 3186 535 3262 plena
552 3185 601 3244 vel
618 3188 748 3260 nimium,
765 3183 821 3243 alia
838 3182 969 3262 pluribus
981 3182 1048 3243 bre-

46 3263 94 3321 via
111 3270 140 3321 et
157 3260 272 3323 abscisa
287 3264 373 3325 sunt‘l
417 3265 475 3327 Gur
495 3270 525 3327 in
545 3268 852 3341 circumductionibus,
880 3269 965 3327 etiarn
985 3285 1047 3327 cum

47 3363 152 3406 seusus
167 3345 262 3405 linitus
278 3357 339 3424 est,
358 3349 465 3428 aliquid
480 3361 575 3411 tumen
590 3352 649 3412 luci
669 3370 774 3413 vacare
790 3348 942 3413 videatur?
985 3350 1105 3412 Ne-lli

46 3433 157 3493 nauem
168 3437 303 3493 nmirum
315 3434 462 3513 inaurare
475 3437 629 3516 arbitror,
643 3438 778 3516 iudices,
799 3436 880 3501 bunc
889 3455 950 3516 per
960 3437 1050 3498 lusce
