2434 3925
350 230 439 280 insu.
453 199 601 280 canace.
615 232 685 279 nm.
697 233 735 298 11,
747 230 790 282 21.
1008 203 1066 280 103

74 411 136 456 cum
152 388 344 470 palaestrica,
367 385 497 446 ciborum
516 403 589 447 vero
606 386 729 465 qualitas
745 386 829 446 etiam
845 405 908 447 cnm
932 403 1067 447 cocomm

72 480 98 539 ei
114 476 152 535 sit
169 483 231 556 arte
247 471 414 531 communis.
453 470 538 545 Quod
558 489 632 531 vero
653 470 690 530 de
706 469 799 546 hono,
818 472 896 547 utili,
918 473 994 531 iusto
1010 470 1110 534 dis-12

70 577 174 621 serere
190 555 393 635 philosophiae
415 554 541 615 cilicium
558 572 625 615 esse
646 555 757 629 dicunt,
779 572 836 614 non
848 554 959 615 obstat.
996 554 1068 614 Nam

71 663 136 705 cum
160 639 362 720 philosophum
384 638 497 716 dicunt,
525 639 581 699 hoc
603 641 696 718 accipi
718 639 818 698 volunt
839 642 930 698 virum
951 638 1066 698 honum.

72 728 170 801 Quare
191 725 278 802 igitur
299 731 460 799 oratorem,
489 741 573 801 quem
598 741 614 782 a
636 723 712 784 hono
733 725 796 782 viro
818 740 875 782 non
896 740 1019 802 separo,
1040 724 1068 781 in

9 847 10 858 κ
73 812 175 871 eadem
197 806 316 868 materia
339 807 451 866 versari
471 809 575 878 mirem
598 825 662 867 cnm
684 809 855 885 praesertim
879 809 970 885 primo
993 806 1111 872 lihr013

8 907 9 912 ’
71 899 128 955 iam
152 892 342 965 ostenderim,
371 890 564 969 philosophos
590 892 724 951 omissam
748 892 821 952 hanc
843 891 879 950 ah
905 889 1068 950 oratoribus

70 986 183 1057 partem
206 991 384 1052 occupasse,
408 991 481 1052 quae
504 974 666 1035 rhetorices
687 977 805 1053 propria
823 992 938 1052 semper
954 975 1069 1049 inisset,

70 1071 101 1122 ut
118 1062 162 1121 illi
178 1061 274 1138 potius
290 1060 318 1116 in
336 1067 435 1118 nostra
451 1060 570 1119 materia
591 1056 765 1118 versentur?
804 1060 937 1137 Denique
955 1077 1017 1118 cum
1033 1059 1070 1116 sit

70 1146 241 1207 dialectices
263 1144 383 1202 materia
405 1142 549 1203 derebus
570 1141 708 1203 subiectis
731 1143 895 1223 disputare,
919 1144 956 1202 sit
975 1151 1070 1202 autem

70 1229 225 1290 dialectice
242 1228 337 1291 oratio,
353 1228 485 1287 concisa:
506 1236 557 1286 cur
577 1245 635 1286 non
655 1227 756 1288 eadem
778 1236 937 1309 perpetuae
953 1243 1068 1305 quoque

69 1314 191 1374 materia
205 1306 360 1370 videatur?

156 1396 240 1455 Solet
256 1412 272 1453 a
288 1393 457 1473 quibusdam
473 1403 502 1454 et
519 1396 590 1456 illud
605 1398 729 1475 opponi:
754 1393 892 1457 Omrtinm
909 1396 1004 1475 icitur
1017 1397 1110 1454 atr-14

70 1485 145 1543 tiom
160 1482 281 1559 petitos
299 1480 357 1539 erit
375 1487 495 1556 orator,
516 1482 544 1541 si
565 1481 605 1542 de
625 1482 763 1543 omnihus
782 1482 811 1540 ci
831 1481 995 1542 dicendam
1015 1484 1068 1541 est.

70 1565 192 1626 Possem
207 1564 254 1625 hic
272 1560 423 1622 Ciceronis
437 1564 619 1641 respondere
633 1565 747 1640 verhis,
765 1564 841 1642 apud
857 1583 943 1643 quem
956 1564 1014 1624 hoc
1027 1564 1068 1621 in·

70 1651 175 1709 venio:
192 1645 263 1708 lieo
278 1648 400 1724 quidem
414 1650 564 1721 sententia
577 1667 665 1710 nemo
680 1667 747 1712 esse
759 1651 870 1727 poterit
883 1650 963 1710 omni
976 1649 1070 1709 laude

70 1732 245 1795 cumrtlotos
274 1739 398 1808 orator,
428 1733 489 1794 nisi
517 1734 575 1794 erit
600 1734 731 1795 matium
756 1751 859 1793 reram
887 1749 1070 1810 moymarum

69 1826 164 1895 atque
177 1817 289 1877 ortium
304 1816 464 1877 scieotiom
480 1823 679 1888 consecutam·
701 1815 753 1876 sed
774 1814 841 1875 mihi
857 1818 927 1876 satis
946 1824 991 1876 est
1006 1816 1068 1874 eius

71 1918 140 1960 esse
157 1907 303 1959 oratorem
318 1901 377 1976 rei,
400 1899 438 1959 dc
454 1917 509 1979 qua
525 1900 617 1977 dicet,
637 1918 694 1960 non
711 1901 840 1960 inscium.
877 1898 981 1978 Neque
997 1900 1111 1957 enimlt

56 2002 173 2053 ,omnes
190 2001 291 2044 causas
309 1986 405 2060 novit,
426 1994 455 2044 et
470 1985 558 2044 dehet
572 2002 662 2063 posse
680 1986 717 2046 de
733 1983 862 2044 omnihus
878 1984 996 2051 dicere,
1024 1981 1069 2041 De

71 2067 177 2148 quihus
196 2085 268 2144 crgo
286 2065 384 2128 dicet?
418 2068 464 2128 De
479 2068 581 2146 quihus
605 2068 712 2130 didicit.
751 2068 888 2129 Similiter
908 2067 944 2127 de
961 2066 1069 2127 artibus

70 2170 206 2232 quoquc,
222 2151 259 2211 de
276 2153 379 2231 quihus
394 2152 545 2213 dicendum
561 2155 631 2228 crit,
654 2155 766 2213 interim
782 2153 888 2218 discet:
912 2160 941 2212 et
956 2152 992 2212 de
1009 2151 1068 2229 qni·

69 2237 126 2298 hus
147 2236 296 2311 didicerit,
316 2237 402 2296 dicet.
441 2236 515 2311 Quid
532 2234 626 2315 ergo?
643 2255 700 2297 non
720 2238 803 2298 faber
825 2237 862 2297 dc
883 2235 994 2297 labrica
1011 2253 1069 2294 mc·
1077 2241 1111 2294 16

70 2322 128 2381 lius
145 2328 193 2379 aut
209 2320 246 2379 de
260 2322 370 2380 musice
386 2318 532 2383 musicus?
566 2323 597 2381 Si
612 2324 723 2382 nesciat
739 2330 853 2397 orator,
873 2320 939 2398 quid
958 2322 1009 2394 sit,
1032 2317 1068 2377 de

22 2442 24 2445 .
69 2421 130 2484 qno
146 2413 316 2482 quaeratur,
338 2404 423 2482 plane
438 2404 551 2464 melius.
588 2405 659 2465 Nam
675 2416 704 2465 et
720 2406 847 2482 litigator
863 2406 987 2464 rusticus
1002 2402 1068 2462 illit-

71 2497 243 2565 teratusque
263 2487 299 2547 de
316 2505 402 2548 causa
423 2506 474 2547 sua
488 2489 607 2565 melius,
633 2508 715 2567 quam
739 2498 852 2564 orator,
875 2490 922 2567 qui
946 2488 1067 2560 nesciet,

72 2573 142 2651 quid
160 2573 188 2630 in
203 2570 254 2630 lite
269 2572 321 2640 sit;
340 2571 393 2632 sed
408 2580 528 2650 accepta
544 2591 560 2633 a
575 2576 696 2649 musico,
713 2592 729 2634 a
745 2573 838 2647 lahro,
854 2575 928 2632 sicut
944 2590 960 2631 a
976 2571 1068 2647 litiga-

73 2665 138 2716 tore
155 2655 257 2714 melius
272 2664 371 2715 orator
386 2673 469 2734 quam
485 2658 559 2735 ipse,
579 2659 627 2733 qui
642 2658 783 2718 docuerit.
809 2657 916 2716 Verum
932 2665 961 2714 et
976 2654 1068 2727 laher,
1078 2652 1109 2707 17

74 2758 139 2800 cum
155 2738 191 2799 de
206 2737 332 2815 fabrica,
355 2748 385 2799 et
400 2742 541 2813 musicus,
565 2758 628 2800 cum
644 2741 680 2801 dc
697 2743 822 2816 musica,
843 2741 867 2799 si
883 2740 949 2817 quid
965 2738 1068 2797 conllr·

72 2825 228 2883 mationem
244 2823 467 2899 desideraverit,
488 2824 574 2884 dicct.
604 2823 669 2883 Non
685 2825 797 2904 quidem
813 2826 867 2884 erit
883 2832 997 2896 orator,
1015 2820 1067 2880 sed

71 2908 162 2967 faciet
177 2906 249 2966 illud
265 2909 347 2984 qnasi
362 2916 477 2983 orator,
505 2910 579 2968 sicut
595 2926 659 2967 cum
673 2910 774 2969 vulnus
794 2909 942 2986 imperitus
958 2905 1067 2983 deliga·

71 2990 131 3065 hit,
155 3007 212 3049 non
228 2992 282 3050 erit
296 2990 493 3057 medicussed
513 2992 600 3053 laciet
616 3001 645 3051 ut
666 2991 805 3052 medicus.
842 2991 887 3050 An
908 2989 1068 3049 huiusmodi
1077 2992 1109 3046 18

72 3092 123 3145 res
138 3091 233 3152 neque
249 3076 277 3132 in
296 3074 410 3135 landem
424 3093 519 3152 neque
540 3078 568 3134 in
588 3075 825 3136 deliberationem
845 3092 939 3151 neque
954 3077 983 3133 in
997 3073 1067 3133 iudi·

73 3159 149 3218 cium
169 3155 307 3218 veniunt?
326 3156 406 3235 Ergo
430 3177 493 3219 cum
510 3158 546 3219 de
564 3158 697 3219 iaciendo
713 3168 799 3238 portu
815 3157 941 3218 Ostiensi
958 3157 1066 3218 delibe-

71 3250 165 3302 tatum
183 3250 244 3317 est,
263 3260 321 3301 non
338 3242 436 3303 debuit
453 3244 551 3303 dicere
568 3246 739 3303 sententiam
757 3239 874 3302 orator?
900 3243 978 3319 atqui
994 3258 1066 3318 opus

72 3335 137 3386 erat
152 3327 264 3385 ratione
285 3326 518 3388 architectorum.
554 3325 675 3386 livores
698 3335 727 3385 et
747 3335 874 3386 tumores
895 3328 923 3385 in
943 3341 1068 3403 corpore
1078 3331 1109 3386 19
1205 3390 1206 3393 ,

72 3409 224 3470 cruditatis
242 3427 277 3469 an
291 3412 396 3470 veneni
414 3413 495 3489 signa
506 3412 583 3486 sint,
606 3428 664 3469 non
678 3418 781 3471 tractat
796 3406 915 3470 oratori
936 3418 965 3469 at
980 3416 1024 3467 est
1039 3406 1068 3466 id

72 3512 112 3554 ex
128 3495 240 3555 ratione
261 3494 429 3555 medicinae.
448 3492 551 3556 .Circa
565 3513 714 3562 mensuras
737 3504 766 3555 et
781 3509 916 3555 numeros
931 3509 988 3552 uon
1002 3508 1067 3550 ver·
