2434 3925
137 151 196 212 156
452 160 812 221 M.FAB.QU1NT1LIAN1

133 318 278 397 perseius
296 318 324 377 in
338 298 498 377 nomilribus
516 326 561 378 est
576 326 732 394 occupata:
749 324 843 376 tamen
854 317 940 376 utiles
957 318 1035 377 eirca
1047 336 1146 395 prae·
1203 330 1204 355 ¹

51 452 54 460 .
134 410 219 479 cepta
241 403 400 461 sententiae
421 400 583 479 levitasque
604 400 757 459 verborum
779 408 808 458 et
829 402 1048 478 compositionis
1066 420 1145 480 pro·

92 485 246 559 sababilis,
264 484 403 564 daturque
418 485 444 542 ei
460 484 553 561 palma
568 486 597 544 in
611 483 662 543 illo
672 484 766 543 medio
778 501 888 560 genere
903 484 1025 544 dicendi.
1058 483 1143 545 Con-

133 579 177 628 tra
198 571 226 627 in
249 568 462 629 Antimacho
485 569 529 626 vis
551 577 580 627 et
595 569 721 644 gravitas
744 577 773 626 et
792 568 905 626 minime
926 568 1050 645 vulgare
1073 569 1140 630 elo·

135 651 240 731 queudi
257 662 348 729 genus
364 652 452 712 hahet
466 650 589 711 laudem.
630 651 689 710 Sed
710 652 839 729 quamvis
860 652 888 709 ei
909 652 1055 711 secundas
1072 653 1141 712 iere

132 738 380 814 grammaticorum
400 752 558 794 consensus
576 734 704 794 delerat:
725 743 756 794 et
777 734 928 794 allectihus
949 744 979 795 et
1002 735 1139 796 iocundi·

133 829 192 880 tate
208 828 237 878 et
252 820 441 898 dispositione
457 827 486 878 et
508 821 621 878 omnino
645 827 706 877 arte
722 818 871 892 deficitur,
893 827 924 877 ut
940 819 1026 897 plane
1044 821 1138 879 mani

133 903 209 963 lesto
222 913 370 981 appareat,
378 912 484 981 quanto
496 904 533 962 sit
544 902 621 962 aliud
628 904 787 980 proximum
800 920 867 961 esse
877 902 954 962 aliud
963 905 1137 963 secundnm

92 987 315 1061 utPanyasiu
330 1005 368 1046 ex
385 997 509 1066 utroque
523 987 640 1046 mixtum
652 995 750 1064 putant
766 987 793 1045 in
808 986 973 1064 eloquendo
988 989 1137 1047 neutrius·

134 1088 190 1148 que
212 1088 338 1148 aequare
355 1073 493 1147 virtutes,
516 1070 638 1129 alterum
660 1079 754 1129 tamen
771 1068 807 1128 ab
823 1086 860 1128 eo
875 1073 993 1130 materia
1010 1070 1137 1130 alterum

133 1153 303 1232 disponendi
323 1156 434 1215 ratione
458 1154 599 1232 superari.
651 1153 832 1230 Apolloni
865 1172 879 1211 s
906 1154 1095 1214 in'ordinem
1120 1172 1137 1213 a

97 1252 106 1260 ·
132 1239 324 1314 grammaticis
340 1238 433 1298 datum
447 1255 504 1297 non
517 1238 614 1318 venit,
635 1238 700 1316 quia
715 1168 898 1385 Arimaspus
914 1247 1000 1316 atque
1017 1237 1136 1297 Aristo·

133 1321 254 1399 phanes,
270 1331 419 1399 poetarum
433 1322 554 1397 indices,
569 1323 710 1380 neminem
725 1322 794 1380 suit
843 1323 922 1399 poris
939 1324 968 1381 in
984 1340 1136 1383 numerum

133 1405 322 1482 redegerunt;
346 1415 518 1465 nontamen
540 1398 892 1465 contemnendnms'edidit
918 1422 991 1483 opus
1017 1398 1135 1484 aequali

94 1489 257 1566 55quadam
271 1489 481 1549 mediocritate.
515 1488 756 1548 Aratimateria
773 1497 852 1547 motu
873 1491 1134 1566 caret,ntinqua
1165 1533 1167 1536 ι

135 1572 212 1631 nulla
227 1574 362 1647 varietas,
378 1573 473 1632 nullus
488 1572 621 1647 allectus,
633 1572 710 1632 nulla
722 1589 857 1650 persona,
875 1573 951 1632 nulla
965 1574 1134 1651 cuiusquam

134 1657 171 1714 sit
187 1658 294 1723 oratio;
311 1657 417 1716 suflicit
434 1665 528 1719 tamen
544 1658 642 1734 operi,
666 1659 712 1715 cui
733 1674 767 1716 se
787 1673 885 1733 parem
908 1656 1039 1716 credidit.
1075 1656 1133 1716 Ad·

133 1738 270 1798 mirabilis
285 1741 313 1799 in
329 1758 381 1800 suo
397 1759 507 1818 genere
528 1739 767 1815 Theocritus,
791 1740 843 1799 sed
863 1759 942 1800 musa
959 1740 1008 1799 illa
1024 1743 1132 1800 rustica

137 1831 166 1881 et
187 1824 341 1901 pastoralis
360 1842 417 1884 non
437 1825 530 1884 lorum
545 1823 631 1884 modo
647 1842 746 1884 verum
757 1825 853 1901 ,ipsam
871 1824 955 1884 etiam
970 1823 1073 1883 urbem
1087 1842 1131 1883 re·

94 1906 276 1975 selormidat.
314 1909 422 1970 Audire
444 1908 547 1968 videor
567 1908 691 1986 undique
708 1916 899 1985 congerentes
914 1910 1026 1970 uomina
1043 1907 1131 1986 pluri·
1197 1954 1200 1959 ,

134 2008 241 2050 morum
254 2002 413 2069 poetarum.
432 1990 526 2065 outo?
537 1992 671 2052 Herculis
683 2002 745 2052 acta
758 2010 815 2051 non
827 1992 902 2052 bene
912 1989 1131 2052 Pisandros?

135 2073 353 2136 Nicandrum
373 2077 479 2136 frustra
499 2077 591 2136 secuti
612 2075 710 2135 Macer
731 2085 817 2154 atque
837 2073 1004 2152 Vergilius?
1035 2071 1131 2148 Quid?

135 2157 405 2235 Euphorionem
421 2157 622 2220 transibimus?
640 2176 724 2238 quem
738 2161 791 2219 nisi
806 2160 959 2238 probasset
970 2159 1129 2235 Vergilius,

135 2241 210 2301 idem
224 2261 365 2321 nunquam
377 2253 457 2303 certe
473 2237 661 2307 conditor'cm
675 2241 851 2305 Chalcidico
860 2261 951 2305 cerro
963 2246 1130 2305 connisum

136 2325 257 2385 lecisset
285 2329 313 2385 in
341 2328 486 2388 Bucolicis
507 2329 688 2387 mentionem.
734 2325 829 2399 Quid?
860 2326 993 2394 Horatius
1025 2327 1129 2386 frustra

93 2407 328 2482 57Tyrtaeum
343 2410 468 2470 Homero
483 2408 649 2488 subiungit?
681 2410 744 2470 Nec
763 2428 833 2470 sane
850 2408 999 2489 quisquam
1016 2419 1061 2469 est
1076 2420 1129 2470 tam

136 2492 238 2569 procul
254 2511 270 2552 a
286 2495 449 2570 cognitione
465 2512 564 2554 eorum
579 2504 721 2571 remotus,
743 2504 773 2555 ut
787 2512 844 2554 non
858 2495 981 2555 iudicem
996 2502 1077 2553 certe
1094 2512 1129 2553 ex

134 2575 310 2636 bibliotheca
331 2587 470 2655 sumptum
491 2578 649 2637 transferre
670 2580 698 2639 io
721 2578 811 2638 libros
835 2595 904 2638 suos
928 2571 1030 2657 possit.
1068 2576 1129 2637 Nec

136 2660 240 2736 ignoro
258 2662 344 2737 igitur
360 2679 432 2739 quos
448 2672 563 2724 transeo
579 2681 633 2722 nec
650 2665 747 2741 utique
765 2663 884 2736 damno,
903 2671 934 2722 ut
950 2663 996 2740 qui
1012 2662 1126 2722 dixerim

137 2762 204 2803 esse
220 2747 247 2803 in
263 2745 392 2804 omnihus
407 2746 535 2805 utilitatis
553 2746 669 2826 aliquid.
704 2746 764 2806 Sed
784 2746 819 2805 ad
838 2746 906 2806 illos
923 2747 978 2805 iam
991 2745 1127 2823 perlectis

94 2830 356 2907 ascensionisque
372 2829 480 2889 viribus
495 2839 690 2898 revertemur;
713 2829 790 2907 quod
812 2831 839 2889 in
861 2831 960 2891 coenis
975 2827 1125 2905 grandibus
1184 2861 1189 2877 ·

136 2929 226 2991 saepe
241 2914 371 2987 iacimus,
387 2924 510 2989 ut,.cum
525 2916 639 2992 optimis
655 2915 753 2973 satiati·
768 2914 1023 2988 sumum-varietas
1038 2921 1126 2971 tamen

136 2995 220 3054 nobis
240 3015 277 3056 ex
292 2997 441 3057 vilioribus
455 3007 537 3074 grata
553 2998 599 3057 sit.
639 2996 718 3057 'lunc
739 3006 769 3056 et
792 2998 950 3073 elegiam
973 2995 1086 3055 vacabit
1100 2998 1125 3054 in

135 3096 233 3138 manns
255 3095 385 3156 sumere,
410 3083 489 3142 cuius
505 3084 641 3160 princeps
657 3081 778 3141 habetor
799 3078 1059 3154 Callimachus,
1084 3097 1124 3138 se·

94 3162 245 3228 socrmdas
269 3165 453 3225 consessione
475 3165 659 3242 plurimorum
681 3164 848 3238 Philetas
873 3165 1036 3242 occupavit.
1072 3161 1124 3223 Sed

138 3245 204 3305 dum
227 3252 408 3325 assequimur
431 3248 509 3310 illarn
525 3249 648 3323 firmam,
672 3258 703 3308 ut
720 3249 794 3324 dixi,
815 3247 998 3324 facilitatem,
1018 3248 1124 3325 optimis

138 3331 362 3390 assuescendum
386 3342 431 3392 est
451 3342 480 3392 et
500 3333 588 3398 multa
609 3334 700 3409 magis
761 3349 805 3390 am
829 3332 981 3392 maltorum
1006 3330 1124 3390 lectione

138 3412 284 3475 formanda
300 3433 379 3475 mens
396 3425 425 3476 et
440 3415 586 3476 ducendus
604 3416 696 3476 color.
721 3349 830 3493 (linque
846 3414 988 3476 extribus
1005 3412 1124 3493 receptis

197 3564 358 3841 J
