2434 3925
439 671 618 740 LIBER
645 674 722 741 VII.

76 847 156 900 Libro
179 849 287 914 septimo
308 847 371 897 haee
393 848 562 899 continentur:
585 847 623 896 De
645 841 834 911 dispositione.'
864 846 901 896 De
923 850 1075 899 coniectura.

113 917 151 968 De
165 918 286 967 finitione.
327 918 364 965 De
379 916 505 979 qualitate.
550 917 587 965 Dc
603 915 743 965 iuridiciali
762 915 891 976 qualitate.
927 916 965 966 De
982 919 1077 983 scripto

115 995 140 1036 et
155 987 290 1036 voluntate.
327 984 363 1034 De
378 985 477 1049 legibus
497 986 639 1037 contrariis.
672 985 709 1033 De
727 983 885 1048 syllogismo.
915 985 953 1034 De
969 987 1078 1052 Amphi-

113 1054 190 1109 bolia.
222 1057 259 1106 De
274 1055 460 1121 praedictorum
478 1061 587 1104 statuum
605 1054 763 1118 cognatione.
791 1053 828 1102 De
845 1055 872 1102 vi
890 1054 1075 1119 dispositionis.

432 1194 475 1243 DE
492 1189 725 1244 DISPOSITIONlt‘.

164 1280 404 1371 Prooemium.
437 1304 482 1364 De
493 1307 669 1381 inventione,
687 1314 717 1364 ut
733 1303 867 1379 arbitror,
888 1307 958 1364 satis
973 1307 1078 1366 dictum

77 1398 135 1451 est.
170 1391 273 1466 Neque
288 1390 362 1447 enim
382 1406 417 1448 ea
437 1390 567 1466 deinum,
589 1408 664 1468 quae
687 1389 723 1449 ad
744 1390 906 1449 decendunt
922 1391 1077 1468 pertinent,

78 1478 197 1536 executi
228 1491 323 1531 sumus
348 1491 448 1531 verum
475 1475 560 1534 etiarn
583 1484 676 1533 motus
702 1476 858 1533 animorum
884 1476 1075 1534 tractavimus.

77 1559 140 1619 Sed
155 1569 183 1617 ut
199 1574 288 1634 opera
305 1556 501 1616 extruentibus
520 1560 589 1617 satis
605 1575 662 1617 non
678 1566 733 1633 est,
749 1574 819 1617 saxa
831 1567 918 1634 atque
932 1561 1079 1618 materiam

76 1650 110 1702 et
132 1652 229 1702 cetera
251 1641 411 1700 aedificanti
439 1641 520 1700 utilia
543 1659 722 1718 congerere,
751 1643 806 1699 nisi
828 1641 1013 1718 disponendis
1036 1643 1079 1700 eis

77 1724 318 1802 collocandisque
340 1725 490 1783 artificium
515 1743 614 1784 manus
637 1724 821 1785 adhibeatur:
844 1726 934 1783 sicin
955 1726 1078 1785 dicendo

76 1810 237 1886 quamlibet
252 1809 398 1868 abundans
414 1826 509 1867 rerum
526 1812 612 1887 copia
628 1809 769 1868 cumulum
789 1816 896 1867 tanturn
918 1808 1022 1868 habeat
1038 1819 1079 1868 at-

76 1911 136 1972 que
153 1901 337 1971 congestum,
357 1894 411 1951 nisi
426 1893 492 1952 illas
506 1893 607 1952 eadem
630 1893 832 1971 dispositio
848 1894 877 1950 iu
893 1892 1021 1951 ordinem
1038 1893 1078 1951 di-

76 1987 179 2055 gestas
201 1988 288 2055 atque
307 1980 382 2036 inter
404 1995 437 2036 se
459 1980 626 2036 commissas
642 1978 813 2038 devinxerit.
851 1975 915 2035 Neo
936 1979 1107 2042 immeritos

75 2063 207 2141 secunda
223 2064 348 2139 quinque
364 2064 484 2139 partium
499 2063 593 2139 posita
609 2072 671 2137 est,
696 2079 759 2120 curn
779 2062 841 2119 sine
857 2078 892 2119 ea
906 2062 987 2138 prior
1007 2061 1077 2138 nihil

74 2146 185 2205 valeat.
217 2145 321 2222 Neque
336 2149 409 2204 enim
424 2163 583 2223 quanquam
599 2144 670 2205 fusis
687 2144 816 2205 omnibus
833 2144 967 2204 membris
984 2153 1077 2204 statua

74 2232 125 2305 sit,
143 2232 196 2289 nisi
213 2229 386 2304 collocetur,
403 2238 432 2288 et
443 2231 467 2288 si
478 2248 562 2307 quarn
573 2232 601 2288 in
613 2230 783 2307 corporibus
799 2232 905 2288 nostris
918 2229 1077 2288 aliorumve

75 2314 241 2374 animalium
253 2323 364 2391 partem
378 2310 524 2392 permutes
543 2322 571 2373 et
585 2314 754 2389 transferas,
772 2313 841 2372 licet
856 2312 962 2373 habeat
978 2313 1078 2373 eadem

74 2399 183 2470 omnia,
203 2398 365 2476 prodigium
380 2400 417 2456 sit
434 2406 538 2456 tamen.
568 2397 605 2457 Et
618 2408 696 2457 artus
712 2401 797 2457 etiam
809 2398 914 2457 leviter
930 2399 997 2458 loco
1010 2399 1079 2456 moti

75 2481 217 2560 perdunt,
242 2498 299 2558 quo
315 2483 485 2558 viguerunt,
508 2499 604 2555 usum,
629 2491 658 2541 et
673 2481 777 2541 turbati
792 2484 939 2542 exercitus
954 2481 1008 2541 sihi
1023 2483 1078 2560 ipsi

75 2574 144 2625 sunt
159 2566 372 2644 impedimento.
411 2564 475 2623 Nec
490 2566 556 2624 mihi
571 2567 704 2626 videntur
726 2584 841 2642 errare,
863 2569 911 2644 qui
926 2568 1018 2644 ipsam
1033 2579 1109 2634 re·3

75 2667 141 2708 rurn
155 2658 283 2708 naturam
303 2659 381 2708 stare
397 2648 498 2708 ordine
515 2659 630 2727 putant,
653 2666 710 2728 quo
733 2650 855 2710 confuso
874 2651 1003 2729 peritura
1023 2652 1080 2709 sint

75 2733 182 2791 omnia.
222 2734 271 2792 Sic
302 2735 394 2792 oratio
416 2751 518 2792 carens
540 2733 595 2793 hac
618 2736 723 2793 virtute
748 2734 935 2794 tumultuetur
954 2751 1080 2792 necesse

76 2825 169 2876 estet
185 2819 247 2875 sine
262 2826 379 2875 rectore
394 2816 486 2876 lluitet
502 2834 558 2875 neo
574 2818 731 2878 cohaereat
750 2818 822 2894 sibi,
849 2819 936 2877 multa
953 2826 1079 2895 repetat,

74 2900 165 2960 multa
180 2910 317 2975 transeat,
333 2902 413 2961 velut
428 2909 514 2960 nocte
530 2903 558 2958 in
577 2904 683 2978 ignotis
697 2903 771 2962 locis
788 2920 904 2977 errans,
929 2919 985 2960 nee
997 2902 1078 2961 initio

73 3003 133 3043 neo
148 2985 204 3043 iine
220 2987 373 3063 proposito
390 3002 487 3043 casum
504 2987 600 3062 potius
616 3004 701 3064 quam
715 2987 865 3046 consilium
881 2994 1028 3064 sequatur.

163 3067 349 3149 Quapropter
363 3078 440 3128 totus
454 3069 501 3128 hic
512 3068 587 3127 liber
598 3073 706 3130 serviat
723 3070 986 3149 dispositioni,
1004 3082 1109 3147 quaet

74 3153 202 3231 quidem,
219 3156 244 3212 si
261 3163 341 3213 corta
355 3154 451 3231 aliqua
465 3154 512 3212 via
527 3154 600 3213 tradi
612 3157 640 3214 in
651 3172 750 3214 omnes
764 3154 899 3214 materias
914 3154 975 3214 ullo
991 3155 1078 3214 modo

31 3254 34 3259 ’
73 3246 190 3315 posset,
209 3246 338 3296 nontam
354 3238 454 3314 paucis
471 3238 653 3313 contigisset.
686 3239 745 3297 Sed
763 3255 828 3297 curn
844 3239 970 3298 infinitae
987 3239 1078 3298 litium

72 3320 188 3380 formae
205 3321 311 3380 tuerint
325 3322 497 3398 futuraeque
515 3322 586 3396 sint,
611 3332 640 3382 et
660 3330 703 3381 tot
718 3323 844 3382 saeculis
862 3323 941 3382 nulla
960 3333 1078 3400 reperta

73 3406 114 3464 sit
131 3422 234 3481 eausa,
252 3423 325 3484 quae
341 3415 422 3463 esset
436 3414 497 3464 tota
512 3405 596 3465 alteri
612 3406 727 3481 similis,
754 3409 848 3484 sapiat
864 3415 981 3485 oportet
996 3416 1079 3465 actor

74 3497 106 3548 et
120 3489 224 3565 vigilet
241 3499 272 3548 et
284 3491 416 3550 inveniat·
435 3498 467 3550 et
478 3490 587 3550 iudicet
606 3501 636 3551 et
658 3491 809 3552 eonsilium
824 3510 841 3552 a
856 3492 969 3633 selipso
985 3500 1075 3568 petat.

117 3594 147 3632 n.
167 3594 192 3632 r.
215 3594 328 3643 porum.
346 3579 379 3633 ll.
982 3597 987 3608 ·
