2434 3925
333 221 424 270 mur.
441 220 590 271 ounrou.
606 221 675 268 nm.
691 220 739 285 nr,
753 217 780 270 a.
985 206 1045 269 221

41 384 102 444 bus
118 374 269 458 congruat.
300 377 359 437 Sed
374 379 402 436 iu
419 375 484 453 ipso
499 375 580 434 vultu
598 375 749 452 plurimum
762 374 862 434 valent
877 377 971 451 oculi,
994 387 1090 454 perta

34 474 125 546 'quos
141 466 263 525 maxime
282 464 390 521 animus
408 460 530 534 eminet,
548 468 578 518 ut
594 460 665 517 citra
681 467 787 518 motum
800 476 916 537 quoque
933 469 962 519 et
977 462 1047 522 bilu-

42 554 135 611 ritate
153 550 313 608 enitescant
328 555 358 605 et
372 545 504 604 tristitiae
523 542 665 621 quoddam
685 542 812 602 nubilum
826 543 941 604 ducant.
974 544 1049 618 Quin

45 635 136 696 etiam
162 632 295 693 lacrimas
322 629 366 689 bis
392 636 492 687 natura
519 628 624 685 mentis
642 627 753 686 indices
779 627 873 703 dedit,
900 646 974 706 quae
1001 639 1050 690 aut

45 724 204 795 erumpunt
219 715 321 775 dolore
337 722 385 773 aut
399 711 507 771 laetitia
523 720 646 770 manant.
690 710 769 770 dlotu
784 728 858 770 vero
873 712 985 787 intenti,
1002 732 1048 772 re·

44 802 146 875 missi,
170 797 304 877 superbi,
325 798 416 872 torvi,
445 796 547 869 mites,
570 794 669 872 asperi
690 794 774 862 liunt;
800 814 893 874 quae,
916 805 946 855 ut
967 806 1048 856 actus

45 885 241 966 poposcerit,
265 882 418 958 fingentur.
460 878 555 955 Rigidi
569 896 642 938 vero
665 889 694 938 ct
709 881 835 953 extenti,
859 889 907 939 aut
922 880 1090 957 languidito

46 978 79 1029 et
94 976 268 1046 torpentes,
287 974 335 1025 aut
351 964 454 1024 lascivi
470 972 498 1022 et
514 961 654 1039 mobiles,
676 971 724 1023 aut
738 972 870 1024 natantes
883 973 912 1024 et
928 965 1048 1042 quadarn

44 1053 200 1130 voluptate
221 1049 338 1122 suffusi,
365 1056 413 1107 aut
435 1047 494 1106 limi
515 1055 563 1122 et,
589 1056 619 1106 ut
634 1049 678 1106 sic
701 1047 811 1124 dIcam,
836 1051 973 1124 venerei,
1000 1057 1049 1108 aut
1076 1050 1082 1061 ‘

45 1144 209 1216 poscentes
241 1133 349 1212 aliquid
376 1131 588 1210 pollicentesve
620 1148 763 1210 nunqnam
790 1150 875 1197 esse,
892 1132 1046 1192 debebunt.

46 1220 122 1280 Nam
143 1227 264 1297 opertos
288 1232 511 1294 compressosve
533 1231 586 1274 eos
607 1216 636 1274 in
657 1215 780 1275 dicendo
802 1219 866 1293 quis
887 1217 941 1276 uisi
962 1216 1047 1295 plane

46 1304 128 1364 rudis
149 1312 196 1363 aut
219 1301 322 1361 stultus
343 1299 472 1359 babeat?
499 1296 537 1357 Et
554 1299 590 1360 ud
611 1299 796 1359 haecomnia
819 1301 1006 1379 exprimenda
1021 1303 1089 1362 init

50 1387 200 1467 palpebris
217 1387 302 1445 etiam
319 1393 348 1443 et
362 1385 446 1460 genis
462 1391 508 1442 est
524 1384 667 1460 quoddam
683 1383 854 1443 deserviens
869 1386 905 1443 iis
921 1385 1048 1444 ministe-

47 1472 132 1531 rium.
167 1469 284 1546 Multum
306 1477 336 1527 et
353 1467 518 1545 superciliis
534 1469 638 1544 agitur.
670 1465 742 1526 Nam
761 1478 791 1528 et
807 1468 910 1528 oculos
926 1469 1090 1529 formamus

49 1555 230 1634 aliquatenus
246 1562 276 1612 et
290 1553 376 1612 fronti
392 1553 542 1630 imperant.
567 1551 618 1611 His
634 1552 820 1628 contrahitur,
837 1552 986 1628 attollitur,
1001 1571 1047 1612 re·

49 1641 182 1706 mittitur;
199 1648 228 1697 et
242 1654 298 1713 una
312 1654 362 1695 res
377 1636 405 1694 in
420 1653 455 1694 ea
471 1635 536 1712 plus
550 1635 664 1711 valeat,
680 1637 798 1712 sanguis
813 1637 881 1711 ille,
902 1638 949 1714 qui
969 1655 1046 1696 men·
1072 1667 1074 1670 >

50 1723 89 1783 tis
104 1722 200 1783 babitu
218 1729 350 1780 movetur
365 1727 411 1795 et,
428 1737 492 1778 cum
507 1719 645 1778 iulirmam
659 1721 836 1780 verecundia
852 1730 946 1780 cutem
962 1739 1046 1781 acce·

50 1807 109 1886 pit,
125 1806 277 1866 effunditur
293 1806 321 1863 in
336 1803 489 1870 ruborem;
513 1820 577 1862 num
593 1811 672 1862 metu
686 1803 812 1881 refugit,
835 1804 893 1864 abit
908 1806 1000 1863 omnis
1018 1814 1048 1863 et

49 1889 163 1971 pallore
185 1889 332 1967 frigescit;
349 1896 527 1967 temperatus
541 1887 665 1947 medium
681 1888 824 1967 quoddam
840 1906 973 1948 serenum
985 1888 1046 1947 etu-

51 1976 100 2035 cit.
136 1974 241 2034 Vitium
261 1976 290 2032 in
313 1972 495 2050 superciliis,
520 1974 544 2032 si
568 1981 616 2032 aut
641 1974 756 2032 immota
779 1982 843 2032 sunt
863 1973 977 2033 omnino
999 1978 1088 2034 antiit

50 2060 165 2118 nimium
178 2057 294 2118 mobilia
310 2066 358 2116 aut
377 2056 557 2134 inaequalia,
582 2065 613 2115 ut
627 2057 713 2116 modo
732 2056 769 2115 de
786 2074 912 2136 persona
936 2058 1047 2117 comica

50 2143 194 2218 dixeram,
218 2142 357 2202 dissident
379 2150 426 2200 aut
443 2150 543 2200 contra
564 2140 615 2217 id,
634 2140 711 2218 quod
732 2140 868 2216 dicimus,
894 2142 1045 2219 linguntur.

49 2225 97 2287 Ira
108 2228 182 2286 enim
194 2226 361 2300 conuectis,
378 2227 491 2285 tristitia
504 2225 644 2299 deductis,
663 2224 791 2284 hilaritas
805 2227 934 2284 remissis
948 2233 1045 2285 osten·

51 2310 134 2370 ditur.
165 2309 316 2370 liuuuendi
339 2326 456 2387 quoque
473 2318 502 2369 et
515 2309 655 2368 renuendi
671 2310 782 2368 ratione
804 2312 984 2370 remittuntur
998 2317 1047 2369 aut

50 2395 219 2455 allevantur.
257 2393 382 2455 Naribus
404 2393 552 2471 labrisque
575 2410 632 2452 non
647 2392 711 2452 lere
733 2392 886 2471 quidquam
907 2394 1089 2457 decerneret

51 2478 242 2554 ostendimus,
260 2478 375 2537 tametsi
393 2477 507 2536 derisus
521 2478 566 2551 iis,
582 2486 780 2554 contemptus,
797 2478 941 2539 fastidium
957 2479 1043 2555 sigui·

51 2563 129 2623 ficari
147 2562 232 2624 solet.
263 2560 335 2621 Nam
351 2570 381 2620 et
395 2579 679 2636 correspondentes,
695 2571 725 2621 ut
740 2561 874 2622 Horatius
891 2565 939 2638 ait,
957 2572 986 2622 et
1003 2563 1043 2620 in·

51 2646 120 2706 liare
143 2656 172 2707 et
191 2663 310 2707 movere
332 2655 361 2705 ct
382 2645 473 2722 digito
491 2646 651 2723 inquietare
672 2654 702 2705 et
719 2646 804 2724 pulso
825 2646 920 2706 subito
942 2648 1043 2725 spiritu

52 2740 188 2791 excutere
213 2740 243 2790 et
259 2731 397 2791 diducere
421 2731 538 2805 saepius
561 2738 590 2789 et
611 2730 696 2807 plana
713 2748 796 2790 manu
812 2732 981 2809 resupinare
1002 2731 1043 2788 in·

50 2816 186 2876 decomm
202 2824 257 2891 est,
275 2833 339 2874 oum
355 2816 497 2874 emunctio
514 2816 600 2873 etiam
615 2814 794 2892 frequentior
809 2832 867 2874 nou
878 2816 940 2873 sine
957 2831 1043 2873 causa

49 2898 287 2977 reprehendatur.
325 2897 418 2959 Labra
439 2906 470 2956 et
485 2900 668 2975 porriguntur
688 2898 763 2958 male
781 2908 810 2958 et
832 2898 998 2957 scinduntur
1019 2907 1088 2961 etssl

49 2983 241 3059 astringuntur
262 2992 294 3042 et
314 2983 485 3043 diducuntur
508 2991 539 3041 et
557 2981 660 3042 dentes
685 2982 792 3042 nudant
815 2983 892 3041 etin
914 2982 988 3041 latus
1011 2999 1047 3041 ac

49 3084 143 3147 paene
158 3066 193 3125 ad
212 3084 309 3126 aurem
323 3066 471 3127 trahuntur
492 3074 522 3125 et
536 3068 615 3127 uelut
631 3067 753 3145 quodam
769 3066 886 3126 fastidio
901 3065 1046 3143 replican-

49 3162 94 3212 tur
110 3158 138 3209 et
152 3148 284 3227 pendent¹
296 3160 325 3210 et
338 3168 442 3210 vocem
459 3159 566 3210 tantum
581 3151 672 3210 altera
684 3158 768 3228 parte
784 3151 933 3209 dimittunt.
964 3147 1045 3209 Lum-

49 3236 120 3297 bere
136 3248 254 3310 quoque
269 3250 303 3292 ea
320 3244 348 3293 et
369 3235 504 3294 mordere
522 3234 653 3294 deforme
672 3243 733 3308 est,
757 3252 821 3293 cnm
836 3235 920 3294 etiam
938 3234 966 3292 in
982 3234 1045 3292 elli·

48 3317 158 3380 ciendis
178 3314 279 3374 verbis
293 3318 423 3377 modicus
445 3335 545 3377 eorum
561 3335 629 3377 esse
645 3317 752 3377 debeat
769 3327 877 3385 motus:
900 3335 953 3377 ore
970 3317 1044 3376 enim

48 3402 240 3479 magisquam
255 3398 344 3457 labris
359 3399 534 3479 loquendum
549 3411 602 3461 est.
634 3399 787 3461 Cervicem
802 3412 910 3463 rectam
928 3408 1044 3480 oportet
1051 3406 1086 3460 et

49 3505 132 3561 esse,
150 3498 208 3542 non
222 3482 343 3560 rigidam
359 3493 407 3544 aut
421 3487 561 3564 supinam.
593 3483 707 3545 Collum
723 3485 837 3547 diversa
855 3486 969 3565 quidem
990 3482 1043 3544 sed
