2434 3925
348 228 784 298 mer.0nnn0n.nre.1x‚2.
1023 224 1064 285 et

65 385 146 446 modi
161 385 303 465 exemplis
319 385 406 464 piena
421 392 486 444 sunt
503 384 613 459 omnia,
636 386 689 445 sed
711 403 796 445 unum
815 387 927 448 interim
942 390 1064 453 sufficit:

35 534 37 543 ,
64 467 231 548 Equidem,
247 470 329 549 qaod
343 469 388 530 ad
401 488 449 529 me
463 471 579 544 adimet,
595 484 655 546 quo
668 489 716 530 me
727 481 855 548 vertam,
866 475 978 538 nescio.
1002 474 1065 538 Ne-

63 574 136 634 pam
147 554 244 632 faisse
260 555 420 632 infamiam
430 554 540 613 iudicii
551 555 691 631 corrupti
706 564 735 613 et
757 564 865 615 cetera.
902 555 966 618 Hoc
982 562 1108 626 etiamne

64 639 97 698 in
113 641 299 717 praeteritum
314 635 405 712 valet,
420 654 486 695 nam
501 646 530 695 et
548 636 696 696 dubitasse
712 655 765 697 nos
781 639 922 716 fingimus.

152 721 179 780 Α
204 739 262 801 quo
287 722 435 781 schemate
460 738 518 779 non
543 721 647 799 procul
675 721 758 782 abest
776 722 842 799 iila,
868 742 942 802 quae
963 726 1067 788 dieitur

66 807 377 880 communicatio,
405 823 469 864 cnm
496 813 543 864 aut
569 806 651 885 ipsos
673 806 856 868 adversarios
879 811 1065 888 consulimus,

64 898 98 948 nt
114 888 256 949 Domitius
273 890 346 949 Afer
360 906 415 967 pro
430 888 593 950 Domitilia:
608 887 715 951 Nescit
729 892 867 970 trepida,
886 896 961 970 quid
975 897 1067 957 liceat

64 974 209 1050 seraone,
224 976 300 1052 qaid
315 975 472 1052 coniapem
487 973 615 1044 doceam·
632 975 713 1053 forte
733 993 787 1036 aas
806 978 838 1036 in
853 977 909 1037 illa
923 981 1065 1041 solticitu-

65 1060 140 1119 dine
154 1060 257 1119 adaias
271 1077 365 1119 casas
380 1060 512 1119 miserae
527 1059 785 1130 mulieriodiatim·
800 1068 847 1136 ta,
865 1060 983 1139 frater,
1000 1082 1064 1138 aas,

63 1144 189 1222 patema
206 1144 314 1218 amici,
340 1143 423 1220 quad
444 1144 601 1203 emmitium
630 1145 732 1205 datie?
760 1153 808 1203 aut
833 1162 897 1204 cum
923 1147 1064 1207 iudicibus
1072 1164 1105 1216 21

65 1227 149 1306 quasi
161 1225 364 1302 deliberamus,
374 1226 451 1305 quod
465 1235 509 1285 est
520 1224 798 1305 frequentissimum:
812 1226 895 1302 oceo
905 1233 1064 1292 suadetis?

65 1320 97 1370 et
120 1308 179 1372 Vos
197 1313 371 1389 interropa,
402 1312 478 1388 quid
503 1313 627 1373 tandem
653 1312 723 1390 fieri
745 1315 951 1390 oporteatne
974 1313 1063 1376 Cato:

66 1393 168 1472 Cedo,
194 1398 222 1456 si
235 1414 290 1457 aas
304 1397 338 1456 ia
356 1413 391 1456 ea
406 1396 473 1455 leco
489 1397 611 1473 essetis,
634 1399 710 1473 quid
723 1398 812 1477 atiud
822 1398 996 1476 fecissetis?
1027 1398 1066 1460 Et

65 1477 150 1538 alibi:
179 1477 371 1541 Communem
390 1499 455 1540 rem
470 1482 524 1557 api
541 1488 677 1560 putatote
695 1501 736 1543 ac
756 1500 811 1543 cos
825 1483 896 1544 duic
911 1486 958 1544 rei
969 1503 1065 1563 prae-

63 1564 180 1643 positos
199 1583 276 1625 esee.
312 1562 371 1624 Sed
388 1580 589 1641 nonnunquam
605 1566 848 1625 communicantes
863 1566 970 1645 aliquid
985 1571 1107 1637 inex-92

65 1655 212 1726 pectetum
234 1647 450 1724 subiungimus,
482 1648 559 1724 quod
581 1656 611 1706 et
631 1665 686 1726 per
707 1667 741 1707 se
764 1649 882 1710 schema
902 1659 962 1711 est:
983 1662 1013 1711 ut
1035 1653 1064 1711 in

63 1729 187 1790 Verrem
203 1730 325 1807 Cicero,
343 1729 575 1805 ouranense?
596 1733 672 1808 qaid
693 1736 842 1794 censetis?
863 1734 980 1812 fartam
997 1737 1064 1815 fcr-
1122 1776 1131 1787 x

64 1823 148 1876 tasse
168 1825 221 1877 aui
234 1818 389 1895 praedam
410 1816 567 1891 aliquam?
591 1814 714 1891 Deinde,
728 1835 791 1875 cum
807 1817 853 1879 diu
865 1820 1066 1897 suspendisset

62 1897 189 1958 iudicum
206 1902 326 1976 animos,
344 1900 484 1976 subiecit,
504 1898 580 1978 quod
595 1899 685 1959 multo
704 1909 784 1959 esset
801 1902 968 1981 improbius.
1001 1902 1065 1963 Hoc

65 1980 171 2043 Celsus
196 1987 514 2044 sustentationem
535 1993 632 2045 vocat.
671 1983 725 2044 Est
750 1993 844 2046 autem
860 1986 984 2065 duplex;
1001 2002 1106 2057 names

64 2076 166 2128 contra
182 2068 366 2148 frequenter,
395 2071 458 2131 oum
482 2070 716 2148 expectationem
738 2071 972 2146 gravissimorum
992 2072 1063 2132 ieci-

62 2169 145 2229 mus,
164 2154 200 2215 ad
214 2156 338 2234 aliquid,
366 2155 443 2233 quod
460 2156 497 2213 sit
519 2154 585 2214 leve
607 2164 656 2215 ant
670 2153 750 2213 nulio
766 2155 851 2214 modo
870 2156 1062 2231 criminosum,

64 2238 275 2299 descendimus.
298 2241 357 2300 Sed
375 2240 441 2318 quia
453 2255 510 2297 non
522 2248 628 2298 tantum
640 2256 694 2318 per
706 2240 989 2299 communicationem
1000 2240 1064 2299 fieri

62 2322 157 2383 solet:
172 2318 341 2404 παράδοξον
356 2324 403 2383 alii
419 2324 597 2382 nominarunt
612 2323 640 2383 id
659 2332 704 2382 est
718 2324 902 2401 inopinatum.
931 2323 992 2384 iliis
1007 2338 1107 2392 nonan

62 2408 186 2483 accedo,
204 2411 252 2486 qui
268 2409 385 2467 schema
398 2425 465 2466 esse
479 2409 641 2467 existimant
658 2409 793 2482 etiamsi
813 2408 975 2486 quidnobis
992 2409 1064 2487 ipsis

63 2490 192 2551 dieamus
216 2495 432 2570 inexpectatum
449 2491 607 2552 aeoidisse:
629 2501 661 2552 ut
679 2491 791 2568 Pollio,
815 2491 979 2571 Nunquam
995 2494 1064 2572 fore

63 2576 406 2652 montemmaranum
429 2593 482 2637 reo
503 2574 642 2650 Scauro,
658 2596 698 2638 ne
720 2578 795 2655 qaid
812 2578 845 2639 ia
865 2580 932 2638 aas
949 2577 1064 2638 iudicio

61 2662 168 2738 pratia
182 2662 308 2736 caleret,
324 2679 487 2739 precarer.
526 2659 621 2720 Paene
636 2662 712 2721 idem
733 2662 799 2721 ions
815 2670 860 2721 est
873 2661 962 2736 iliius,
979 2672 1105 2738 quamas

63 2746 354 2822 permissionem
376 2754 499 2819 vocant,
519 2746 566 2822 qui
589 2747 864 2821 communicationis,
886 2744 1064 2819 camelique
1164 2815 1167 2821 Ι

61 2828 136 2905 ipsis
165 2829 306 2889 iudicibus
333 2828 520 2905 relinquimus
546 2828 721 2888 aestimanda
748 2830 844 2907 aliqua
864 2843 1064 2903 nonnunquam

62 2911 238 2971 adversariis
257 2930 388 2990 quoque:
404 2921 435 2971 ut
453 2911 559 2971 Caivus
574 2912 701 2989 Vatinio,
723 2912 866 2991 Perfrica
883 2912 1014 2990 frontem
1033 2916 1064 2974 et

62 2996 116 3057 dic
131 3004 159 3056 te
175 2998 353 3075 imputarem,
371 2998 422 3074 qai
436 2996 679 3075 praeterieras,
698 3012 788 3075 qnam
806 2994 958 3058 Catonern.

148 3079 231 3153 Quae
265 3098 338 3139 vero
374 3090 440 3139 sunt
469 3080 609 3156 augendis
645 3079 796 3141 affectibus
828 3077 1105 3149 accommodataene

64 3163 187 3240 figurae,
206 3174 339 3224 constant
353 3165 476 3223 maxime
500 3164 751 3223 simulatione.
787 3162 916 3241 Namque
932 3172 962 3222 et
976 3164 1064 3223 irasci

62 3256 117 3306 nos
139 3257 169 3307 et
183 3248 312 3325 gaudere
338 3258 367 3308 et
382 3250 484 3308 timere
509 3258 539 3307 et
560 3247 692 3307 admirari
713 3255 742 3306 et
761 3247 863 3307 dolere
879 3256 908 3306 et
922 3247 1063 3324 indignari

62 3339 93 3390 et
118 3339 237 3409 optare,
260 3340 481 3411 quaequesunt
500 3332 601 3391 similia
624 3331 684 3407 his,
710 3330 850 3408 fingimus.
894 3329 977 3390 Unde
998 3338 1064 3390 sunt

61 3414 129 3474 ilia:
151 3413 316 3478 Liberatus
334 3429 419 3477 sam:
443 3418 600 3495 respiravi
604 3438 619 3484 ,·
640 3424 669 3473 et
689 3412 772 3475 Bene
793 3417 900 3486 tabet·
921 3423 950 3474 et
976 3413 1064 3489 Quae

62 3501 197 3560 amentia
212 3508 257 3561 est
271 3501 370 3561 daec?
405 3498 431 3562 0
450 3509 602 3580 tempora,
626 3518 644 3562 o
663 3502 778 3563 mores!
797 3508 827 3561 et
840 3497 985 3642 diis7erum
999 3497 1064 3561 mei

106 3602 138 3641 u.
149 3604 173 3641 s.
187 3604 299 3653 curura.
311 3588 346 3644 11.
