2434 3925
352 186 356 199 ’
377 218 468 267 mon.
489 217 638 267 ounron.
659 219 728 265 cm.
745 218 839 284 x1,1.
1037 209 1093 271 197

15 413 32 453 ·,
100 383 200 438 natura
224 392 323 453 param
350 375 486 451 speciosa
510 389 642 450 quaeque
662 389 719 432 uon
744 373 858 448 dicere,
886 362 911 433 si
934 373 1098 435 utrumlibet

21 450 31 505 ⁵·
99 467 181 520 esset
195 458 332 533 liberum,
352 457 566 531 maluissemus,
589 465 757 516 nontamen
779 459 834 515 siut
849 458 985 518 indecora
1001 458 1097 518 dicen-

17 588 19 595 ,
98 543 186 603 tibus.
217 541 291 616 Quid
306 543 484 619 asperiorem
500 540 609 600 habere
627 541 749 600 iroutem
764 549 861 619 potest
877 549 924 600 aut
936 541 1002 618 quid
1014 559 1098 603 aures
1105 555 1139 609 61

15 618 33 715 ᾗ,
99 626 245 687 hominum
259 627 351 702 magis
367 633 515 703 respuunt,
534 641 618 701 quam
634 633 757 684 comest
773 624 832 683 lilio
848 624 935 683 liliive
951 625 1098 688 advocatis

21 710 31 729 ’“
98 713 129 771 ln
144 719 262 770 matrem
279 706 491 787 perorandum?
518 707 682 785 Aliquando
698 717 792 768 tamen
808 726 932 767 necesse
947 717 1003 785 est,
1018 719 1049 769 nt
1069 714 1098 771 in

9 791 11 806 ¹
101 812 190 855 causa
205 792 328 854 Cluentii
344 791 450 852 Habiti.
488 792 547 851 Sed
561 809 619 851 non
633 811 748 871 semper
768 792 817 853 illa
840 793 902 867 via,
928 804 1099 869 quocontra

19 922 21 931 ,
100 878 212 939 Sasiam
232 875 336 937 Cicero
356 895 426 936 osus
449 885 508 944 est;
530 893 588 935 non
611 878 677 961 qnia
700 893 757 939 uon
771 875 820 935 ille
836 877 943 953 optime
959 885 1018 951 est,
1030 929 1033 935 .
1045 878 1097 937 sed

14 1006 27 1023 ,,
101 963 168 1040 qnia
185 961 334 1040 plurimum
348 960 454 1035 refert,
474 977 530 1038 qua
546 961 574 1018 in
589 978 622 1019 re
640 970 669 1020 et
684 978 741 1039 quo
756 960 841 1019 modo
860 960 965 1019 laedat.
997 959 1140 1039 ltaqueoa

98 1045 160 1121 illa,
175 1064 239 1106 cum
254 1045 304 1105 lilii
319 1053 405 1122 caput
419 1043 513 1123 palam
524 1045 714 1121 impugnaret,
731 1045 843 1104 lortiter
854 1043 907 1104 luit
917 1043 1097 1122 repellenda.

2 1157 25 1192 ι·
99 1128 166 1189 Duo
188 1137 298 1204 tamen,
325 1146 399 1206 quae
420 1126 484 1187 sola
507 1137 694 1206 supererant,
717 1129 812 1188 divine
834 1126 938 1187 Cicero
961 1131 1097 1189 serravit.

99 1214 240 1287 Primum,
265 1231 301 1272 ue
319 1212 542 1272 oblivisceretur
556 1214 754 1289 reverentiae,
777 1230 851 1290 quae
867 1212 1033 1289 parentibus
1049 1212 1098 1271 de·

98 1295 197 1365 betur;
214 1297 317 1358 deinde
334 1305 374 1373 nt,
390 1297 523 1373 repetitis
538 1294 623 1355 altius
639 1299 749 1370 causis,
766 1296 984 1372 diligentissime
1002 1304 1098 1356 osten·

12 1414 14 1423 ι
100 1381 194 1456 deret,
211 1397 295 1458 quam
310 1380 354 1454 id,
373 1380 528 1458 quoderat
544 1381 572 1438 in
587 1389 706 1440 matrem
723 1380 860 1455 dicturus,
876 1396 933 1438 nou
948 1390 1099 1458 oporteret

99 1465 186 1524 modo
202 1465 265 1524 lieri
280 1465 332 1525 sed
349 1466 434 1523 etiam
449 1481 574 1523 necesse
590 1472 679 1523 esset.
702 1463 851 1541 Primaque
867 1463 939 1523 haec
954 1466 1140 1542 expositiofia

100 1549 169 1623 luit,
195 1565 355 1626 quanquam
375 1548 410 1607 ad
426 1556 609 1624 praesentem
627 1549 824 1625 quaestionem
839 1547 908 1607 nihil
926 1547 1097 1626 pertinebat

0 1644 3 1657 *
102 1631 186 1691 Adeo
207 1634 235 1691 in
259 1649 346 1691 causa
367 1630 478 1692 diflicili
493 1640 579 1709 atque
595 1630 736 1709 perplexa
751 1631 820 1691 nibil
841 1633 919 1710 prius
935 1633 1099 1692 intuendum

4 1720 5 1723 ’
101 1716 239 1790 credidit,
262 1733 344 1793 qnam
365 1714 432 1793 quid
453 1714 582 1775 deceret.
619 1713 702 1775 Fecit
720 1716 816 1793 itaque
843 1732 946 1774 nomen
972 1719 1099 1793 parentis

3 1798 16 1864 ’,
101 1816 158 1860 non
174 1799 233 1858 lilio
249 1800 434 1874 inuidiosum,
454 1799 507 1859 sed
523 1800 594 1877 ipsi,
611 1798 639 1857 iu
655 1817 737 1878 qnam
753 1798 909 1858 dicebatur.
944 1799 1043 1858 Potest
1058 1801 1141 1865 ιιι-’64

1 1904 4 1915 ’
101 1902 167 1943 men
178 1884 330 1961 aliqnando
345 1892 436 1943 mater
452 1891 481 1941 et
494 1884 522 1942 in
537 1901 569 1942 re
585 1882 697 1942 leviore
713 1885 863 1942 autminus
878 1882 983 1942 infeste
999 1893 1098 1943 contra

0 1969 13 1995 ¹·
101 1968 189 2028 lilium
213 1977 305 2033 staret,
334 1977 392 2027 tnm
418 1967 511 2027 lenior
536 1977 622 2044 atque
648 1968 826 2027 summissior
851 1968 966 2027 decebit
994 1970 1097 2028 oratio.

11 2127 14 2134 Ι
100 2050 174 2112 Nam
201 2060 230 2111 et
257 2051 462 2111 satisfaciendo
489 2060 537 2111 aut
564 2060 690 2111 nostram
715 2054 872 2111 minuemus
896 2051 1029 2112 invidiam
1051 2061 1100 2111 aut

5 2176 7 2190 .
101 2138 186 2195 etiam
206 2137 235 2195 in
256 2136 400 2195 diversum
422 2151 486 2195 eam
507 2135 726 2205 transieremns;
752 2144 782 2194 et
804 2137 828 2194 si
849 2137 977 2212 grauiter
997 2135 1098 2196 dolere

101 2219 190 2280 lilium
212 2219 303 2297 palam
323 2218 424 2278 luerit:
455 2219 591 2279 credetur
611 2218 716 2279 abesse
741 2219 776 2279 ab
802 2236 838 2278 eo
860 2220 972 2297 culpam
991 2219 1098 2297 lictque

101 2303 179 2363 ultro
195 2302 378 2365 miserabilis.
408 2302 551 2362 Avertere
569 2319 685 2381 quoqne
702 2305 731 2363 in
745 2303 818 2362 alios
834 2306 941 2362 crimen
956 2303 1052 2379 decet,
1069 2312 1140 2367 nt65

100 2387 203 2447 irande
223 2385 381 2464 aliquorum
403 2387 516 2447 concita
536 2386 686 2462 credatur,
709 2396 752 2463 et,
774 2389 866 2447 omnia
881 2404 934 2446 uos
949 2404 1098 2465 passuros,

8 2465 11 2506 ³
99 2471 171 2531 nibil
189 2488 294 2549 aspere
315 2471 459 2546 dicturos,
484 2471 661 2546 testandum,
685 2480 730 2547 nt,
747 2472 930 2531 etiamsinon
947 2488 1100 2550 possumus

101 2556 273 2630 conviciari,
290 2554 370 2614 nolle
385 2555 541 2615 videamur.
575 2553 685 2629 Etiam,
707 2555 813 2634 siquid
829 2554 1019 2616 obiiciendum
1035 2556 1099 2628 erit,

101 2638 228 2698 officinm
242 2647 287 2698 est
302 2639 433 2716 patroni,
448 2647 480 2698 nt
494 2638 522 2698 id
540 2638 599 2698 lilio
615 2640 703 2698 inuito
719 2640 772 2699 sed
789 2640 845 2699 lide
861 2647 985 2716 cogente
1000 2639 1101 2697 lacere

102 2721 245 2782 credatur.
277 2721 319 2782 lta
338 2723 445 2800 poterit
470 2731 592 2800 uterque
614 2722 732 2783 laudari.
764 2722 848 2796 Quod
869 2724 905 2783 de
925 2731 1015 2781 matre
1031 2722 1099 2796 dixi,
1147 2725 1154 2740 ‘

8 2801 10 2810 ’
101 2805 139 2866 de
154 2815 277 2884 utroque
294 2815 413 2884 parente
429 2808 628 2884 accipiendum
643 2815 698 2865 est.
727 2805 798 2866 Nam
814 2808 887 2865 inter
903 2815 1001 2884 patres
1016 2808 1101 2864 etiam

101 2889 254 2968 filiosque,
277 2908 340 2949 cum
362 2891 565 2950 intervenisset
580 2891 787 2967 emancipatio,
811 2889 951 2966 litigatum
967 2889 1039 2948 scio.
1069 2888 1142 2949 intio

5 2971 9 3026 l
101 2973 166 3033 aliis
188 2990 304 3051 quoqne
326 2973 587 3053 propinquitatibus
609 2973 826 3033 custodiendum
848 2980 909 3047 est,
932 2982 963 3032 ut
977 2974 1057 3034 inviti
1072 2983 1101 3033 et

99 3060 269 3118 necessario
286 3066 315 3116 et
331 3076 420 3135 parce
442 3058 600 3117 iudicemur
617 3057 740 3124 dixisse3
763 3057 854 3133 magis
866 3064 969 3116 autem
989 3065 1037 3117 aut
1050 3060 1100 3117 mi·

99 3160 172 3217 nus,
200 3150 232 3200 ut
258 3142 361 3219 cuique
388 3158 533 3220 personae
558 3140 680 3201 debetur
699 3142 872 3200 reverentia.
915 3138 1025 3200 Eadem
1047 3158 1111 3219 pro,

100 3225 214 3288 libertis
239 3225 379 3284 adversus
403 3235 543 3304 patronos
563 3224 756 3284 obseruantia.
792 3223 830 3283 Et
853 3233 883 3284 nt
906 3225 1004 3285 semel·
1018 3224 1101 3303 plura

101 3307 297 3386 complectar,
319 3325 461 3387 nunquam
480 3308 596 3371 decebit
614 3310 657 3368 sic
679 3308 818 3370 aduersus
839 3309 914 3369 tales
930 3327 1019 3385 agere
1034 3326 1100 3386 per·

102 3409 206 3466 sonas,
233 3393 377 3470 quomodo
406 3400 505 3454 contra
530 3409 584 3452 nos
609 3393 656 3469 agi
678 3392 714 3452 ab
739 3393 899 3453 bominibus
926 3393 1101 3453 condicionis

104 3475 233 3538 eiusdem
252 3477 349 3555 iniquo
370 3478 464 3537 animo
488 3478 675 3538 tulissemus.v
692 3476 857 3537 Praestatur
879 3477 936 3537 lroc
949 3475 1101 3555 aliquando
1109 3482 1142 3537 ot
