2434 3925
357 199 446 248 1nsu.
465 196 796 265 caenomanni.
1036 188 1075 256 95,

68 357 139 417 tior
161 354 192 414 iit
208 352 358 432 probatio,
385 353 462 432 quod
481 355 572 432 primo
593 353 661 413 loco
682 353 838 432 posuimus.
877 351 1007 431 Simplex
1033 361 1106 419 estu

71 442 125 499 sic
140 455 262 514 rogare:

151 520 217 582 Sed
230 540 285 583 cos
301 523 353 599 qui
367 522 511 581 tandem?
533 521 642 599 quibus
656 528 711 581 aut
724 521 849 580 venistis
865 521 905 580 ab
927 524 1011 582 oris?

73 606 248 682 Figuratum
264 614 375 678 autem,
398 607 607 682 quotiensnon
633 603 798 662 sciscitandi
819 604 912 680 gratia
927 607 1079 665 assumitur

77 689 137 749 sed
152 689 289 748 instandi:
312 686 394 760 Quid
414 691 492 749 enim
514 696 583 750 tuus
602 689 673 762 ille,
702 685 836 761 ll'nlrero,
864 689 1028 750 destrictus
1047 693 1080 750 in

75 776 152 834 acie
177 771 360 834 Plias-selice
380 773 504 850 eladius
528 772 661 851 ayebat?
693 781 737 845 et,
767 768 931 848 Quousque
956 773 1079 834 tandem

75 857 220 931 abutere,
238 854 380 930 Catilina,
395 857 543 933 patientia
557 856 684 918 nostra?
700 864 739 929 et,
757 853 867 914 Patere
883 863 936 915 tna
952 858 1080 941 consilio

75 958 143 1000 non
158 941 271 1000 sentis?
295 948 324 998 et
344 948 420 997 totus
436 939 559 1017 denique
578 940 625 999 hic
646 938 738 998 locus.
770 938 882 1011 Quanto
899 941 973 998 enim
988 934 1108 1016 ma‘gisfl

77 1022 174 1097 ardet,
191 1041 274 1100 qnam
290 1024 315 1081 si
331 1022 491 1082 diceretur:
516 1022 578 1083 Diu
594 1023 732 1084 aduleris
745 1024 896 1099 patientia
912 1031 1034 1099 nostru,
1051 1033 1081 1083 et

79 1103 192 1167 Patent
212 1112 265 1167 tua
280 1105 416 1166 consilia.
453 1104 667 1182 interrogamus
690 1108 791 1180 etiam,
812 1106 888 1183 quod
906 1110 1005 1182 negari
1023 1126 1081 1167 uon
1173 1148 1176 1157 ‚

79 1191 191 1268 possit:
220 1188 345 1251 Dinitne
365 1191 487 1250 tandem
504 1209 632 1251 causum
651 1186 684 1250 0.
701 1188 914 1251 Fidiculanius
929 1190 1080 1253 Falcula?

79 1282 130 1333 aut
147 1273 195 1333 ubi
210 1273 404 1351 respondendi
421 1273 546 1334 difficilis
562 1283 606 1332 est
621 1275 712 1348 ratio,
728 1283 759 1332 ut
775 1274 863 1350 vulgo
880 1275 919 1332 uti
940 1276 1078 1351 solemus,

81 1355 150 1429 Quo
164 1359 275 1418 niodo?
290 1358 343 1435 qni
363 1356 433 1434 fieri
443 1359 563 1436 potest?
593 1367 641 1417 aut
656 1357 779 1417 invidiae
800 1359 908 1433 gratia,
930 1368 961 1417 ut
975 1358 1079 1419 Medea

79 1441 158 1519 apud
174 1442 332 1516 Senecam,
357 1437 442 1514 Ortus
458 1443 523 1519 peti
544 1451 648 1503 terras
663 1443 771 1503 iubes?
803 1451 851 1501 aut
873 1442 1108 1519 miserationis,9

79 1534 112 1598 pt
128 1526 217 1584 Sinon
231 1526 306 1604 apud
320 1524 498 1601 VergIlium:

123 1607 190 1669 Heu
207 1627 285 1687 qnae
299 1629 346 1671 me
362 1611 459 1684 telins,
476 1611 583 1688 inquit,
600 1626 681 1686 qnae
697 1625 900 1686 meoequora
911 1617 1039 1689 possunt

123 1689 351 1771 Accipere?—

82 1784 131 1835 aut
150 1777 272 1836 instandi
293 1786 322 1836 et
337 1776 512 1836 auferendae
530 1776 781 1851 dissimulationis,
807 1785 837 1834 ut
860 1775 993 1835 Asinius:
1013 1773 1079 1837 Au·

81 1862 191 1921 disne?
203 1861 387 1939 furiosum,
375 1878 510 1938 inquam,
522 1880 582 1921 non
592 1859 794 1939 inofficiosum
805 1867 1014 1920 testamentum
1028 1879 1078 1920 re-

78 1945 305 2023 prehendimus
338 1943 507 2006 'lotumhoc
520 1944 637 2030 plenum
650 1944 868 2012 estuarietatis;
887 1952 993 2004 namet
1009 1945 1077 2005 indi-
1067 1955 1120 2009 -10

80 2029 210 2105 gnationi
225 2030 374 2088 convenit:

232 2149 275 2159 -
295 2110 334 2173 lit
348 2115 507 2191 qnisquam
522 2131 635 2173 namen
649 2110 776 2173 lunonis
795 2090 965 2172 adoret?

83 2204 112 2253 et
129 2196 320 2256 admirationi.

265 2314 307 2325 —
323 2277 404 2352 Quid
417 2299 478 2341 non
493 2282 634 2341 mortalia
647 2287 777 2359 pectora
794 2280 887 2357 copis,

265 2361 345 2425 Auri
358 2382 455 2425 secra
467 2364 586 2442 fames?
600 2397 643 2409 —-

83 2445 138 2505 Est
151 2448 263 2506 iuterim
279 2449 372 2509 acrius
391 2447 548 2525 imperandi
565 2466 675 2525 genus:
1087 2458 1121 2514 11

165 2527 232 2592 Non
246 2551 336 2593 arma
351 2533 514 2609 expedient
528 2540 649 2610 lotaque
664 2549 705 2592 ecc
717 2531 795 2591 urbe
811 2534 997 2610 sequentur?

84 2611 143 2671 Et
134 2614 189 2691 rpsi
204 2624 316 2674 uosmet
338 2632 487 2702 rogamus;
511 2616 597 2693 quale
620 2625 664 2675 est
685 2615 756 2675 iliud
772 2614 973 2676 Terentianum
998 2612 1081 2686 Quid

84 2697 173 2773 igitur
185 2698 323 2775 faciam?
356 2685 418 2757 Est
430 2699 526 2777 aliqua
543 2702 627 2759 etiam
642 2701 671 2758 in
693 2718 752 2758 res
764 2699 957 2776 pondendo
976 2698 1122 2774 figurali

86 2798 147 2838 cum
158 2780 257 2841 aliud
249 2784 437 2857 interroganti
452 2784 488 2842 ad
508 2784 602 2859 aliud,
629 2784 694 2862 quia
710 2786 754 2842 sic
769 2783 865 2841 utilius
883 2784 931 2856 sit,
950 2782 1078 2839 occurri·

85 2873 140 2931 tur;
162 2873 219 2924 tum
242 2867 365 2942 augendi
381 2867 505 2924 criminis
521 2869 630 2943 gratia,
657 2876 688 2926 ut
709 2868 818 2925 testis'
809 2885 837 2924 1n
851 2883 932 2924 reum
948 2873 1078 2940 rogatus,

84 2947 167 3006 anab
181 2965 234 3007 reo
256 2949 379 3009 fustibus
400 2949 585 3028 vapulasset,
611 2948 651 3011 Et
639 2953 819 3024 tinnoeens,
835 2949 938 3026 ioquin
955 2957 1014 3006 turn
1028 2948 1078 3008 de·

86 3032 220 3108 elinandi,
243 3034 319 3110 quod
340 3043 385 3092 est
408 3033 685 3110 frequentissimum:
704 3032 843 3107 Quaero,
868 3051 909 3092 an
926 3032 1080 3105 occideris

84 3116 252 3194 iondnem?
279 3116 492 3204 resppndetur,
522 3116 705 3186 Latronem;
732 3135 773 3177 an
792 3116 923 3195 fundum
942 3134 1078 3195 occupa-

84 3179 187 3260 derisi
214 3202 418 3279 respondetur,
435 3199 544 3262 Meum.
575 3202 613 3261 Ut
629 3201 842 3260 confessionem
858 3202 1016 3279 praecedat
1029 3201 1121 3263 dte-13

85 3283 189 3344 leusio:
205 3292 243 3346 ut
264 3284 339 3362 apud
353 3284 535 3362 Vergilium
527 3303 555 3344 m
574 3284 718 3345 Bucolicis
734 3282 851 3359 dicenti,

93 3423 96 3432 .
205 3364 274 3429 Non
289 3386 344 3447 epo
359 3377 387 3429 te
400 3371 465 3430 cidi
478 3367 636 3445 Damonis,
650 3369 792 3448 pessime,
810 3387 939 3476 cuprum

205 3448 362 3533 Excipere
376 3454 577 3515 insidiis?-
