2434 3925
138 174 200 238 268
248 251 250 255 .
459 189 495 235 u.
509 186 588 236 aas.
603 186 824 248 condumum

137 343 230 403 centis
251 343 392 402 severitas
413 341 511 417 adert,
527 342 623 420 ‘litque
643 340 794 402 ridiculum
815 342 845 403 id
859 342 968 420 ipsein,
991 341 1070 419 quod
1085 344 1138 420 qui

138 428 206 487 dicit
222 427 283 502 illa,
299 444 356 485 non
372 426 463 486 ridet:
479 434 634 485 esttamen
650 426 762 484 interim
778 435 807 484 et
822 434 960 504 aspectus
975 434 1004 484 et
1018 425 1136 485 habitus

96 511 198 575 tiaris
214 519 243 569 et
259 518 359 586 gestus
374 526 431 568 non
454 508 627 585 inurbanus,
645 527 712 568 ¹cum
733 511 768 568 iis
790 512 891 570 arodus
913 511 1061 586 confingit.
1101 509 1134 570 ld

137 611 236 672 porro,
254 594 330 672 quod
347 594 509 668 dicitur,
527 602 574 654 aut
590 601 634 652 est
650 592 787 652 lascivum
804 601 834 651 et
848 593 957 668 hilare,
981 593 1076 671 qualia
1094 592 1132 652 rb

136 677 247 738 Galbae
260 677 415 755 pleraque;
426 686 473 735 aut
486 676 735 751 contumeliosum,
749 676 1022 755 qualianuperlunii
1033 676 1131 741 Bassi:

136 771 184 822 aut
203 778 347 838 asperum,
370 761 466 838 qualia
484 757 577 819 Cassii
597 761 714 827 Severi;
733 769 780 821 aut
797 760 879 835 lene,
898 759 994 838 qualia
1013 759 1132 820 Domitii

136 845 210 904 Afri.
240 843 352 920 Refert,
369 843 413 905 his
429 843 477 903 ubi
493 846 556 920 quis
571 852 676 903 utatur.
699 843 770 903 Nam
785 846 814 903 in
826 843 1006 904 convictibus
1018 853 1047 903 et
1059 845 1130 904 coti·

94 929 219 993 aeliam
237 945 370 988 sermone
387 927 495 987 lasciva
510 927 674 1001 humilibus,
690 927 791 991 hilaria
802 927 931 987 omnibus
948 929 1129 988 convenient

135 1011 264 1083 laedere
281 1003 422 1089 nunquam
439 1011 571 1086 velimus,
588 1011 734 1089 longeque
755 1011 829 1071 absit
849 1013 1028 1089 propositum
1042 1011 1129 1071 illud:

135 1094 238 1157 Potius
252 1097 383 1156 amicum
398 1112 490 1172 quam
504 1097 617 1155 dictum
629 1097 764 1173 perdidi.
790 1095 823 1156 ln
837 1096 891 1156 hac
906 1095 1019 1174 quidem
1034 1113 1130 1173 pugna

134 1179 245 1239 forensi
260 1180 355 1239 malim
370 1179 437 1238 mihi
455 1178 566 1239 lenibus
582 1179 622 1237 uti
638 1179 744 1247 licere;
767 1197 966 1256 nonnunquam
985 1188 1015 1238 et
1030 1189 1128 1238 conto-

135 1263 258 1323 meliose
274 1273 303 1323 et
318 1281 423 1341 aspere
439 1262 537 1322 dicere
554 1263 583 1320 in
598 1262 784 1322 adversarios
799 1265 970 1340 permissum
986 1271 1046 1337 est,
1065 1280 1128 1322 cum

136 1365 277 1421 accusare
292 1347 377 1406 etiam
392 1345 487 1423 palam
503 1354 532 1405 et
548 1354 634 1424 eaput
651 1346 770 1406 alterius
791 1348 866 1406 iuste
890 1355 992 1424 petere
1008 1348 1127 1406 conces·

136 1449 198 1489 sum
214 1431 260 1488 sit.
297 1431 355 1491 Sed
379 1429 427 1490 lu'c
448 1447 564 1507 quoque
582 1438 677 1489 tannen
697 1430 846 1490 inhumana
867 1431 959 1490 videri
980 1430 1055 1489 solet
1069 1431 1127 1490 ior·

136 1515 412 1589 tunaeinsectatio,
441 1513 490 1572 vel
512 1513 589 1591 quod
614 1513 700 1592 culpa
721 1523 801 1574 caret
828 1514 877 1573 vel
898 1515 975 1592 quod
996 1515 1128 1574 recidere

137 1598 223 1657 etiam
238 1598 266 1656 in
282 1600 380 1675 ipsos,
403 1597 450 1676 qui
466 1597 651 1672 obiecerunt,
673 1607 781 1675 potest.
812 1598 934 1658 Primum
946 1601 1042 1676 itaque
1060 1616 1127 1658 con·

138 1681 318 1741 siderandum
334 1690 396 1756 est,
420 1689 450 1744 et
474 1683 538 1759 quis
556 1683 627 1740 etin
643 1700 698 1759 qua
715 1700 802 1742 eausa
818 1691 847 1741 et
862 1682 937 1759 apud
954 1684 1038 1760 qu'em
1055 1691 1083 1741 et
1100 1684 1128 1741 in

59 1827 62 1831 .
94 1774 223 1843 atquem
239 1775 267 1824 et
283 1765 350 1843 quid
365 1766 449 1826 dicat.
487 1763 601 1824 Oratori
624 1766 737 1825 minime
760 1767 895 1825 convenit
914 1766 1051 1825 distortus
1066 1765 1127 1824 rul-

136 1858 181 1908 tus
197 1859 367 1927 gestusque,
384 1866 458 1927 quae
474 1849 502 1907 in
518 1849 609 1907 mimis
627 1849 714 1908 rideri
730 1850 836 1908 solent.
869 1848 1021 1910 'Dicacitas
1043 1851 1128 1909 etiam

136 1935 266 1995 scurrilis
282 1942 311 1993 et
328 1935 445 1993 scenica
461 1931 528 1992 huic
542 1950 688 2011 personae
708 1934 881 1994 alienissima
897 1943 951 1994 est.
989 1932 1127 1993 Obsceni·

135 2028 179 2077 tas
200 2035 273 2089 tero
297 2035 355 2076 non
375 2036 391 2078 a
413 2015 511 2076 verbis
533 2026 640 2076 tantum
661 2017 766 2077 abesse
789 2018 876 2077 debet
891 2018 944 2077 sed
959 2020 1043 2077 etiam
1059 2036 1074 2078 a
1089 2019 1127 2077 si·

135 2101 330 2178 gnificatione.
366 2100 438 2161 Nam
460 2101 485 2159 si
505 2101 618 2177 quando
639 2101 726 2162 obiici
749 2110 862 2180 potest,
880 2120 938 2161 non
953 2104 981 2161 in
995 2103 1061 2161 ioco
1076 2120 1126 2162 ex·

48 2205 52 2220 ¹
93 2185 297 2262 soprobranda
314 2193 368 2244 est.
408 2183 559 2244 Oratorem
576 2195 730 2262 praeterea
752 2194 783 2244 ut
798 2186 896 2244 dicere
912 2186 1019 2246 urbane
1040 2185 1126 2245 volo:

135 2269 175 2327 ita
189 2270 282 2327 videri
298 2269 436 2329 affectare
453 2268 492 2343 id,
510 2269 596 2345 plane
613 2269 691 2328 nolo.
723 2269 959 2347 Quapropter'ne
977 2270 1053 2328 dicet
1066 2271 1127 2347 qai·

135 2351 200 2410 dem
216 2352 310 2427 salse,
327 2353 460 2429 quotiens
476 2354 598 2429 poterit,
616 2362 646 2411 et
663 2353 767 2413 dictum
782 2356 878 2431 potius
894 2353 1046 2430 aliquando
1061 2371 1127 2430 per·

90 2446 126 2502 31,
135 2435 184 2494 det
207 2453 292 2513 quarn
322 2437 429 2494 minuet
459 2438 667 2496 auctoritatem.
712 2437 775 2496 Nec
804 2447 1002 2496 accusatorem
1033 2445 1128 2496 autern

133 2520 227 2578 atroci
249 2520 277 2577 in
299 2537 402 2594 causa,
427 2535 482 2578 uec
501 2529 651 2597 patronum
674 2521 702 2578 in
724 2520 880 2580 miserabili
896 2523 1037 2581 iocantem
1051 2520 1128 2579 leret

135 2603 295 2679 quisquam.
338 2604 407 2662 Sunt
429 2605 514 2662 etiam
529 2604 639 2663 iudices
657 2604 770 2683 quidam
786 2606 928 2664 tristiores
947 2621 1030 2683 quam
1044 2613 1075 2662 ut
1088 2606 1127 2663 ri-

93 2697 196 2753 32sum
212 2686 336 2746 libenter
351 2688 503 2763 patiantur.
542 2688 626 2747 Solet
648 2688 762 2747 interim
777 2689 928 2762 accidere,
945 2698 975 2747 ut
993 2689 1031 2761 id,
1048 2688 1127 2765 qnod

134 2771 163 2828 in
179 2770 375 2830 adversarium
390 2771 525 2846 dicimus,
550 2780 598 2832 aut
620 2773 649 2829 in
663 2772 787 2831 iudicem
802 2774 955 2831 conveniat
970 2772 1060 2831 autin
1075 2788 1128 2831 no·

134 2863 224 2913 strum
240 2872 356 2932 quoque
371 2854 559 2931 litigatorem
583 2872 743 2933 quanquam
760 2857 847 2933 aliqui
865 2858 1061 2933 reperiuntur,
1079 2856 1129 2933 qui

134 2955 170 2995 ne
186 2938 215 2997 id
231 2939 361 3016 quidem,
382 2939 458 3015 quod
474 2939 502 2996 in
516 2939 596 3015 ipsos
614 2939 748 2998 recidere
763 2941 872 3016 possit,
895 2943 1011 2999 evitent.
1043 2938 1127 3011 Quod

134 3020 204 3079 fecit
221 3020 336 3098 Longus
353 3021 515 3100 Sulpicius,
530 3022 594 3100 qui,
614 3040 676 3082 cum
692 3025 755 3101 ipse
771 3023 956 3082 foedissimus
972 3030 1070 3096 esset,
1088 3024 1128 3083 ait

136 3121 211 3178 eum,
229 3115 328 3164 contra
345 3123 429 3182 quem
443 3106 547 3165 iudicio
564 3105 678 3165 liberali
704 3107 818 3179 aderat,
841 3125 878 3165 ne
891 3108 997 3166 faciem
1013 3106 1127 3183 quidem

135 3185 243 3246 habere
264 3183 348 3247 liberi
374 3189 514 3256 hominis:
539 3190 584 3248 cui
604 3191 786 3267 respondens
806 3190 946 3249 Domitius
968 3190 1056 3265 Afer,
1077 3186 1130 3249 Ec

135 3272 189 3345 toi,
205 3272 304 3349 inquit,
322 3274 416 3333 ammi
429 3275 595 3347 cententio,
610 3272 731 3351 botrye,
752 3276 804 3351 qoi
817 3276 930 3335 molam
942 3273 1056 3354 sociem
1069 3274 1127 3334 lto-

93 3356 192 3434 33dst,
207 3356 286 3416 liber
299 3375 359 3418 non
373 3357 440 3417 cst?
476 3356 628 3416 Vitandum
646 3358 742 3431 etiam,
758 3376 795 3417 ne
811 3357 956 3435 petulans,
972 3377 1009 3417 ne
1025 3360 1127 3435 super·

135 3439 211 3519 bum,
227 3458 264 3500 ne
281 3440 360 3516 loco,
380 3458 418 3499 ne
430 3448 562 3521 tempore
579 3441 713 3518 alienum,
729 3459 765 3503 ue
778 3452 980 3521 praeparatum
994 3451 1023 3501 et
1040 3441 1127 3501 domo
