2434 3925
309 213 800 283 uusn.01tsron.u1n.v‚13.14.
973 206 1033 267 241

42 386 90 440 est
117 376 168 437 illa
189 376 306 449 Scauri,
332 373 369 432 de
391 391 445 452 qua
469 391 556 451 supra
577 372 652 440 dixi3
675 373 745 451 quin·
761 375 862 433 nescio
890 391 926 433 an
951 375 1037 435 etiam

41 461 242 540 frequentior,
266 457 314 516 ubi
330 458 396 536 quid
411 466 542 534 negatur.
573 455 733 517 Videndum
749 459 906 536 praecipue
921 460 1036 538 utrique

40 546 135 625 parti,
157 543 206 602 ubi
229 543 266 600 sit
286 542 329 600 rei
350 559 466 600 summa.
514 540 587 600 Nam
606 541 670 600 lere
693 542 814 618 accidit,
836 543 916 600 utin
940 542 1036 603 causis

1 658 3 699 ς
40 629 132 688 multa
148 626 288 700 dicantur,
304 624 340 683 de
355 626 455 703 paucis
470 625 621 685 iudicetur.

127 710 161 770 ln
181 711 225 769 his
244 708 384 788 probandi
406 709 608 787 refutandique
629 709 702 768 ratio
724 717 785 782 est,
809 709 861 768 sed
879 709 1035 769 adiuvanda
1044 717 1079 773 56

40 794 153 856 viribus
169 795 290 853 dicentis
307 802 336 851 et
350 792 485 852 ornanda.
525 791 689 865 Quamlibet
710 794 783 851 enim
805 796 862 852 sint
884 793 918 851 ad
940 794 1036 853 dicen·

40 879 121 954 dum,
135 878 212 955 quod
228 877 370 952 volumus,
387 877 620 937 accommodata:
636 880 731 936 ieiuna
746 886 839 935 tamen
855 885 937 935 erunt
953 885 982 934 et
996 878 1036 934 in·

41 963 135 1035 firma,
152 964 206 1020 nisi
223 963 331 1020 maiore
349 960 472 1039 quodam
488 963 612 1020 oratoris
630 963 730 1039 spiritu
747 961 908 1038 implentur.
940 959 1036 1033 Quare
1045 965 1078 1020 st

1 1046 2 1099 ἑ
42 1045 139 1106 atilli
163 1062 371 1104 communes
394 1045 467 1104 loci
492 1044 528 1104 de
542 1044 690 1119 testibus,
713 1044 750 1103 de
765 1045 881 1117 tabulis,
900 1044 936 1102 de
952 1061 1037 1119 argu·

1 1198 2 1201 Ἴ
42 1131 148 1188 mentis
169 1130 291 1206 aliisque
315 1129 454 1188 similibus
480 1147 609 1206 magnam
631 1131 688 1187 vim
709 1129 807 1187 animis
830 1128 952 1187 iudicum
968 1128 1037 1186 alle·

43 1223 123 1282 runt;
148 1221 177 1272 et
198 1213 226 1272 bi
247 1213 373 1291 proprii,
398 1212 499 1290 quibus
524 1213 630 1272 lactum
652 1212 787 1292 quodque
809 1212 972 1284 laudamus,
990 1221 1038 1270 aut
1072 1284 1074 1288 Ι

42 1306 147 1356 contra
162 1299 265 1357 iustum
280 1296 328 1354 vel
346 1298 477 1355 iniustum
492 1296 649 1370 docemus,
665 1298 755 1355 maius
771 1297 934 1370 autminus,
954 1314 1037 1373 aspe-

42 1382 105 1440 rius
122 1389 169 1440 aut
183 1382 287 1439 mitius.
327 1379 372 1439 Ex
394 1380 437 1440 his
458 1390 551 1439 autem
567 1381 616 1440 alii
632 1380 667 1440 ad
683 1383 926 1457 comparationem
940 1381 1038 1456 singu·

15 1514 19 1519 .
42 1465 140 1524 lorum
155 1465 529 1542 argumentorumlaciunt,
545 1465 593 1523 alii
616 1465 651 1523 ad
673 1465 807 1543 plurium,
831 1464 879 1525 alii
900 1465 935 1523 ad
950 1466 1038 1524 totius

43 1565 154 1608 causae
175 1548 397 1608 inclinationem.
442 1546 488 1606 Ex
509 1548 612 1627 quibus
634 1556 699 1606 sunt
722 1550 769 1627 qui
791 1558 966 1627 praeparent
981 1550 1081 1608 ani-so

41 1650 122 1691 mum
141 1633 259 1707 iudicis,
285 1641 350 1691 sunt
367 1633 414 1710 qui
430 1632 607 1692 confirment.
646 1631 707 1691 Sed
721 1634 905 1710 praeparatio
923 1649 1039 1711 quoque

42 1725 93 1775 aut
110 1716 287 1774 confirmatio
300 1716 453 1794 aliquando
467 1718 556 1775 totius
568 1733 673 1775 causae
689 1724 734 1774 est
745 1715 897 1793 aliquando
906 1718 1039 1794 partium,

42 1807 74 1857 et
88 1798 228 1877 proinde,
245 1808 275 1857 ut
292 1802 394 1877 cuique
413 1800 601 1874 conveniunt,
618 1797 805 1857 subiicienda.
846 1798 976 1876 Ideoque
990 1800 1081 1857 [υἱ-59

42 1899 106 1958 ror,
125 1883 199 1941 inter
213 1883 285 1941 duos
300 1883 477 1942 diversarum
495 1892 640 1943 sectarum
655 1882 736 1941 velut
753 1882 843 1941 duces
858 1900 916 1941 non
931 1882 1039 1941 medio·

1 2003 3 2020 r
42 1968 86 2028 cri
115 1968 300 2027 contentione
326 1970 502 2046 quaesitum,
529 1967 687 2044 singulisne
704 1957 931 2045 'quaestionibus
953 1965 1040 2025 subii·

1 2063 3 2098 ⁵
43 2050 140 2112 ciendi
162 2059 260 2110 essent
280 2052 355 2126 loci,
372 2060 403 2110 ut
422 2051 577 2111 Theodoro
597 2051 711 2129 placet,
734 2068 768 2109 an
791 2052 870 2128 prius
892 2050 1041 2109 docendus

1 2159 3 2168 ’
42 2135 134 2194 iudex
156 2153 240 2212 quam
263 2135 438 2210 movendus,
459 2144 489 2194 ut
508 2136 651 2213 praecipit
672 2133 886 2212 Apollodorum
909 2142 1041 2212 tanquam

42 2220 167 2296 perierit
182 2220 256 2279 baec
270 2221 343 2279 ratio
359 2219 469 2295 media„
480 2228 508 2278 et
523 2220 591 2278 nibil
609 2236 673 2278 cum
689 2220 779 2296 ipsius
798 2236 903 2278 causae
918 2217 1041 2277 utilitate

43 2303 81 2361 sit
108 2302 332 2363 deliberandum.
369 2302 448 2362 llaec
470 2303 603 2362 accidunt
624 2302 685 2378 his,
705 2304 753 2380 qui
775 2304 971 2381 praecipiunt,
993 2299 1042 2378 qui

43 2386 102 2464 ipsi
118 2403 176 2445 non
191 2387 287 2446 dicunt
300 2388 328 2444 in
342 2386 419 2461 foro,
436 2396 569 2463 utentes,
588 2406 603 2446 a
620 2388 732 2446 securis
743 2388 905 2465 otiosisque
924 2401 1041 2462 compo·

45 2470 139 2544 sitae,
161 2472 222 2547 ipsa
246 2488 360 2548 pugnae
383 2472 559 2530 necessitate
587 2471 746 2551 turbentur.
792 2470 922 2550 Namque
943 2474 1085 2529 omnestio
1123 2493 1126 2498 ·

44 2551 122 2626 fere,
143 2554 190 2631 qui
205 2553 302 2629 legem
318 2554 431 2613 dicendi
448 2556 528 2632 quasi
545 2555 686 2633 quaedam
701 2556 838 2629 mysteria
852 2554 1041 2628 tradiderunt,

45 2638 136 2695 certis
152 2653 210 2694 non
225 2638 457 2696 inveniendorum
471 2639 557 2697 modo
571 2647 801 2715 argumentorum
816 2638 890 2697 locis
905 2637 957 2697 sed
974 2652 1042 2695 con·

45 2719 253 2779 cludendorum
271 2739 387 2800 quoque
404 2739 457 2780 nos
473 2724 640 2800 praeceptis
660 2722 859 2798 illigaverunt;
881 2722 917 2781 de
939 2720 1042 2798 quibus
1084 2757 1087 2762 -

33 2800 217 2862 ,brevissime
238 2805 442 2883 praelocutus,
461 2805 530 2883 quid
550 2806 614 2883 ipse
635 2808 773 2881 sentiam,
796 2806 825 2865 id
840 2814 885 2865 est
899 2804 966 2883 quid
982 2803 1041 2863 cla·

1 2889 2 2906 ¹
44 2887 176 2947 rissimos
192 2898 325 2950 oratores
343 2889 451 2949 fecisse
468 2888 590 2965 videam,
607 2906 664 2948 non
680 2890 795 2950 tacebo.

45 3035 124 3098 QUID
148 3041 357 3093 UNTHYMEMA
379 3042 420 3092 ET
444 3040 649 3101 QUOTUPLUX3
673 3041 787 3101 QUIBUS
811 3040 956 3111 CONSTET
979 3041 1042 3091 EPI-

229 3127 389 3187 CHlREMA,
413 3128 455 3177 ET
473 3124 628 3184 QUOMODO
647 3126 869 3179 REFELLATUR.

130 3222 207 3284 XIV.
236 3224 330 3302 'Igitur
351 3225 581 3300 enthymema
605 3233 635 3283 et
659 3231 856 3300 argumentum
881 3223 990 3302 ipsum,
1012 3220 1043 3282 id

46 3315 191 3384 aestuem,
223 3327 298 3386 quae
323 3308 485 3387 probationi
508 3309 626 3368 alterius
652 3307 820 3383 adhibetur,
842 3305 990 3385 appellant
1012 3313 1042 3364 et

46 3392 208 3469 argumenti
234 3392 441 3462 elocutionem
467 3411 530 3452 eam
553 3409 642 3468 vero,
667 3401 698 3450 ut
722 3391 798 3466 diui,
820 3390 980 3469 duplicem:
1004 3406 1042 3446 ex

48 3493 216 3554 conseqn
227 3476 389 3556 entibus,
406 3477 484 3559 quod
498 3476 586 3537 babet
602 3476 832 3557 propositionem
849 3474 1039 3618 opniunctam·

88 3579 152 3619 rur.
167 3580 280 3628 oomnis.
840 3558 856 3618 1
