2434 3925
350 207 439 255 nasu.
462 207 612 257 caunos,
633 182 703 257 nra,
725 193 776 275 vr,¹
800 208 824 260 1.
1009 195 1071 258 253

72 363 230 426 contione:
254 362 360 422 crescit
376 362 495 432 inridia;
518 370 548 422 et
563 364 655 422 sinon
672 381 772 423 errore
787 382 842 423 nec
857 365 898 424 ira
911 365 959 424 vel
975 365 1070 440 etiam,
1082 373 1114 430 17

72 450 103 508 si
122 448 199 507 forte
219 447 261 505 ira
286 446 338 505 sed
360 446 472 525 iniqua,
496 446 573 524 quod
596 448 670 525 patri
689 447 836 523 affuisset,
856 448 932 525 quod
952 466 1072 527 respon·

72 533 186 611 disset,
206 529 283 606 quod
299 528 425 590 honores
442 541 542 591 contra
558 540 689 609 peteret,
709 541 737 590 et
759 533 783 590 si
801 531 864 610 plus
882 534 965 592 etiam
981 533 1074 592 videri

72 623 178 694 potest
192 614 323 672 voluisse
339 615 516 692 quemfecit.
561 614 713 674 Plurimum
731 625 825 675 tamen
841 615 924 677 affert
938 617 1074 677 atrocita-

72 701 115 759 tis
132 696 250 771 modus,
271 698 295 754 si
314 701 457 774 graviter,
473 700 498 757 si
514 700 739 759 contumeliose:
762 710 792 758 ut
809 699 1022 759 Demosthenes
1037 718 1075 759 ex

74 791 162 861 parte
178 782 310 859 percussi
329 784 479 861 corporis,
499 800 537 842 ex
551 782 631 841 vultu
653 783 800 858 ferientis,
823 802 860 842 ex
885 783 981 842 habitu
1003 786 1072 842 invi·

75 867 154 926 diam
169 864 272 923 Midiae
289 867 409 943 quaerit.
445 865 566 935 Occisus
577 875 670 924 utrum
682 866 761 925 ferro
774 886 809 926 an
824 869 889 943 igne
902 885 936 929 an
946 885 1072 941 veneno,
1083 870 1117 925 18

73 966 137 1009 uno
158 948 277 1008 vulnere
295 966 331 1011 aa
350 949 495 1027 pluribus,
516 948 611 1008 subito
637 968 672 1008 an
694 953 898 1027 expectatione
916 960 1019 1025 tortus,
1040 951 1075 1010 ad

74 1034 154 1093 hanc
172 1041 284 1110 partem
302 1035 423 1092 maxime
439 1034 573 1111 pertinet.
617 1033 712 1093 Utitur
730 1034 901 1111 frequentor
922 1044 1075 1093 accusator

76 1126 110 1177 et
128 1117 330 1193 miseratione,
353 1135 417 1177 cum
442 1126 490 1176 aut
512 1118 574 1176 eius
595 1134 711 1192 casum,
737 1135 822 1195 quem
843 1117 1007 1192 ulciscitur,
1028 1127 1075 1176 aut

76 1200 294 1260 liberorumne
323 1202 481 1277 parentium
508 1200 719 1260 solicitudinem
744 1202 939 1278 conqueritur.
982 1199 1117 1259 Etiaml9

76 1283 167 1344 futuri
187 1285 326 1360 temporis
352 1286 474 1359 imagine
496 1284 605 1343 iudices
627 1294 741 1360 movet,
764 1303 837 1362 quae
863 1294 995 1344 maneant
1011 1302 1074 1359 eos,

78 1366 185 1445 quide
199 1368 228 1425 ri
244 1374 274 1425 et
289 1367 387 1428 iniuria
406 1368 500 1444 questi
521 1376 602 1443 sunt,
629 1368 683 1426 nisi
701 1368 895 1435 vindicentur;
912 1368 1077 1445 fugiendum

78 1451 118 1510 de
134 1451 267 1526 civitate,
285 1450 443 1510 cedendum
457 1451 541 1509 bonis
554 1453 726 1526 automnia,
743 1470 933 1530 quaecunque
947 1454 1075 1513 inimicus

78 1534 202 1608 iecerit,
224 1534 406 1613 perferenda.
452 1534 510 1594 Sed
530 1536 646 1612 saepius
662 1536 691 1595 id
719 1544 765 1594 est
782 1538 977 1611 accusatoris,
994 1541 1118 1595 aver-20

77 1627 145 1677 tere
164 1618 286 1677 iudicem
309 1637 324 1677 a
346 1620 547 1693 miseratione,
570 1636 711 1695 quarens
736 1621 774 1678 sit
794 1639 912 1696 usurus,
933 1628 1018 1697 atque
1041 1619 1076 1678 ad

79 1701 197 1761 fortiter
210 1698 388 1761 iudicandum
401 1704 557 1761 concitare.
588 1700 676 1760 Cuius
690 1702 747 1762 loci
764 1712 808 1761 est
821 1705 905 1761 etiam
919 1720 1074 1780 occupare,

79 1803 157 1864 quae
173 1785 311 1844 dicturum
326 1786 504 1853 facturumve
519 1785 722 1850 adversarium¹
733 1795 828 1863 putes.
872 1786 944 1845 Nam
964 1796 993 1845 et
1010 1804 1075 1845 eau-

78 1873 173 1929 tiores
194 1870 229 1929 ad
252 1868 410 1937 custodiam
426 1887 496 1928 suae
517 1868 666 1945 religionis
685 1870 797 1928 iudices
817 1870 886 1929 iacit
909 1878 939 1928 et
956 1871 1076 1945 gratiam

80 1954 268 2032 responsuris
294 1953 402 2029 aufert,
426 1971 489 2012 cum
510 1970 544 2011 ea
565 1952 713 2032 praedicta
740 1963 805 2013 sunt
830 1953 865 2013 ab
891 1963 1074 2020 accusatore;

79 2040 152 2111 iam,
174 2038 200 2096 si
221 2054 275 2115 pro
298 2053 350 2096 reo
371 2047 522 2115 petentur,
546 2054 603 2096 non
622 2038 678 2096 sint
697 2054 788 2097 nova:
809 2047 841 2097 ut
866 2038 983 2096 Servius
1013 2037 1076 2096 Sul·

79 2123 175 2201 picius
192 2131 291 2181 contra
308 2120 466 2196 Aufidiam,
486 2138 523 2179 ne
544 2123 736 2198 signatorum,
758 2139 795 2180 ne
816 2122 906 2199 ipsius
925 2121 1077 2180 discrimen

81 2205 236 2265 obiiciatur
264 2204 334 2280 sibi,
361 2214 537 2282 praemonet.
582 2203 721 2265 Necnon
747 2204 782 2264 ab
810 2205 974 2279 Aeschine,
1001 2204 1077 2283 quali
1151 2226 1153 2231 ·

80 2291 119 2349 sit
142 2306 245 2347 usurus
267 2287 479 2353 Demosthenes
508 2290 639 2363 actione,
657 2290 834 2367 praedictum
849 2298 903 2348 est.
947 2287 1079 2348 Docendi

82 2389 201 2451 quoque
215 2373 328 2431 interim
339 2372 468 2447 iudices,
486 2373 552 2451 quid
564 2372 733 2449 rogantibus
748 2370 927 2453 respondere
939 2372 1077 2439 debeant;

83 2457 162 2535 quod
179 2464 224 2515 est
238 2476 323 2516 unum
337 2458 516 2534 repetitionis
531 2474 633 2533 genus.

169 2539 453 2600 Periclitantem
480 2557 552 2599 vero
579 2539 757 2599 commendat
781 2540 903 2617 dignitas
932 2547 962 2600 et
987 2507 1119 2599 studiall

82 2623 169 2685 fortia
197 2634 226 2683 et
247 2633 403 2702 susceptae
428 2623 507 2684 hello
534 2625 684 2683 cicatrices
712 2632 741 2683 et
763 2624 896 2684 nobilitas
928 2633 957 2683 et
978 2625 1079 2682 merita

82 2709 231 2767 maiorum.
275 2707 356 2782 Hoc,
374 2709 450 2785 quod
472 2709 602 2786 proxime
626 2708 700 2783 dixi,
725 2705 829 2767 Cicero
856 2717 942 2785 atque
963 2707 1079 2766 Asinius
1122 2724 1124 2730 ·

69 2794 216 2851 ‘certatim
231 2801 295 2850 sunt
310 2793 371 2867 usi,
388 2808 441 2870 pro
457 2793 567 2851 Scauro
585 2800 668 2870 patre
683 2791 730 2850 hic
745 2791 796 2850 ille
812 2809 865 2869 pro
881 2792 951 2849 filio,
996 2789 1122 2849 Com-22

82 2876 199 2934 mendat
214 2884 242 2934 et
259 2893 345 2935 cansa
361 2875 499 2953 periculi,
514 2876 538 2934 si
553 2877 720 2953 suscepisse
735 2877 895 2934 inimicitias
909 2873 946 2933 ob
963 2872 1079 2950 aliquod

83 2959 191 3019 factum
206 2960 357 3019 honestum
373 2959 504 3026 videtur;
528 2960 685 3036 praecipue
702 2958 835 3031 bonitas,
851 2958 1016 3031 humanitas,
1029 2958 1079 3016 mi·

84 3043 255 3104 sericordia
300 3042 404 3103 lustius
426 3044 500 3102 enim
520 3052 587 3101 tunc
602 3051 704 3118 petere
727 3060 762 3101 ea
787 3044 907 3118 quisque
929 3041 1043 3100 videtur
1064 3058 1080 3100 a

84 3127 196 3202 iudice,
219 3145 293 3205 quae
315 3127 412 3186 aliis
404 3145 466 3204 ipse
488 3127 676 3226 praestiterit
711 3123 890 3184 Referenda
915 3142 982 3203 pars
1008 3125 1080 3183 haec

87 3228 204 3289 quoque
226 3212 261 3271 ad
283 3210 432 3269 utilitatem
453 3212 495 3269 rei
515 3208 668 3288 publicae,
689 3211 724 3270 ad
744 3209 867 3269 iudicum
883 3209 1021 3285 gloriam,
1045 3207 1080 3268 ad

87 3295 267 3373 exemplum,
283 3295 497 3355 admemoriam
518 3294 707 3372 posteritatis
751 3291 902 3352 Plurimum
924 3302 1017 3352 tamen
1031 3310 1079 3350 va·
1069 3288 1122 3341 .23

87 3377 130 3440 let
140 3380 289 3438 miseratio
298 3396 393 3457 ,quae
405 3379 527 3438 iudicem
538 3395 595 3436 non
611 3377 688 3436 lleoti
700 3385 806 3438 tanturn
820 3378 898 3455 cogit
909 3377 961 3436 sed
975 3384 1080 3436 motum

87 3480 205 3542 quoque
220 3464 304 3523 animi
327 3463 371 3521 sui
391 3460 514 3521 lacrimis
537 3460 677 3520 confiteri.
720 3455 801 3519 llaec
822 3470 955 3540 petentur
975 3467 1023 3519 aut
1043 3473 1081 3517 ex
