2434 3925
162 274 223 338 tto
455 250 508 334 'm
524 286 601 334 usn.
620 285 840 346 curuummnt

160 444 258 523 potior
279 443 382 503 luisset
403 441 477 519 apud
498 459 544 500 me
567 438 717 501 Ciceronis
737 441 894 517 sententia,
920 443 968 519 qui
984 442 1042 503 hnc
1061 444 1151 506 inste·

160 530 221 588 riae
243 546 334 605 genus
358 526 494 602 dignitate
517 527 639 600 maxime
661 526 800 584 contineri
815 534 905 604 putat.
948 522 1023 587 Nec‘
1040 528 1150 603 dubito,

160 613 227 690 qnin
252 610 295 685 hi,
319 611 366 688 qui
388 611 502 669 suntin
524 609 573 669 illa
597 611 695 687 priore
718 611 876 683 sententia,
910 611 1066 671 secundum
1088 615 1151 692 cpi·

159 697 274 755 nionem
296 693 515 773 pulcherrimam
533 711 570 752 ne
590 692 660 752 utile
679 693 807 771 quidem,
823 695 877 752 nisi
900 695 977 771 quod
1000 694 1153 756 honestum

130 788 255 855 desset,
279 777 474 837 existimarint.
507 776 543 836 m
565 785 609 835 est
631 776 703 837 haec
725 778 798 836 ratio
819 779 985 853 verissima,
1008 780 1033 838 si
1056 783 1152 839 consi·

159 864 227 923 lium
252 864 399 938 contingat
420 879 536 940 semper
559 860 700 920 honorum
722 870 809 938 atque
829 862 1008 939 sapientium.
1043 862 1152 924 Verum

159 947 234 1025 apud
250 947 417 1024 imperitos,
436 946 511 1024 apud
528 961 601 1022 quos
618 945 786 1023 frequenter
800 945 921 1005 dicenda
938 948 1079 1007 sententia
1093 955 1152 1023 est,

159 1030 353 1109 populumque
382 1031 555 1108 praecipue,
582 1030 630 1108 qui
656 1047 693 1088 ex
719 1028 849 1106 pluribus
877 1039 988 1089 constat
1015 1030 1151 1106 indoctis,

159 1114 349 1174 discernenda
367 1121 432 1172 sunt
452 1111 526 1172 haec
549 1121 577 1171 et
598 1113 755 1172 secundum
777 1130 941 1172 communes
959 1115 1048 1190 magis
1066 1114 1152 1174 intel·
1210 1157 1212 1160 -

129 1198 252 1261 alectus
274 1197 457 1277 loquendum.
500 1199 570 1257 Sunt
592 1198 666 1256 enim
687 1197 781 1272 multi,
804 1199 852 1275 qui
873 1199 973 1272 etiam,
996 1214 1070 1274 quae
1087 1216 1153 1257 cre·

159 1283 226 1342 dunt
247 1280 387 1357 honesta,
410 1298 467 1339 non
487 1290 581 1341 tamen
598 1282 669 1340 satis
688 1281 788 1340 eadem
812 1280 891 1341 utilia
913 1298 1028 1359 quoque
1051 1283 1153 1341 existi·

158 1374 252 1440 ment,
277 1375 305 1425 et
327 1383 401 1443 quae
423 1365 517 1443 turpia
537 1383 604 1424 esse
627 1364 757 1424 dubitare
780 1382 837 1424 non
858 1375 993 1443 possunt,
1020 1365 1155 1425 utilitatis

159 1450 259 1528 specie
278 1450 355 1509 ducti
373 1448 512 1527 probent,
531 1458 561 1508 ut
578 1448 682 1508 ioedus
698 1448 895 1509 Numantinum
909 1451 1062 1527 iugumque
1075 1447 1152 1509 Cau·
1172 1515 1175 1520 ,

130 1535 262 1595 hdinum.
297 1532 341 1592 Ne
365 1532 508 1611 qualitatis
531 1533 645 1612 quidem
667 1541 761 1607 statu,
783 1534 811 1592 in
834 1551 890 1611 quo
916 1543 945 1592 et
964 1532 1154 1592 honestorum

160 1626 189 1677 et
214 1617 322 1676 utilium
340 1617 471 1695 quaestio
490 1624 549 1692 est,
574 1617 729 1696 complecti
747 1635 798 1676 eas
820 1619 889 1677 satis
912 1626 966 1676 est.
999 1616 1069 1676 Nam
1089 1616 1151 1676 ire-

161 1710 283 1780 quenter
304 1702 331 1759 in
359 1700 403 1760 his
432 1701 517 1760 etiam
540 1703 724 1761 coniecturae
752 1701 834 1760 locus
859 1709 922 1777 est,
951 1718 1153 1778 nonnunquam

160 1794 299 1845 tractatur
315 1785 411 1863 aliqua
432 1784 537 1861 linitio,
560 1785 713 1864 aliquando
732 1786 815 1845 etiam
832 1785 944 1862 legales
966 1793 1088 1862 possunt
1109 1784 1152 1843 in·

161 1870 259 1929 cidere
276 1877 429 1945 tractatus,
453 1871 480 1927 in
498 1870 609 1946 privata
627 1870 749 1929 maxime
769 1870 904 1945 consilia,
923 1870 947 1928 si
965 1871 1077 1947 quando
1092 1886 1152 1927 arn·

133 1953 268 2032 subigitur
290 1972 325 2013 an
347 1953 443 2014 liceat.
480 1952 525 2012 De
541 1955 707 2014 coniectura
733 1953 821 2032 paulo
842 1961 908 2033 post
927 1952 1066 2033 pluribus.
1105 1950 1150 2012 ln-

160 2040 242 2097 terim
273 2047 318 2097 est
344 2038 473 2098 delinitio
502 2037 576 2115 apud
601 2037 833 2112 Demosthenen,
861 2037 920 2099 Det
946 2036 1153 2098 Halonnesum

160 2121 327 2201 Philippus,
343 2140 384 2183 en
399 2121 534 2183 reddat?
549 2122 623 2200 apud
643 2119 813 2182 Ciceronem
829 2121 856 2180 in
873 2121 1050 2199 Philippicis,
1068 2117 1153 2193 Ouid

158 2207 197 2267 eit
211 2207 376 2267 tumultus?
409 2201 505 2278 Quint
522 2223 578 2265 non
592 2206 642 2265 illa
660 2206 759 2265 similis
774 2205 947 2265 iudicialium
966 2207 1096 2282 quaestio
1113 2204 1152 2263 de

160 2298 253 2348 statua
272 2290 365 2348 Servii
387 2289 525 2368 Sulpicii,
549 2308 590 2350 an
604 2290 652 2350 his
672 2293 790 2352 demum
807 2292 951 2368 ponendo
972 2291 1028 2364 sit,
1045 2289 1098 2367 qni
1116 2290 1151 2349 in

131 2375 307 2450 tlepolemus
329 2374 413 2451 ferro
434 2380 504 2443 sont
522 2375 713 2453 interempti?
749 2373 829 2451 Ergo
857 2391 924 2452 pars
950 2372 1151 2448 deliberativa,

161 2456 351 2534 quaeeadem
369 2458 537 2517 suasoria
556 2457 668 2535 dicitur,
687 2458 722 2517 de
736 2466 866 2536 tempore
883 2457 978 2516 iuturo
995 2456 1151 2531 consultat,

160 2542 271 2618 quaerit
292 2542 379 2600 etiam
400 2541 436 2601 de
457 2543 626 2619 praeterito.
674 2540 783 2601 Oiliciis
811 2549 924 2601 constat
950 2539 1062 2601 duobus
1083 2558 1151 2599 sua·

159 2624 244 2685 dendi
267 2643 302 2683 ac
323 2624 515 2685 dissuadendi.
1017 2695 1019 2700 y

243 2708 411 2784 Prooemio,
434 2708 520 2786 quale
538 2717 582 2768 est
596 2708 625 2768 iu
646 2707 842 2784 iudicialibus,
864 2725 922 2767 non
938 2708 1045 2786 uhique
1068 2716 1151 2784 eget,

150 2793 225 2870 >quia
250 2785 420 2851 cohctltatus
438 2800 483 2851 est
500 2793 526 2851 ei
548 2793 685 2871 quisque,
706 2810 790 2869 quem
809 2792 942 2851 consulit.
979 2792 1090 2851 luitium
1107 2801 1150 2851 tn·

159 2894 224 2936 men
247 2877 438 2954 quodcunque
459 2875 546 2935 debet
565 2876 674 2938 hahere
695 2876 818 2953 aliquam
840 2877 981 2954 prooemii
1005 2876 1149 2954 speciem3

158 2962 345 3039 nequeenim
367 2959 488 3039 abrupte
509 2979 564 3020 nec
585 2960 661 3020 unde
683 2959 765 3019 lihuit
787 2960 994 3038 incipiendum,
1016 2961 1082 3037 quia
1104 2969 1151 3019 est

132 3044 265 3121 taliquid
293 3046 321 3103 in
349 3045 424 3103 omni
445 3047 563 3104 materia
584 3044 752 3104 naturaliter
772 3044 900 3121 primum.
938 3044 970 3103 ln
992 3053 1092 3104 senatu
1121 3053 1153 3103 et

159 3129 257 3206 utique
274 3128 303 3186 in
323 3127 503 3187 contionibus
520 3128 621 3188 eadem
639 3129 712 3188 ratio
731 3144 804 3205 quac
819 3127 894 3205 apud
908 3127 1028 3203 iudices,
1051 3129 1151 3205 acqui·

158 3211 266 3271 rendae
284 3210 338 3269 sihi
352 3211 521 3290 plerumque
534 3229 644 3287 eorum,
663 3211 736 3288 apud
755 3228 827 3289 quos
843 3211 993 3271 dicendum
1004 3212 1050 3287 sit,
1069 3209 1151 3270 heni-

160 3296 315 3355 roleutiae.
360 3296 422 3355 Nec
445 3297 561 3372 mirum,
584 3313 648 3354 cum
669 3296 753 3354 etiam
774 3296 801 3352 in
821 3294 1007 3372 Panegyricis
1035 3303 1152 3373 petatur

160 3380 331 3439 audientium
353 3380 459 3454 favor,
474 3379 522 3438 uhi
545 3380 764 3439 emolumentum
785 3394 842 3437 non
862 3378 1032 3449 inutilitate
1053 3378 1152 3455 aliqua

131 3463 213 3526 ssed
234 3465 262 3522 in
285 3463 348 3522 sola
371 3462 456 3522 laude
478 3464 618 3522 consistit.
665 3462 839 3522 Aristoteles
866 3462 979 3539 quidem
1005 3480 1061 3521 nec
1086 3462 1152 3520 sine

161 3564 247 3608 causa
271 3556 351 3627 putat
366 3554 399 3606 et
415 3563 432 3606 a
448 3555 546 3607 nostra
561 3555 591 3606 et
612 3547 647 3607 ah
666 3549 745 3625 eius,
764 3546 811 3624 qui
829 3545 995 3623 dissentiet,
1011 3562 1151 3626 persona,
