2434 3925
346 198 786 267 mur.oaur0n.nrs.vrr,4.
1024 189 1061 251 31

65 358 162 434 magis
173 358 202 415 iu
213 356 398 434 praeteritum
410 354 584 428 laudaverit,
598 363 676 414 tauto
693 355 805 414 facilius
815 356 948 433 probabit
963 357 1063 416 morbo

67 459 139 500 esse
156 447 289 498 mutatos.
333 437 429 513 Reus,
452 440 584 516 quotiens
599 456 685 498 causa
700 441 839 517 patietur,
862 440 979 502 debebit
999 449 1105 503 essem

65 527 98 584 in
116 524 287 583 defensione
312 523 495 596 moderatus,
525 524 590 599 quia
610 522 674 580 iere
697 524 738 581 ira
755 532 783 581 et
799 526 952 582 concitatio
973 524 1064 584 furori

66 616 136 666 sunt
151 605 261 665 similia.
306 603 441 664 Omnibus
457 605 500 664 his
517 623 665 665 commune
681 614 741 681 est,
760 606 836 683 quod
856 609 899 667 rei
916 625 973 666 uon
990 626 1063 667 sem-

65 710 124 771 per
150 691 320 750 defensione
344 689 413 748 lacti
438 690 489 749 sed
514 691 700 749 excusatione
727 708 761 749 ac
785 690 868 749 venia
896 690 1065 769 frequenter

65 783 194 834 utuntur.
239 773 292 832 list
315 774 389 832 enim
409 772 567 832 domestica
590 773 779 852 disceptatio,
803 776 831 833 in
853 793 907 851 qua
929 785 959 835 et
974 776 1065 835 semel

65 875 212 937 peccasse
233 865 262 915 et
282 875 336 935 per
358 874 486 915 errorem
505 866 534 916 et
556 856 666 933 levius,
689 875 773 936 quam
790 857 955 933 obiiciatur,
980 858 1063 918 abso·

64 942 170 1002 lutioni
186 957 384 1020 nonnunquam
400 941 514 999 suflicit.

154 1026 211 1085 Sed
229 1025 285 1084 alia
308 1041 425 1103 quoque
442 1025 530 1084 multa
546 1027 807 1083 controversiarum
823 1042 932 1101 genera
947 1027 975 1085 in
996 1037 1105 1102 qua-32

65 1110 179 1170 litatem
204 1108 317 1167 cadunt.
368 1103 603 1174 ln'iuriarum;
635 1126 795 1187 quanquam
820 1110 893 1167 enim
919 1128 986 1168 reus
1013 1109 1064 1168 ali·

65 1192 182 1272 quaudo
198 1191 305 1251 iecisse
322 1201 425 1267 negat,
441 1191 611 1271 plerumque
626 1201 720 1251 tamen
737 1192 810 1251 haec
827 1194 902 1252 actio
924 1192 1000 1253 iacto
1023 1202 1064 1252 at·
1151 1219 1154 1242 ·

66 1295 127 1355 que
153 1277 245 1335 animo
270 1277 440 1334 continetur.
484 1275 528 1334 be
553 1285 722 1335 accusatore
748 1278 965 1352 constituendo,
992 1286 1107 1354 quaeat

65 1360 175 1419 iudicia
190 1360 444 1419 divinationes
463 1369 617 1426 uocantum
641 1361 739 1437 inquo
755 1378 864 1436 genere
882 1358 986 1420 Cicero
1003 1362 1063 1438 qui·

65 1444 151 1518 dem,
176 1445 223 1521 qui
238 1442 433 1503 mandantibus
448 1445 536 1503 sociis
551 1443 673 1502 Verrem
689 1444 862 1521 accusabat,
885 1454 985 1503 contra
1001 1462 1064 1520 eos,

66 1529 118 1606 qui
135 1545 199 1585 eum
214 1527 421 1602 defendebant,
452 1527 506 1586 hac
530 1546 598 1586 usus
621 1536 665 1586 est
688 1528 846 1603 divisione,
867 1529 1064 1606 spectandum,

64 1629 85 1670 a
114 1627 171 1689 quo
200 1613 321 1670 maxime
348 1612 394 1687 agi
423 1611 513 1670 velint
541 1612 575 1686 ii,
610 1628 730 1689 quorum
755 1612 791 1671 de
816 1613 925 1672 ultione
952 1614 1065 1690 quaeri·

65 1704 131 1768 tur,
149 1713 165 1754 a
183 1712 239 1772 quo
255 1697 368 1753 minime
384 1694 454 1753 velit
470 1697 510 1768 is,
533 1696 580 1771 qui
595 1704 758 1754 accusatur.
803 1694 1107 1773 Frequentissimaeitl

64 1788 164 1839 tamen
189 1778 243 1838 hae
270 1786 335 1839 suut
361 1780 563 1857 quaestiones,
588 1787 653 1837 uter
673 1779 796 1838 maiores
820 1797 921 1838 causas
948 1779 1064 1853 babeat,

65 1872 134 1921 uter
156 1863 220 1940 plus
243 1863 399 1922 industriae
420 1871 468 1921 aut
482 1863 583 1920 virium
603 1863 640 1920 sit
655 1861 792 1921 allaturus
810 1862 845 1922 ad
863 1862 1064 1935 accusandum,

66 1954 135 2006 uter
154 1946 182 2006 id
205 1945 260 2006 lide
281 1946 403 2006 meliore
420 1946 559 2007 facturus.
601 1944 756 2006 Tutelae
772 1955 940 2025 praeterea:
963 1948 991 2005 in
1007 1955 1106 2025 qu035

65 2031 174 2090 iudicio
191 2029 268 2090 solet
285 2032 401 2109 quaeri,
419 2048 454 2091 au
468 2030 524 2090 alia
539 2030 575 2089 de
589 2047 622 2088 re
639 2031 771 2108 quamde
790 2029 910 2090 calculis
926 2032 1065 2107 cognosci

67 2123 219 2192 oporteat,
239 2132 275 2173 an
300 2115 384 2174 iidem
407 2122 556 2192 praestare
577 2113 682 2173 debeat
695 2122 802 2173 tantum
816 2118 874 2173 non
894 2116 978 2174 etiam
996 2131 1064 2173 oon·

66 2199 163 2257 silium
179 2206 208 2257 et
223 2207 365 2258 eventum.
401 2196 453 2258 cui
469 2198 561 2257 simile
577 2206 622 2257 est
636 2197 711 2257 male
725 2207 828 2275 gestae
843 2199 1064 2277 procurationis,

66 2299 144 2360 quae
171 2283 199 2341 in
225 2282 290 2341 loro
316 2284 547 2359 negotiorum
573 2290 776 2358 gestorum;
809 2300 873 2342 uam
895 2291 924 2343 et
943 2282 1066 2342 mandati

66 2367 146 2425 actio
162 2374 216 2425 est.
261 2366 380 2426 Praeter
400 2367 475 2426 baec
490 2367 633 2442 linguntur
647 2367 675 2424 in
690 2366 798 2425 scholis
817 2376 846 2426 et
861 2368 991 2444 inseripti
1007 2375 1108 2430 τηε-36

67 2450 175 2524 ledcii,
198 2450 346 2528 inquibus
368 2461 415 2509 aut
437 2450 495 2509 boc
515 2452 677 2528 quaeritur,
699 2467 735 2509 an
755 2451 921 2529 inscriptum
943 2452 995 2518 sit;
1018 2459 1066 2509 aut

66 2533 142 2607 hoc,
172 2552 208 2593 an
232 2535 402 2594 maleficium
428 2536 479 2602 sit;
511 2551 577 2592 raro
603 2543 763 2612 utrumque.
813 2534 906 2594 Male
934 2543 1065 2611 gestae

68 2616 280 2692 legationis
307 2619 381 2696 apud
405 2616 533 2677 Graecos
559 2626 587 2676 et
613 2619 691 2676 veris
721 2620 816 2678 causis
841 2618 994 2696 frequens,
1017 2616 1065 2677 ubi

66 2701 138 2760 iuris
155 2701 222 2761 loco
244 2704 344 2780 quaeri
368 2701 460 2777 solet,
479 2720 515 2761 an
530 2703 644 2760 omnino
660 2701 744 2760 aliter
760 2720 866 2778 agere,
889 2720 974 2780 quam
988 2718 1064 2759 man-

67 2784 163 2844 datum
184 2787 236 2861 sit,
263 2786 366 2861 liceat,
392 2794 421 2844 et
436 2802 587 2863 quousque
605 2787 642 2845 sit
662 2785 789 2861 legatus;
819 2787 950 2862 quoniam
968 2784 1016 2842 alii
1037 2785 1065 2841 in
1089 2784 1092 2795 '

66 2869 255 2929 renuntiando
273 2878 352 2928 sunt:
375 2878 405 2927 ut
419 2870 447 2928 in
462 2868 552 2944 Heio,
573 2871 620 2946 qui
636 2871 826 2927 testimonium
840 2870 868 2927 in
882 2867 1005 2926 Verrem
1024 2866 1064 2927 di·

65 2961 152 3013 xerat
170 2963 237 3031 post
251 2953 392 3031 perlatam
411 2953 595 3028 legationem.
641 2951 792 3011 Plurimum
803 2961 896 3010 tamen
913 2959 957 3009 est
971 2951 998 3009 in
1016 2968 1063 3024 eo,
1073 2951 1106 3009 3?

67 3036 156 3114 quale
177 3039 213 3096 sit
231 3037 345 3096 iactum.
378 3036 443 3095 Rei
464 3035 637 3114 publicae
660 3035 796 3094 laesae.
828 3034 900 3094 Hinc
916 3045 1066 3095 moventur

67 3121 182 3197 quidem
201 3121 269 3181 illae
290 3123 359 3180 iuris
381 3120 597 3180 cavillationes:
624 3118 698 3192 Quid
716 3120 752 3177 sit
770 3118 988 3196 rempublicam
1005 3119 1064 3179 lae·

67 3200 160 3264 derel
182 3214 228 3280 et,
248 3204 366 3264 laeserit
381 3222 416 3263 an
434 3221 491 3262 non
510 3199 672 3282 profuerit?
695 3210 741 3276 et,
763 3202 798 3260 ab
814 3203 878 3280 ipso
894 3220 930 3262 au
944 3211 1066 3281 propter

67 3288 162 3367 ipsum
183 3289 262 3348 laesa
284 3290 330 3347 sit.
375 3287 406 3347 lu
423 3287 500 3348 iacto
517 3298 611 3347 tamen
626 3286 776 3364 plurimum
795 3287 879 3346 inest.
923 3285 1065 3362 Ingrati

67 3387 195 3450 quoque.
229 3371 260 3431 ln
281 3389 337 3450 quo
361 3389 471 3448 genere
491 3374 647 3450 quaeritur,
670 3368 716 3427 An
740 3370 782 3444 is,
804 3387 868 3429 cum
885 3387 941 3448 quo
960 3371 1063 3446 agitur,

66 3457 219 3535 acceperit
244 3452 437 3516 beneficium?
475 3454 560 3530 Quod
583 3471 650 3514 raro
669 3453 830 3530 negandum
851 3462 913 3523 est;
935 3455 1064 3530 ingratus
