2434 3925
340 249 784 318 memonnronmrnxrqc.
943 216 1055 302 '261

41 406 200 487 patientia
222 414 275 466 est.
310 403 382 464 Nam
403 414 432 465 et
456 407 483 465 in
502 407 584 484 ipsos
605 407 637 466 lit
657 409 779 484 impetus
800 407 986 485 frequenter,
1010 412 1059 488 qui

42 499 196 573 egenum,
215 499 244 550 et
260 498 340 549 certe
357 489 542 567 petulantiam
556 494 669 568 patroni
684 492 812 567 litigator
827 491 887 550 luit.
914 494 973 553 Sed
986 493 1060 560 haec

40 576 171 635 minora
187 583 251 634 sunt
266 575 331 652 ipso
347 573 398 633 illc
413 575 482 637 vitio
500 576 601 650 animi,
625 575 702 655 quod
717 575 874 635 maledicus
891 594 907 635 a
924 576 1059 637 malefico

42 676 116 735 non
140 660 226 718 distat
246 660 300 717 nisi
321 659 488 717 occasione.
524 657 627 736 Turpis
648 659 783 737 voluptas
805 668 833 718 et
856 659 1006 720 inhumana
1030 672 1100 724 etlo

42 743 130 804 nulli
148 742 322 802 audientium
337 742 414 801 bono
426 751 507 819 grata
523 760 540 801 a
555 742 748 819 litigatoribus
761 743 876 821 quidem
891 744 1060 822 frequenter

45 828 204 903 exigitur,
221 828 269 905 qui
284 826 422 891 ultionem
437 826 544 886 malunt
559 844 643 905 quam
659 826 866 887 defensionem.
891 828 950 888 Sed
963 847 1058 908 neque
1123 867 1127 876 ·

44 912 116 972 alia
129 910 218 970 multa
233 910 268 969 ad
284 910 430 970 arbitrium
447 927 546 969 eorum
558 910 691 972 iacienda
704 920 782 979 sunt;
799 911 856 971 hoc
868 913 982 990 quidem
995 915 1059 991 quis

45 996 204 1056 hominum
219 994 305 1054 liberi
319 994 404 1054 modo
425 994 572 1070 sanguinis
597 998 753 1070 sustineat,
779 996 912 1073 petulans
934 1015 1001 1056 esse
1024 997 1060 1056 ad

48 1078 180 1139 alterins
201 1074 368 1137 arbitrium?
397 1077 486 1156 Atqui
508 1079 593 1137 etiam
614 1079 642 1137 in
663 1080 822 1139 advocatos
846 1081 935 1158 partis
956 1081 1099 1146 adver-11

48 1180 110 1222 sae
127 1161 253 1222 libenter
267 1161 394 1222 nonnulli
409 1162 596 1230 invehuntur;
625 1163 720 1242 quod,
743 1164 797 1222 nisi
814 1164 838 1221 si
853 1163 930 1223 forte
945 1183 1058 1224 merue-

49 1255 142 1321 runt,
164 1255 193 1305 et
213 1245 392 1305 inhumanum
407 1255 452 1305 est
468 1255 606 1324 respectu
623 1248 810 1306 communium
830 1247 1006 1325 ciliciorum,
1029 1258 1059 1308 et

52 1348 126 1390 cnm
141 1331 197 1408 ipsi
215 1333 262 1408 qui
279 1331 347 1390 dicit
361 1330 461 1391 inutile
479 1330 558 1409 (nam
570 1330 646 1389 idem
661 1331 730 1389 iuris
747 1333 931 1409 responsuris
949 1333 1058 1411 datur),

51 1424 120 1474 turn
136 1432 242 1474 causae
258 1415 442 1489 contrarium,
458 1417 524 1492 qnia
540 1413 625 1493 plane
642 1415 799 1474 adversarii
815 1415 884 1474 fiunt
899 1425 928 1476 et
943 1417 1058 1491 inimici,

53 1507 90 1558 et
107 1497 386 1576 quantulumcunque
402 1498 444 1557 eis
459 1499 560 1557 virium
575 1507 636 1572 est,
655 1497 828 1562 contumelia
844 1509 975 1577 augetur.
1006 1502 1058 1559 Su·
1067 1515 1100 1566 19
1187 1517 1191 1522 ·

55 1599 117 1661 per
139 1584 231 1641 omnia
252 1584 328 1658 perit
350 1581 414 1657 illa,
442 1599 516 1661 quae
539 1582 690 1659 plurimum
706 1584 813 1641 oratori
829 1592 858 1642 et
880 1585 1058 1644 auctoritatis

55 1674 90 1726 et
111 1665 179 1725 fidei
200 1666 299 1740 affert,
325 1667 483 1740 modestia,
506 1667 530 1725 si
545 1684 561 1725 a
576 1667 640 1724 viro
656 1666 733 1726 bono
749 1668 778 1725 in
793 1666 921 1726 rabulam
942 1668 1059 1727 latrato-

54 1768 182 1828 remque
198 1752 392 1825 ccnvertitur‚
416 1752 593 1828 compositus
612 1767 669 1809 non
691 1750 727 1809 ad
745 1752 864 1809 animum
887 1751 989 1810 iudicis
1007 1751 1059 1810 sed

56 1834 100 1895 ad
117 1833 293 1893 stomachum
308 1834 470 1910 litigatoris.
505 1833 686 1912 Frequenter
708 1836 794 1893 etiam
809 1837 925 1913 species
942 1835 1059 1897 liberta·
1068 1849 1102 1901 13

55 1920 100 1980 tis
115 1918 261 1979 deducere
279 1918 314 1979 ad
331 1919 520 1979 temeritatem
535 1918 612 1978 solet
632 1935 690 1978 non
705 1919 799 1978 causis
816 1918 901 1978 modo
918 1918 970 1979 sed
987 1918 1059 1998 ipsis

58 2019 196 2082 quoque,
220 2003 268 2079 qui
283 2004 429 2078 dixerunt,
455 2002 659 2080 periculosam.
693 2001 757 2062 Nec
774 2005 913 2062 immerito
929 2003 1060 2062 Pericles

58 2086 180 2147 solebat
195 2096 307 2164 optare,
326 2106 362 2146 ne
378 2087 455 2166 quod
473 2086 527 2145 sibi
543 2086 663 2146 verbum
678 2088 706 2145 in
724 2096 848 2146 mentem
862 2089 985 2162 veniret,
1002 2105 1059 2165 quo

60 2169 190 2250 populus
211 2170 416 2231 offenderetur.
449 2170 508 2230 Sed
530 2171 605 2247 qnod
625 2170 676 2230 ille
695 2171 731 2230 de
754 2171 881 2249 populo,
906 2172 934 2231 id
950 2188 1007 2247 ego
1024 2170 1060 2230 de

61 2251 195 2315 omnibus
219 2257 330 2331 sentio,
352 2256 399 2333 qui
420 2255 582 2315 tantundem
599 2263 721 2333 possunt
737 2271 857 2314 nocere.
894 2253 966 2315 Nam
985 2272 1060 2333 quae

60 2340 167 2412 fortia,
194 2337 260 2398 dum
279 2340 434 2415 dicuntur,
462 2338 648 2415 videbantur,
677 2339 782 2417 stulta,
812 2357 875 2399 cum
902 2339 1059 2416 laeserunt,

62 2429 215 2483 vocantur.

149 2504 247 2582 Nunc,
272 2508 338 2584 qnia
358 2507 466 2566 varium
487 2507 551 2566 fere
571 2508 751 2585 propositum
775 2509 919 2584 agentium
940 2507 1009 2582 iuit‚
1033 2515 1103 2569 etll

66 2590 242 2669 quorundam
257 2609 325 2651 cura
339 2591 480 2651 tarditatis
493 2591 669 2669 quorundam
684 2590 807 2650 facilitas
822 2593 990 2651 temeritatis
1005 2593 1059 2649 cri·

65 2676 141 2734 mine
155 2673 312 2734 laboravit:
335 2692 420 2753 quem
437 2674 551 2734 credam
570 2674 635 2734 iore
652 2678 678 2734 in
694 2674 750 2734 hoc
768 2677 891 2736 oratoris
906 2675 1059 2748 modum,

65 2757 180 2818 tradere
207 2776 264 2818 non
290 2758 413 2820 alienum
437 2759 559 2819 videtur.
601 2758 714 2819 Afferet
740 2759 775 2819 ad
800 2758 949 2819 dicendum
975 2775 1060 2816 curae
1069 2769 1101 2819 15

67 2860 182 2919 semper
203 2852 337 2920 quantum
360 2834 510 2921 plurimum
532 2845 649 2920 poterit.
680 2842 782 2921 Neque
798 2845 871 2901 enim
888 2842 945 2901 hoc
966 2841 1060 2900 solum

67 2921 240 3002 negligentis
259 2927 310 2986 sed
327 2926 393 2986 mali
410 2936 439 2985 et
458 2929 486 2985 iu
501 2936 638 3005 suscepta
662 2945 748 2986 causa
764 2926 865 3003 perfidi
881 2944 916 2985 ac
932 2925 1060 3003 prodito·

69 3010 109 3067 ris
123 3017 182 3083 est,
204 3012 286 3086 peius
309 3028 398 3088 agere
414 3028 497 3088 qnam
515 3011 618 3088 possit.
650 3009 779 3087 Ideoque
803 3027 838 3068 ne
858 3008 1061 3087 suscipiendae

71 3091 181 3168 quidem
193 3101 257 3151 sunt
273 3111 377 3153 causac
389 3095 499 3172 plures,
516 3112 600 3172 quam
615 3093 719 3172 quibus
735 3092 918 3152 suffecturum
932 3111 965 3152 se
978 3094 1059 3152 sciat.

71 3174 154 3234 Dicet
169 3178 277 3254 scripta
296 3195 378 3254 quam
393 3197 442 3237 res
459 3180 584 3256 patietur
601 3176 722 3255 plurima
739 3186 785 3251 et,
803 3185 834 3235 ut
848 3176 1061 3236 Demosthenes
1069 3186 1102 3239 16

72 3260 126 3334 ait,
151 3260 175 3317 si
192 3262 355 3336 continget,
380 3271 409 3320 et
423 3262 546 3339 sculpta.
588 3261 647 3321 Sed
665 3261 721 3320 hoc
739 3268 786 3319 aut
802 3263 909 3338 primae
930 3262 1060 3321 actiones

73 3352 119 3402 aut
136 3361 209 3421 quae
226 3345 255 3404 in
269 3343 392 3423 publicis
407 3347 518 3406 iudiciis
534 3353 601 3424 post
619 3346 788 3403 interiectos
804 3344 865 3403 dies
881 3345 981 3404 dantur
994 3363 1059 3422 per·

72 3428 209 3494 miserint;
235 3437 263 3487 at
279 3445 342 3487 cum
362 3431 491 3504 protinus
511 3428 743 3506 respondendum
765 3436 826 3487 est:
850 3431 943 3488 omnia
966 3429 1061 3506 parari

74 3528 127 3571 non
149 3521 285 3591 possunt,
311 3512 384 3572 adeo
406 3522 436 3573 ut
459 3513 546 3591 paulo
570 3515 661 3573 minus
682 3514 822 3591 promptis
848 3515 932 3572 etiam
955 3519 1061 3570 noceat
1163 3549 1164 3552 κ
