2434 3925
745 4 776 17 π·-
796 6 922 19 *hp-ff„

161 208 218 271 148
468 154 825 284 ammonam

131 376 337 441 acredihiliter
349 385 455 456 potest.
481 376 513 437 lu
523 377 649 436 iudiciali
664 386 757 438 autem
770 379 888 438 materia
900 378 1052 457 dupliciter
1066 382 1142 440 acci-

156 462 260 539 pienda
281 471 341 520 est:
369 462 461 521 altero
482 461 585 535 modo,
608 479 666 539 quo
690 462 808 521 dicimus
828 462 931 521 multas
956 464 1143 541 quaestiones

155 544 264 604 habero
280 546 521 619 controversiam,
538 560 594 621 quo
611 547 696 604 etiam
710 547 836 606 minores
854 561 953 604 omues
971 547 1142 625 complecti·

154 645 232 703 ntur,
254 628 363 703 altero,
381 645 438 706 quo
454 628 646 705 significamus
662 647 796 691 summum
811 629 904 703 illam,
927 631 956 687 iu
976 647 1032 708 qua
1054 648 1143 691 causa

154 713 290 780 vertitur;
312 713 349 771 de
369 712 423 771 hae
442 729 517 770 nunc
536 711 659 789 loquor,
681 730 719 770 ex
741 729 796 789 qua
816 714 942 771 nascitur
956 721 1065 789 status,
1096 714 1144 773 Au

129 794 260 854 diaetam
272 793 330 855 sit?
355 795 429 868 Quid
443 796 549 854 iactum
563 792 621 854 siti
645 795 690 853 Aa
705 805 786 854 recte
801 796 906 854 iactum
918 793 977 855 sit?
999 795 1057 855 llas
1068 795 1142 856 Her·

152 895 285 955 magoras
308 888 336 938 et
359 879 557 957 Apollodorus
580 888 609 937 et
633 878 680 937 alii
702 878 814 957 plurimi
837 880 996 956 scriptores
1022 884 1143 958 proprie

152 965 344 1039 quaestiones
358 971 477 1038 vocant,
499 962 688 1037 Theodorus,
710 971 740 1020 ut
756 963 831 1037 dixi,
851 965 955 1040 capito
967 966 1141 1042 qeoeralia,

152 1046 227 1104 sicut
248 1046 313 1105 illas
328 1048 453 1106 minores
468 1055 516 1106 aut
531 1064 568 1105 ex
584 1045 642 1105 illis
658 1046 818 1123 pendentes
833 1048 991 1144 specialia
1023 1045 1096 1106 Nam
1112 1058 1144 1108 et

129 1131 351 1208 quaestionem
371 1149 408 1189 ex
429 1132 597 1207 quaestione
618 1131 697 1188 nasci
719 1138 748 1188 et
770 1132 899 1207 speciem
918 1131 947 1189 iu
963 1133 1078 1209 species
1099 1132 1141 1191 di·

125 1214 208 1272 avidi
229 1215 373 1273 convenit
408 1213 488 1273 Hanc
512 1215 599 1290 igitur
621 1214 818 1290 quaestionem
840 1214 929 1272 veluti
951 1214 1141 1293 principalem

150 1306 255 1356 vocant
270 1291 388 1374 ζήτημα.
417 1296 524 1357 Ratio
540 1305 635 1357 autem
651 1305 712 1370 est,
733 1298 842 1374 quaid,
859 1297 935 1374 quod
949 1297 1053 1357 iactum
1070 1315 1141 1358 esse

151 1388 273 1455 constat,
289 1381 461 1441 defenditur.
492 1379 529 1440 Et
545 1399 596 1440 cur
612 1397 669 1438 uon
684 1389 795 1439 utamur
811 1381 924 1455 eodem,
942 1398 998 1459 quo
1014 1390 1078 1440 sunt
1093 1385 1141 1441 usi

151 1479 250 1523 ornnes
265 1425 345 1539 iere,
367 1462 526 1541 exemplo?
557 1462 679 1524 Orestes
697 1473 824 1525 matrem
842 1467 970 1541 occidit,
991 1464 1048 1525 hoc
1068 1483 1140 1525 con·

150 1550 219 1617 stat3
241 1547 310 1606 dicit
329 1567 364 1609 se
379 1551 457 1609 iuste
474 1548 603 1626 fecisse:
621 1555 716 1611 status
736 1550 791 1607 erit
812 1547 972 1625 qualitatis;
992 1550 1139 1626 quaestio,

148 1629 198 1690 Aa
223 1632 302 1694 iuste
326 1630 458 1709 fecerit?
491 1633 581 1707 rutio,
614 1628 702 1703 Quod
729 1629 968 1711 Clytaemnestra
995 1633 1141 1694 moritum

147 1733 235 1776 soom
243 1725 387 1793 ,patrem
404 1714 535 1792 Orestis,
555 1716 684 1781 occidit·
703 1714 814 1774 hoc”
778 1737 871 1775 αιτιον
888 1715 999 1775 dieitur
1030 1709 1139 1796 Κρινά-

147 1819 236 1876 μενον
255 1807 348 1859 autem
369 1801 565 1874 iudicatio,
585 1795 634 1858 Aa
649 1801 816 1877 oportuerit
833 1800 882 1862 oel
899 1808 1053 1860 nocentem
1068 1819 1137 1860 ma-

121 1892 221 1946 atrem
239 1902 260 1945 a
273 1884 336 1961 filio
356 1885 476 1946 occidi?
508 1844 629 1956 Quidam
644 1882 857 1966 diviserunt’'
816 1904 935 1942 αιτιον
950 1891 979 1942 et
995 1881 1138 1959 αἰτίαν,

148 1977 178 2027 ut
201 1977 280 2028 esset
303 1969 412 2044 altera,
433 1977 656 2047 propterquam
676 1968 809 2026 iudicium
829 1969 1011 2026 constitutum
1025 1976 1086 2043 est,
1106 1977 1139 2027 ut

146 2053 257 2114 occiso·
272 2050 530 2132 Clytaemnestrar
562 2052 670 2126 altera,
697 2068 753 2129 qua
772 2051 877 2110 lactum
899 2051 1076 2125 defenditur,
1105 2060 1138 2110 ut

146 2137 268 2197 occisus
281 2134 494 2214 Apamemmom.
525 2135 584 2195 Sed
608 2143 685 2195 tauta
708 2142 753 2193 est
775 2136 854 2194 circa
874 2134 964 2193 rerba
979 2134 1136 2210 dissensio,

146 2226 177 2277 ut
195 2218 242 2278 alii
258 2218 355 2279 αἰτίαν
366 2237 494 2281 caasam
508 2219 628 2293 iudicii,
646 2218 741 2277 αἴτιον
755 2226 849 2277 autem
860 2218 938 2296 faeti
950 2227 1067 2292 vocent,
1086 2218 1137 2278 alii

146 2302 270 2360 eadem
261 2321 290 2360 nr
305 2304 479 2362 contrarium
489 2311 611 2362 vertant.
635 2300 796 2361 Latinorum
808 2301 942 2380 quidam
935 2300 1008 2361 haec
1018 2304 1137 2363 initiam

145 2387 343 2447 strationem
363 2394 557 2462 vocaverunt,
585 2384 699 2464 quidam
721 2394 871 2463 utrumque
895 2377 997 2444 eodem
1020 2386 1136 2444 nomine

118 2468 301 2546 §appellant
331 2467 424 2529 Causa
443 2486 558 2549 quoque
574 2487 730 2543 excausa,
754 2469 782 2528 id
798 2477 843 2527 est
863 2468 957 2528 αἴτιον
979 2467 1007 2542 ἐξ
1028 2468 1135 2544 αἰτίου,

144 2554 223 2612 uasci
243 2551 372 2628 videtur,
399 2555 484 2632 quale
508 2562 567 2613 est:
595 2552 715 2615 Occidit
735 2549 988 2630 Apamemmomem
1012 2551 1135 2631 Clytae-

142 2644 292 2713 mnestra,
309 2639 382 2715 qaia
396 2639 448 2698 itte
460 2638 555 2715 filiam
572 2655 756 2699 commanem
771 2637 980 2697 immolaverat
991 2645 1020 2698 et
1033 2637 1136 2714 copti-

141 2737 212 2781 oom
224 2721 362 2799 pellicem
377 2723 562 2783 addiscebat.
597 2719 687 2780 lidem
707 2728 821 2798 patant,
847 2728 876 2779 et
896 2720 949 2779 sub
969 2738 1024 2780 uua
1044 2738 1135 2798 quae·

142 2805 236 2864 stione
252 2804 351 2883 plures
376 2823 443 2865 esse
460 2806 605 2880 rationes,
629 2813 660 2863 ut
677 2805 701 2863 si
717 2802 835 2862 Orestes
852 2811 881 2862 st
896 2803 1015 2863 alteram
1030 2804 1137 2865 suerat

142 2904 258 2948 causam
276 2890 375 2950 matris
389 2898 527 2963 necatae,
546 2889 629 2966 qaod
648 2889 804 2966 responsis
817 2889 855 2948 sit
873 2888 1040 2966 impulsam
1062 2896 1136 2965 quot

142 2980 237 3030 autern
253 2991 356 3033 causas
371 2972 496 3032 faciendi
511 2972 630 3032 totidem
643 2971 845 3046 iudicationes,
862 2989 926 3030 uam
943 2970 1061 3030 ethaeo
1077 2973 1135 3030 erit

115 3055 293 3131 iiudicatio,
310 3054 360 3117 An
375 3058 530 3136 responsis
541 3074 658 3134 parere
673 3057 832 3116 debuerit?
857 3055 916 3115 Sed
931 3063 960 3114 et
974 3073 1029 3114 una
1044 3072 1133 3114 causa

23 3149 37 3164 “
141 3138 241 3218 plures
261 3140 372 3200 habere
391 3143 577 3219 quaestiones
596 3148 626 3198 et
644 3139 833 3199 iudicationes
856 3138 902 3215 (ut
919 3154 975 3215 ego
991 3138 1131 3217 arbitror)

141 3232 257 3302 potest,
286 3233 316 3283 ut
335 3225 363 3283 in
384 3242 438 3301 eo,
462 3228 529 3303 qui,
551 3242 613 3283 cum
634 3223 792 3283 adulteram
816 3221 1026 3300 deprehensam
1052 3223 1132 3281 occi·
1159 3238 1162 3243 ·

141 3307 248 3384 disset,
265 3308 440 3383 adulterum,
457 3311 505 3387 qui
520 3317 578 3367 tum
593 3307 752 3384 effugerat,
770 3316 873 3387 postea
888 3308 916 3365 iu
932 3306 996 3365 loro
1013 3306 1131 3365 occidit.

142 3389 239 3453 Causa
252 3393 327 3451 enim
342 3401 386 3451 est
401 3410 472 3467 uua,
495 3393 619 3454 adulter
637 3392 714 3470 fuim-
735 3391 921 3469 quaestiones
937 3399 967 3449 et
981 3389 1131 3449 iudicatio·

114 3484 207 3555 sues,
229 3496 272 3540 an
286 3478 338 3539 iilo
360 3484 508 3554 tempore,
531 3494 573 3538 om
587 3475 639 3538 iilo
658 3476 725 3538 ioco
742 3476 862 3538 licuerit
879 3475 1041 3536 occidere?
1070 3472 1132 3533 Sed
