2434 3925
134 197 193 263 188
447 211 804 273 muun.oumrm1un1

132 367 232 429 ordiua
247 376 398 447 appareat;
418 376 447 428 at
461 369 485 427 si
500 386 584 428 uuum
597 369 703 428 orimeu
714 368 794 429 varie
805 367 1002 446 defendemus,
1016 378 1118 450 supar-

102 465 231 522 ovuoua.
273 451 311 512 Ut
327 453 351 512 si
370 452 420 512 illa
438 454 604 530 partiamur,
624 451 744 527 Dicam,
765 471 825 513 non
843 454 932 514 talem
949 473 1016 516 esso
1027 456 1118 532 buno,

117 538 219 620 'aneio
239 545 333 613 tneor,
354 555 450 611 reum,
465 545 498 596 nt
517 538 549 596 in
570 556 606 597 eo
627 537 772 598 credibile
791 537 891 597 rideri
908 539 1007 615 possit
1026 538 1117 600 borni·

131 621 273 692 oidiuma
289 622 405 696 dieunt,
432 621 594 682 occidendi
618 638 744 681 nanuum
764 620 834 681 bnis
854 640 914 682 non
931 621 1047 699 fnisse,·
1068 624 1117 683 di·

131 723 210 780 oum,
232 704 312 765 buno
332 722 367 765 eo
386 713 528 782 ternpore,
550 722 608 782 qno
623 706 706 765 bomo
720 705 840 764 occisus
854 711 909 779 est,
929 713 1017 766 trans
1031 724 1119 767 mare

129 790 240 866 fnisse:
262 788 369 862 omnia,
392 805 465 865 quae
480 796 544 847 aute
560 787 605 861 id,
631 788 707 866 quod
722 786 846 846 ultimum
867 797 927 863 est,
950 790 1115 866 exequeris,

90 872 222 939 10iuauiu
236 871 328 930 videri
347 888 471 930 neeesse
493 879 547 930 est.
583 870 710 930 Festinat
726 871 799 930 enim
816 871 903 932 iudex
922 871 1016 948 adid,
1040 873 1116 950 quod

129 956 356 1034 potentissimum
376 964 436 1030 est,
465 963 493 1014 et
513 954 592 1013 velut
616 953 771 1030 obligatum
791 956 933 1032 promisso
956 965 1115 1033 patronum,

129 1041 154 1098 si
179 1048 223 1099 est
243 1040 411 1116 patientior,
434 1039 536 1098 taoitus
559 1037 702 1115 appellat;
730 1040 754 1096 si
774 1037 823 1096 vel
844 1049 1001 1117 occupatus
1020 1040 1068 1099 vel
1087 1042 1117 1099 io

129 1122 223 1201 aliqua
238 1131 382 1200 potestate
397 1122 446 1182 vel
464 1122 548 1181 etiam
562 1124 586 1180 si
601 1119 727 1179 moribus
741 1122 957 1199 incompositus,
974 1140 1037 1182 oum
1048 1140 1116 1182 oon·

17 1208 22 1215 '
88 1208 204 1274 nnioio
226 1205 373 1282 efflagitat.
398 1205 510 1283 ,ltaque
530 1222 586 1263 non
606 1205 772 1280 defuerunt,
801 1206 849 1282 qui
869 1203 1018 1265 Ciceronis
1038 1207 1117 1266 illam

128 1307 182 1368 pro
198 1288 329 1350 cluentio
345 1291 523 1367 partitionem
538 1287 748 1367 improbarent,
770 1305 825 1365 qua
846 1307 878 1348 se
894 1291 1031 1349 dicturum
1048 1308 1116 1349 esse

128 1375 257 1452 promisit
266 1375 408 1452 primum,
429 1375 575 1434 neminem
596 1374 761 1434 maioribus
782 1374 972 1450 criminibus,
992 1376 1117 1452 pronio-

128 1459 215 1519 ribna
237 1458 376 1533 testibus,
402 1458 435 1517 in
453 1458 600 1517 indicium
621 1464 762 1518 vocatum
782 1473 871 1534 quum
895 1455 1095 1535 Oppianicum
1101 1481 1116 1528 ;

130 1542 250 1617 deinde,
271 1541 466 1618 praeiudicia
486 1559 553 1601 ense
569 1542 657 1620 foeta
679 1541 718 1600 ab
732 1541 807 1617 ipsis
824 1542 988 1618 indicibus,
1010 1560 1031 1602 n
1051 1543 1116 1619 qui

129 1625 186 1686 bus
206 1627 422 1686 condemnatus
444 1626 503 1694 sit,·
519 1632 687 1703 postremo,
714 1625 860 1685 indicium
885 1627 1018 1703 pecnnia
1044 1634 1116 1687 tenn-

126 1716 244 1787 ptatum
263 1728 322 1769 non
338 1726 398 1786 pro
420 1705 554 1769 Cluentio
573 1709 631 1768 sed
650 1714 757 1768 contro
781 1705 950 1769 Cluentium
955 1731 970 1778 ,·
991 1710 1072 1786 quia,
1090 1711 1116 1768 si

129 1792 245 1870 probari
260 1802 379 1872 posset,
397 1791 472 1869 quod
488 1800 533 1851 est
547 1793 671 1866 tertium,
689 1791 756 1851 nihil
774 1790 897 1851 neeesse
912 1793 998 1852 fuerit
1016 1791 1116 1852 dioere

89 1878 233 1954 12priora.
269 1876 378 1935 Rursus
396 1893 479 1935 nemo
495 1885 550 1935 tam
567 1877 621 1934 erit
638 1877 756 1934 iniustus
772 1883 820 1934 aut
837 1876 950 1952 stultus,
968 1878 1034 1954 quin
1051 1893 1115 1935 eum

128 1960 251 2021 iuteutur
263 1964 369 2040 optime
383 1977 437 2039 pro
449 1959 567 2020 Murena
582 1978 649 2019 esse
661 1961 806 2037 partitum:
822 1957 970 2039 Inteiiipo,
985 1963 1113 2037 iudices,

127 2047 288 2123 tristudine
309 2047 515 2108 oooutationis
532 2045 629 2123 fnisse
644 2054 767 2122 purten,
794 2051 823 2104 et
844 2063 950 2105 earnm
970 2063 1062 2105 unum
1082 2045 1114 2104 in

126 2130 361 2207 reprehensione
373 2131 464 2205 oitne,
480 2129 609 2189 aiteram
626 2129 657 2188 in
671 2129 856 2189 contentione
871 2130 1036 2207 dipnitatio,
1051 2135 1113 2189 ter-

127 2214 200 2273 tiom
224 2214 257 2272 in
284 2214 461 2273 criminibus
481 2213 612 2272 ambitus
637 2231 704 2272 eane
728 2220 891 2273 versutam.
931 2211 1002 2272 Nam
1021 2213 1064 2271 sio
1085 2221 1115 2271 et

128 2295 253 2355 ostendit
267 2295 441 2357 iuoidissime
454 2314 568 2355 oausam
580 2303 608 2354 et
624 2294 692 2354 nihil
707 2294 776 2354 iecit
788 2294 879 2354 uitero
895 2313 1113 2373 supervacuum.

86 2387 120 2445 13
211 2378 256 2438 De
273 2379 323 2439 ilio
335 2396 450 2457 quoque
461 2397 570 2455 genere
582 2379 756 2439 defensionis
768 2378 901 2457 plerique
919 2379 1059 2439 dubitant:
1078 2376 1116 2438 Si

126 2464 242 2538 occidi,
265 2472 348 2524 reete
365 2464 447 2542 feei}
468 2465 524 2524 sed
543 2482 602 2523 non
621 2463 740 2531 oceidi,·
762 2480 818 2540 quo
831 2465 913 2521 ¹euim
934 2465 1012 2540 prius
1027 2463 1114 2540 perti·

127 2565 209 2622 nere,
226 2547 251 2604 si
267 2564 392 2624 sequeus
408 2547 516 2606 firmum
532 2543 590 2605 sit?
613 2546 685 2605 hueo
700 2547 819 2605 invicem
835 2546 967 2621 obstare,
994 2556 1022 2605 et
1036 2555 1114 2605 utro-

129 2649 185 2709 que
207 2630 350 2689 uteutibus
372 2632 400 2688 in
418 2640 520 2690 neutro
543 2629 642 2689 haberi
657 2629 750 2693 iidem.
787 2628 871 2702 Quod
892 2648 961 2689 saue
982 2633 1010 2689 in
1031 2638 1115 2708 parte

127 2733 227 2776 verum
242 2724 296 2790 est,
312 2723 342 2772 et
359 2713 409 2773 illo
425 2715 567 2792 sequenti,
587 2716 612 2773 ei
623 2713 708 2773 modo
719 2712 904 2773 indubitabile
922 2722 977 2790 est,
994 2715 1030 2772 sit
1047 2713 1114 2773 sodo

87 2799 268 2862 lentandum.
303 2797 341 2857 At
364 2800 388 2856 si
410 2797 476 2875 quid
496 2800 524 2857 iu
546 2814 598 2874 eo,
630 2797 706 2875 quod
730 2806 774 2873 e'st
795 2797 913 2873 fortius,
938 2797 1113 2857 timebimus:

46 2911 54 2925 ·
128 2893 248 2960 utraque
267 2881 437 2960 probatione
457 2882 587 2941 nitemur.
623 2880 706 2940 Alius
728 2881 801 2939 enim
821 2881 878 2940 ulio
898 2882 1008 2940 moveri
1025 2879 1114 2954 solet,

129 2976 159 3025 et
179 2968 226 3044 qui
246 2966 351 3025 fuctum
371 2966 495 3042 putavit,
518 2966 621 3024 iustum
642 2964 763 3024 eredere
783 2973 893 3041 potest;
916 2966 963 3043 qui
981 2973 1116 3042 tunquam

129 3051 204 3110 iusto
220 3066 276 3107 uon
290 3047 466 3123 movebitur,
492 3049 597 3108 fautum
621 3048 746 3108 fortasse
766 3064 822 3106 nou
845 3048 953 3122 credet.
981 3046 1019 3106 Ut
1034 3055 1116 3106 oerta

46 3123 53 3134 ⁵
128 3151 226 3193 manus
246 3150 303 3191 uno
325 3133 384 3192 telo
409 3134 500 3210 possit
521 3150 587 3192 esse
609 3141 760 3192 contenta:
789 3133 899 3191 iuoerta
925 3131 1006 3209 plura
1033 3148 1114 3209 spar-

87 3217 222 3294 15geuda
241 3224 320 3291 suut,
342 3225 372 3275 ut
392 3217 429 3275 sit
445 3225 473 3274 et
491 3216 622 3276 fortunae
640 3216 732 3275 loous.
769 3213 897 3292 Egregie
916 3232 987 3274 vero
1010 3212 1114 3274 Cioero

26 3359 29 3365 .
130 3317 182 3378 pro
198 3298 305 3359 Milone
320 3299 513 3359 insidiatorem
528 3302 646 3377 primum
662 3298 791 3360 Clodium
810 3298 944 3374 ostendit,
962 3307 1020 3358 tum
1036 3297 1114 3358 addi·

130 3385 170 3444 dit
183 3401 228 3442 <ex
248 3382 416 3464 abundanti,
437 3384 546 3442 etiamsi
561 3384 588 3443 id
603 3401 658 3442 non
676 3383 795 3457 inisset,
811 3382 897 3442 talem
911 3391 1004 3442 tamen
1022 3383 1114 3441 civem

131 3484 195 3529 oum
216 3485 322 3528 summa
341 3467 445 3526 virtute
466 3467 661 3527 iuterieutoris
685 3475 714 3527 et
733 3464 827 3543 gloria
848 3467 947 3526 necari
973 3466 1114 3544 potuisse.
