2434 3925
251 270 253 273 y
355 201 608 252 monoceron.
624 201 806 268 u1e.n,11.
1034 188 1075 252 79

78 363 162 423 ciunt
182 367 299 419 actores
319 358 438 432 comici,
460 357 508 437 qui
528 351 624 435 neque
646 358 684 417 ita
707 374 845 435 prorsus,
867 367 898 419 nt
917 375 971 418 nos
985 357 1075 436 vulgo

78 446 243 526 loquimur,
267 444 463 523 pronuntiant,
487 441 564 520 quod
580 449 660 500 esset
681 442 742 500 sine
758 451 837 518 arte,
858 461 954 522 neque
971 443 1075 521 procul

79 539 179 589 tamen
196 546 213 587 a
230 537 330 587 natura
348 526 498 599 recedunt,
515 540 572 602 quo
589 526 658 583 vitio
675 527 784 603 periret
796 527 930 594 imitatio;
946 527 999 587 sed
1014 544 1074 587 mo·

78 631 145 673 rem
164 611 320 671 communis
337 610 419 669 huius
434 610 576 667 sermonis
595 609 704 668 decore
720 610 843 687 quodam
858 613 978 671 scenico
990 628 1075 671 exor-

78 705 160 756 nant.
191 697 241 756 Sic
263 711 379 774 quoque
403 693 498 770 aliqua
520 708 573 751 nos
588 694 769 753 incommoda
791 713 828 753 ex
849 693 910 769 his,
932 713 1003 773 quas
1025 696 1118 759 lin-lt

78 780 220 855 xerimus,
236 779 363 838 materiis
376 785 601 854 consequentur,
618 778 646 835 in
659 794 695 837 eo
708 778 876 856 praecipue,
895 780 973 856 quod
988 780 1076 840 multa

79 865 111 922 in
126 862 170 921 his
188 862 387 940 relinquuntur
403 862 524 934 incerta,
540 878 617 938 quae
629 864 763 921 sumimus
774 871 805 920 ut
815 862 938 937 videtur,
951 872 1074 940 aetates,

80 947 255 1021 facultates,
278 946 402 1019 liberos,
426 953 581 1023 parentes,
603 945 714 1005 urbium
738 946 864 1023 ipsarum
885 947 979 1021 vires,
1002 948 1074 1021 iura,

80 1046 192 1106 mores,
209 1030 266 1089 alia
281 1029 324 1088 his
340 1030 456 1094 similia;
476 1027 629 1106 aliquando
646 1031 732 1089 etiam
747 1038 943 1106 argumentum
956 1048 994 1089 ex
1005 1031 1076 1108 ipsis
1083 1041 1125 1094 15.

81 1115 258 1193 positionum
286 1114 362 1172 vitiis
384 1113 521 1172 ducimus.
567 1113 627 1172 Sed
655 1112 729 1173 haec
757 1130 810 1173 suo
836 1131 969 1193 quaeque
995 1115 1073 1174 loco.

82 1198 220 1272 Quamvis
242 1198 316 1256 enim
337 1214 421 1257 omne
438 1197 619 1273 propositum
635 1198 734 1274 operis
759 1199 872 1258 anobis
889 1198 1021 1257 destinati
1037 1216 1074 1258 eo

82 1290 210 1360 spectet,
226 1291 257 1340 ut
271 1290 370 1340 orator
385 1280 561 1347 instituatur;
578 1289 688 1355 tamen,
705 1300 741 1341 ne
758 1283 825 1360 quid
842 1281 963 1341 studiosi
978 1284 1074 1361 requi·

80 1374 163 1440 rant,
185 1366 270 1425 etiam
286 1365 310 1423 si
328 1365 396 1444 quid
411 1364 480 1437 erit,
504 1364 582 1440 quod
603 1364 639 1424 ad
654 1364 770 1425 scltolas
785 1367 929 1443 pertineat
944 1368 1074 1444 proprie,

82 1450 112 1507 in
127 1450 246 1509 transitu
261 1465 318 1510 non
333 1451 505 1508 omittemus.

303 1598 348 1648 AN
368 1599 464 1649 ARTIS
481 1598 686 1650 uncussatun
704 1600 861 1652 coonruto.

167 1699 216 1759 Xl.
246 1699 304 1759 lam
326 1698 392 1758 ltine
414 1714 485 1774 ergo
508 1699 590 1758 nobis
613 1698 772 1758 inchoanda
797 1708 842 1758 est
859 1717 893 1758 ea
909 1718 976 1777 pars
994 1702 1074 1777 artis,

83 1804 122 1846 ex
145 1802 200 1863 qua
222 1800 328 1861 capere
345 1783 450 1841 initium
470 1782 582 1880 solent,
606 1783 655 1860 qui
676 1784 772 1859 priora
795 1784 964 1850 omiserunt;
987 1802 1074 1862 quan·

83 1887 169 1968 quam
183 1868 271 1927 video
295 1865 465 1944 quosdam
456 1884 485 1924 ιιι
507 1867 571 1943 ipso
594 1868 688 1924 statim
705 1865 799 1925 limine
818 1866 982 1926 obstaturos
997 1867 1074 1942 milri,

83 1954 133 2033 qui
159 1951 229 2011 nihil
254 1947 344 2029 egere
366 1949 527 2011 huiusmodi
551 1951 719 2028 praeceptis
747 1948 941 2028 eloquentiam
964 1960 1075 2029 putent,

82 2038 138 2098 sed
155 2045 254 2096 natura
271 2043 367 2095 suaet
388 2033 500 2110 vulgari
520 2035 606 2094 modo
628 2043 658 2093 et
682 2034 845 2094 scholarum
867 2037 1076 2094 exercitatione

84 2121 213 2181 contenti
230 2119 342 2178 rideant
357 2118 443 2177 etiam
467 2117 644 2194 diligentiam
659 2127 802 2192 nostram,
826 2119 961 2218 exemplo
981 2120 1076 2218 magni

83 2221 202 2283 quoque
220 2203 340 2261 nominis
355 2203 569 2280 professorum,
586 2220 706 2299 quorum
723 2202 843 2300 aliquis,
858 2211 888 2261 ut
905 2204 1018 2281 opinor,
1035 2205 1075 2263 in·

82 2296 261 2364 terrogatus,
278 2286 346 2364 quid
364 2295 444 2345 esset
459 2289 554 2364 σχῆμα
577 2296 606 2346 et
622 2278 732 2364 νόημα,
758 2287 878 2349 nesure
898 2307 932 2348 se
954 2289 1076 2366 quidem

82 2373 156 2448 sed,
178 2371 207 2431 e·
225 2373 269 2432 ad
286 2389 351 2431 rem
368 2372 552 2449 pertineret,
573 2390 640 2432 esse
663 2373 695 2431 iu
713 2390 771 2432 sua
791 2372 1010 2434 declamatione
1030 2390 1075 2432 re·

82 2454 210 2535 spondit.
250 2453 333 2513 Alius
358 2455 557 2532 percontanti,
582 2454 775 2518 Theodoreus
795 2476 837 2517 au
856 2452 1105 2535 Apollodoreuea

83 2540 187 2601 erret?
227 2535 309 2617 Ego,
333 2538 439 2617 inquit,
459 2539 671 2618 parmularius
688 2559 764 2600 eum.
806 2539 869 2599 Nec
891 2558 961 2600 sane
984 2541 1078 2618 potuit

86 2622 222 2684 urbanius
241 2641 278 2682 ex
294 2623 479 2682 confessione
496 2624 626 2682 inscitiae
642 2641 712 2682 suae
731 2623 816 2682 elabi.
848 2623 937 2683 Porro
954 2624 992 2699 ht,
1009 2625 1075 2701 quia

86 2717 115 2767 et
136 2706 282 2767 henetioio
304 2707 412 2783 ingenii
433 2714 615 2784 praestantes
636 2714 701 2765 sunt
723 2705 811 2765 habiti
832 2715 861 2766 et
882 2708 969 2767 multa
991 2709 1075 2767 etiam

86 2791 222 2851 memoria
238 2790 323 2867 digna
340 2789 588 2865 exclamaverunt,
612 2790 749 2869 plurimos
770 2788 875 2849 hahent
897 2791 1005 2850 similes
1026 2809 1075 2850 ne·

85 2875 243 2952 gligentiae
266 2891 352 2949 suae,
374 2875 564 2952 paucissimos
585 2884 715 2933 naturae.
749 2873 840 2950 lgitur
854 2875 961 2952 impetu
977 2875 1107 2939 diceret

86 2977 120 3018 se
142 2967 172 3018 et
186 2958 295 3017 viribus
317 2958 357 3016 uti
374 2957 548 3034 gloriantur;
572 2977 668 3036 neque
692 2959 766 3017 enim
789 2974 863 3035 opus
883 2976 951 3017 esse
972 2957 1077 3036 proba·

86 3043 164 3101 tione
185 3051 233 3101 aut
253 3042 443 3120 dispositione
465 3042 493 3100 in
512 3041 600 3101 rebus
616 3042 709 3116 lictis,
733 3041 803 3116 sed,
830 3042 909 3100 cuius
924 3042 968 3101 rei
985 3044 1078 3118 gratie

86 3125 202 3203 plenum
218 3127 254 3184 sit
270 3125 457 3199 auditorium,
480 3127 630 3185 sententiis
644 3124 817 3202 grandibus,
835 3142 953 3203 quarum
971 3127 1077 3204 optima

87 3226 221 3287 quaeque
238 3208 402 3286 epericulo
420 3218 543 3287 petatur.
574 3209 650 3282 Quin
665 3210 751 3268 etiam
768 3210 796 3267 in
811 3209 984 3286 cogitando,
1000 3210 1108 3270 nullst

85 3292 196 3352 ratione
215 3291 341 3353 adhibita
365 3302 413 3352 aut
427 3302 533 3353 tectum
549 3295 694 3352 intuentes
709 3310 840 3369 magnum
855 3293 979 3372 aliquid,
1000 3293 1077 3372 quod

86 3376 162 3436 ultro
177 3394 211 3436 se
227 3377 347 3452 offerat,
372 3377 501 3455 pluribus
523 3395 615 3455 saepe
632 3375 733 3436 diebus
749 3386 920 3455 expectant,
942 3386 989 3436 aut
1004 3394 1077 3434 mur·

85 3478 166 3521 mure
182 3461 294 3521 incerto
310 3461 390 3522 velut
406 3460 531 3522 classico
546 3462 671 3520 instincti
681 3462 933 3522 concitatissimum
945 3459 1077 3538 corporis
