<?xml version="1.0" encoding="UTF-8"?>
<!DOCTYPE html PUBLIC "-//W3C//DTD XHTML 1.0 Transitional//EN"
    "http://www.w3.org/TR/xhtml1/DTD/xhtml1-transitional.dtd">
<html xmlns="http://www.w3.org/1999/xhtml" xml:lang="en" lang="en">
 <head>
  <title>
</title>
<meta http-equiv="Content-Type" content="text/html;charset=utf-8" />
  <meta name='ocr-system' content='tesseract 3.04.00' />
  <meta name='ocr-capabilities' content='ocr_page ocr_carea ocr_par ocr_line ocrx_word'/>
</head>
<body>
  <div class='ocr_page' id='page_1' title='image "./mfabiiquintilia08bonngoog_0719.png"; bbox 0 0 2434 3925; ppageno 0'>
   <div class='ocr_carea' id='block_1_1' title="bbox 353 201 1091 282">
    <p class='ocr_par' dir='ltr' id='par_1_1' title="bbox 353 201 1091 282">
     <span class='ocr_line' id='line_1_1' title="bbox 353 201 1091 282; baseline -0.003 -16"><span class='ocrx_word' id='word_1_1' title='bbox 353 216 442 266; x_wconf 79' lang='lat' dir='ltr'><strong>susa.</strong></span> <span class='ocrx_word' id='word_1_2' title='bbox 456 214 823 282; x_wconf 63' lang='lat' dir='ltr'><strong>conmonuemus</strong></span> <span class='ocrx_word' id='word_1_3' title='bbox 1030 201 1091 266; x_wconf 83' lang='lat'><strong>263</strong></span> 
     </span>
    </p>
   </div>
   <div class='ocr_carea' id='block_1_2' title="bbox 23 370 1154 3565">
    <p class='ocr_par' dir='ltr' id='par_1_2' title="bbox 83 370 1092 451">
     <span class='ocr_line' id='line_1_2' title="bbox 83 370 1092 451; baseline -0.004 -15"><span class='ocrx_word' id='word_1_4' title='bbox 83 375 172 436; x_wconf 77' lang='lat' dir='ltr'><strong>aliud</strong></span> <span class='ocrx_word' id='word_1_5' title='bbox 186 375 215 435; x_wconf 89' lang='lat' dir='ltr'><strong>in</strong></span> <span class='ocrx_word' id='word_1_6' title='bbox 228 374 285 434; x_wconf 91' lang='lat' dir='ltr'><strong>alio</strong></span> <span class='ocrx_word' id='word_1_7' title='bbox 301 373 392 449; x_wconf 74' lang='lat' dir='ltr'><strong>magis</strong></span> <span class='ocrx_word' id='word_1_8' title='bbox 410 373 531 451; x_wconf 89' lang='lat' dir='ltr'><strong>eminet,</strong></span> <span class='ocrx_word' id='word_1_9' title='bbox 549 370 601 431; x_wconf 90' lang='lat' dir='ltr'><strong>sed</strong></span> <span class='ocrx_word' id='word_1_10' title='bbox 620 371 697 449; x_wconf 89' lang='lat' dir='ltr'><strong>quod</strong></span> <span class='ocrx_word' id='word_1_11' title='bbox 711 388 769 430; x_wconf 94' lang='lat' dir='ltr'><strong>non</strong></span> <span class='ocrx_word' id='word_1_12' title='bbox 782 388 837 430; x_wconf 87' lang='lat' dir='ltr'><strong>uua</strong></span> <span class='ocrx_word' id='word_1_13' title='bbox 853 372 983 431; x_wconf 87' lang='lat' dir='ltr'><strong>omnihus</strong></span> <span class='ocrx_word' id='word_1_14' title='bbox 999 371 1092 432; x_wconf 89' lang='lat' dir='ltr'><strong>forma</strong></span> 
     </span>
    </p>

    <p class='ocr_par' dir='ltr' id='par_1_3' title="bbox 23 455 1154 2706">
     <span class='ocr_line' id='line_1_3' title="bbox 23 455 1091 540; baseline -0.005 -20"><span class='ocrx_word' id='word_1_15' title='bbox 23 533 24 538; x_wconf 8' lang='grc' dir='ltr'>γ</span> <span class='ocrx_word' id='word_1_16' title='bbox 83 461 225 540; x_wconf 78' lang='lat' dir='ltr'><strong>placuit,</strong></span> <span class='ocrx_word' id='word_1_17' title='bbox 244 459 347 536; x_wconf 88' lang='lat' dir='ltr'><strong>partim</strong></span> <span class='ocrx_word' id='word_1_18' title='bbox 363 457 533 516; x_wconf 89' lang='lat' dir='ltr'><strong>condicione</strong></span> <span class='ocrx_word' id='word_1_19' title='bbox 549 455 597 515; x_wconf 90' lang='lat' dir='ltr'><strong>vel</strong></span> <span class='ocrx_word' id='word_1_20' title='bbox 614 465 775 533; x_wconf 90' lang='lat' dir='ltr'><strong>temporum</strong></span> <span class='ocrx_word' id='word_1_21' title='bbox 791 455 840 514; x_wconf 90' lang='lat' dir='ltr'><strong>vel</strong></span> <span class='ocrx_word' id='word_1_22' title='bbox 856 455 1002 532; x_wconf 90' lang='lat' dir='ltr'><strong>locorum,</strong></span> <span class='ocrx_word' id='word_1_23' title='bbox 1026 474 1091 535; x_wconf 90' lang='lat' dir='ltr'><strong>par-</strong></span> 
     </span>
     <span class='ocr_line' id='line_1_4' title="bbox 83 539 1118 619; baseline -0.001 -15"><span class='ocrx_word' id='word_1_24' title='bbox 83 546 143 604; x_wconf 84' lang='lat' dir='ltr'><strong>tim</strong></span> <span class='ocrx_word' id='word_1_25' title='bbox 163 543 269 603; x_wconf 88' lang='lat' dir='ltr'><strong>iudicio</strong></span> <span class='ocrx_word' id='word_1_26' title='bbox 292 542 431 619; x_wconf 87' lang='lat' dir='ltr'><strong>cuiusque</strong></span> <span class='ocrx_word' id='word_1_27' title='bbox 457 549 543 617; x_wconf 83' lang='lat' dir='ltr'><strong>atque</strong></span> <span class='ocrx_word' id='word_1_28' title='bbox 561 541 725 618; x_wconf 91' lang='lat' dir='ltr'><strong>proposito.</strong></span> <span class='ocrx_word' id='word_1_29' title='bbox 758 539 859 615; x_wconf 82' lang='lat' dir='ltr'>Primi,</span> <span class='ocrx_word' id='word_1_30' title='bbox 885 557 1005 618; x_wconf 83' lang='lat' dir='ltr'><strong>quorum</strong></span> <span class='ocrx_word' id='word_1_31' title='bbox 1028 543 1118 619; x_wconf 80' lang='lat' dir='ltr'><strong>qui-3</strong></span> 
     </span>
     <span class='ocr_line' id='line_1_5' title="bbox 84 624 1092 705; baseline -0.004 -17"><span class='ocrx_word' id='word_1_32' title='bbox 84 630 158 689; x_wconf 87' lang='lat' dir='ltr'><strong>dern</strong></span> <span class='ocrx_word' id='word_1_33' title='bbox 179 644 271 705; x_wconf 89' lang='lat' dir='ltr'><strong>opera</strong></span> <span class='ocrx_word' id='word_1_34' title='bbox 293 642 350 685; x_wconf 90' lang='lat' dir='ltr'><strong>non</strong></span> <span class='ocrx_word' id='word_1_35' title='bbox 372 625 524 684; x_wconf 87' lang='lat' dir='ltr'><strong>vetustatis</strong></span> <span class='ocrx_word' id='word_1_36' title='bbox 548 624 635 686; x_wconf 93' lang='lat' dir='ltr'><strong>modo</strong></span> <span class='ocrx_word' id='word_1_37' title='bbox 657 626 750 700; x_wconf 85' lang='lat' dir='ltr'><strong>gratia</strong></span> <span class='ocrx_word' id='word_1_38' title='bbox 768 624 889 684; x_wconf 88' lang='lat' dir='ltr'><strong>visenda</strong></span> <span class='ocrx_word' id='word_1_39' title='bbox 911 633 991 700; x_wconf 92' lang='lat' dir='ltr'><strong>sunt,</strong></span> <span class='ocrx_word' id='word_1_40' title='bbox 1021 625 1092 685; x_wconf 89' lang='lat' dir='ltr'><strong>olari</strong></span> 
     </span>
     <span class='ocr_line' id='line_1_6' title="bbox 84 707 1091 792; baseline -0.004 -20"><span class='ocrx_word' id='word_1_41' title='bbox 84 714 265 792; x_wconf 86' lang='lat' dir='ltr'><strong>pictores</strong></span> <span class='ocrx_word' id='word_1_42' title='bbox 280 710 371 769; x_wconf 87' lang='lat' dir='ltr'><strong>fuisse</strong></span> <span class='ocrx_word' id='word_1_43' title='bbox 383 709 514 768; x_wconf 89' lang='lat' dir='ltr'><strong>dicuntur</strong></span> <span class='ocrx_word' id='word_1_44' title='bbox 527 707 708 785; x_wconf 77' lang='lat' dir='ltr'><strong>Polygnotus</strong></span> <span class='ocrx_word' id='word_1_45' title='bbox 720 718 806 786; x_wconf 86' lang='lat' dir='ltr'><strong>atque</strong></span> <span class='ocrx_word' id='word_1_46' title='bbox 817 707 1004 786; x_wconf 80' lang='lat' dir='ltr'>Aglaophon,</span> <span class='ocrx_word' id='word_1_47' title='bbox 1021 726 1091 787; x_wconf 83' lang='lat' dir='ltr'><strong>quo·</strong></span> 
     </span>
     <span class='ocr_line' id='line_1_7' title="bbox 84 792 1154 873; baseline -0.002 -17"><span class='ocrx_word' id='word_1_48' title='bbox 84 814 155 856; x_wconf 86' lang='lat' dir='ltr'><strong>rum</strong></span> <span class='ocrx_word' id='word_1_49' title='bbox 175 795 300 873; x_wconf 79' lang='lat' dir='ltr'><strong>simplex</strong></span> <span class='ocrx_word' id='word_1_50' title='bbox 321 792 404 853; x_wconf 91' lang='lat' dir='ltr'><strong>color</strong></span> <span class='ocrx_word' id='word_1_51' title='bbox 424 802 480 853; x_wconf 91' lang='lat' dir='ltr'><strong>tam</strong></span> <span class='ocrx_word' id='word_1_52' title='bbox 503 792 547 851; x_wconf 91' lang='lat' dir='ltr'><strong>sui</strong></span> <span class='ocrx_word' id='word_1_53' title='bbox 572 793 719 852; x_wconf 91' lang='lat' dir='ltr'><strong>studiosos</strong></span> <span class='ocrx_word' id='word_1_54' title='bbox 741 792 834 852; x_wconf 90' lang='lat' dir='ltr'><strong>adhuc</strong></span> <span class='ocrx_word' id='word_1_55' title='bbox 854 792 958 868; x_wconf 91' lang='lat' dir='ltr'><strong>hahet,</strong></span> <span class='ocrx_word' id='word_1_56' title='bbox 992 802 1022 852; x_wconf 89' lang='lat' dir='ltr'><strong>ut</strong></span> <span class='ocrx_word' id='word_1_57' title='bbox 1042 792 1092 854; x_wconf 87' lang='lat' dir='ltr'><strong>illa</strong></span> <span class='ocrx_word' id='word_1_58' title='bbox 1152 808 1154 812; x_wconf 82' lang='lat'>&#39;</span> 
     </span>
     <span class='ocr_line' id='line_1_8' title="bbox 86 876 1090 960; baseline -0.003 -21"><span class='ocrx_word' id='word_1_59' title='bbox 86 896 187 960; x_wconf 87' lang='lat' dir='ltr'><strong>prope</strong></span> <span class='ocrx_word' id='word_1_60' title='bbox 208 879 289 939; x_wconf 90' lang='lat' dir='ltr'><strong>rudia</strong></span> <span class='ocrx_word' id='word_1_61' title='bbox 309 896 344 937; x_wconf 88' lang='lat' dir='ltr'><strong>ac</strong></span> <span class='ocrx_word' id='word_1_62' title='bbox 364 877 444 937; x_wconf 92' lang='lat' dir='ltr'><strong>velut</strong></span> <span class='ocrx_word' id='word_1_63' title='bbox 463 876 577 936; x_wconf 89' lang='lat' dir='ltr'><strong>futurae</strong></span> <span class='ocrx_word' id='word_1_64' title='bbox 598 895 667 937; x_wconf 84' lang='lat' dir='ltr'><strong>mox</strong></span> <span class='ocrx_word' id='word_1_65' title='bbox 683 877 752 936; x_wconf 87' lang='lat' dir='ltr'><strong>artis</strong></span> <span class='ocrx_word' id='word_1_66' title='bbox 774 877 930 954; x_wconf 88' lang='lat' dir='ltr'><strong>primordia</strong></span> <span class='ocrx_word' id='word_1_67' title='bbox 950 878 1090 952; x_wconf 84' lang='lat' dir='ltr'><strong>maximis,</strong></span> 
     </span>
     <span class='ocr_line' id='line_1_9' title="bbox 88 961 1090 1042; baseline -0.003 -19"><span class='ocrx_word' id='word_1_68' title='bbox 88 965 143 1042; x_wconf 82' lang='lat' dir='ltr'><strong>qui</strong></span> <span class='ocrx_word' id='word_1_69' title='bbox 158 973 225 1042; x_wconf 93' lang='lat' dir='ltr'><strong>post</strong></span> <span class='ocrx_word' id='word_1_70' title='bbox 241 979 294 1022; x_wconf 91' lang='lat' dir='ltr'><strong>eos</strong></span> <span class='ocrx_word' id='word_1_71' title='bbox 311 961 665 1035; x_wconf 81' lang='lat' dir='ltr'><strong>extiterunt,auctorihus</strong></span> <span class='ocrx_word' id='word_1_72' title='bbox 682 961 865 1039; x_wconf 80' lang='lat' dir='ltr'><strong>praeferant,</strong></span> <span class='ocrx_word' id='word_1_73' title='bbox 883 963 1004 1040; x_wconf 88' lang='lat' dir='ltr'><strong>proprio</strong></span> <span class='ocrx_word' id='word_1_74' title='bbox 1020 978 1090 1040; x_wconf 90' lang='lat' dir='ltr'><strong>quo·</strong></span> 
     </span>
     <span class='ocr_line' id='line_1_10' title="bbox 87 1044 1118 1124; baseline -0.001 -16"><span class='ocrx_word' id='word_1_75' title='bbox 87 1048 158 1108; x_wconf 91' lang='lat' dir='ltr'><strong>dam</strong></span> <span class='ocrx_word' id='word_1_76' title='bbox 179 1047 375 1124; x_wconf 81' lang='lat' dir='ltr'><strong>intelligendi,</strong></span> <span class='ocrx_word' id='word_1_77' title='bbox 401 1054 432 1104; x_wconf 92' lang='lat' dir='ltr'><strong>ut</strong></span> <span class='ocrx_word' id='word_1_78' title='bbox 451 1061 515 1105; x_wconf 90' lang='lat' dir='ltr'><strong>mea</strong></span> <span class='ocrx_word' id='word_1_79' title='bbox 537 1047 635 1123; x_wconf 85' lang='lat' dir='ltr'><strong>opinio</strong></span> <span class='ocrx_word' id='word_1_80' title='bbox 652 1045 723 1121; x_wconf 90' lang='lat' dir='ltr'><strong>fert,</strong></span> <span class='ocrx_word' id='word_1_81' title='bbox 749 1044 866 1105; x_wconf 89' lang='lat' dir='ltr'><strong>ambitu.</strong></span> <span class='ocrx_word' id='word_1_82' title='bbox 896 1044 967 1104; x_wconf 91' lang='lat' dir='ltr'><strong>Post</strong></span> <span class='ocrx_word' id='word_1_83' title='bbox 984 1044 1118 1109; x_wconf 77' lang='lat' dir='ltr'><strong>Zeuxisd</strong></span> 
     </span>
     <span class='ocr_line' id='line_1_11' title="bbox 88 1129 1091 1209; baseline -0.003 -17"><span class='ocrx_word' id='word_1_84' title='bbox 88 1140 180 1209; x_wconf 88' lang='lat' dir='ltr'><strong>atque</strong></span> <span class='ocrx_word' id='word_1_85' title='bbox 202 1130 368 1191; x_wconf 88' lang='lat' dir='ltr'><strong>Parrhasius</strong></span> <span class='ocrx_word' id='word_1_86' title='bbox 388 1146 446 1188; x_wconf 91' lang='lat' dir='ltr'><strong>non</strong></span> <span class='ocrx_word' id='word_1_87' title='bbox 464 1129 583 1189; x_wconf 89' lang='lat' dir='ltr'><strong>multum</strong></span> <span class='ocrx_word' id='word_1_88' title='bbox 607 1139 704 1189; x_wconf 89' lang='lat' dir='ltr'><strong>aetate</strong></span> <span class='ocrx_word' id='word_1_89' title='bbox 724 1130 879 1204; x_wconf 83' lang='lat' dir='ltr'><strong>distantes,</strong></span> <span class='ocrx_word' id='word_1_90' title='bbox 906 1131 983 1189; x_wconf 88' lang='lat' dir='ltr'><strong>circa</strong></span> <span class='ocrx_word' id='word_1_91' title='bbox 1007 1129 1091 1189; x_wconf 92' lang='lat' dir='ltr'><strong>Pelo·</strong></span> 
     </span>
     <span class='ocr_line' id='line_1_12' title="bbox 87 1213 1092 1295; baseline -0.002 -20"><span class='ocrx_word' id='word_1_92' title='bbox 87 1217 234 1295; x_wconf 90' lang='lat' dir='ltr'><strong>ponnesia</strong></span> <span class='ocrx_word' id='word_1_93' title='bbox 254 1213 337 1274; x_wconf 86' lang='lat' dir='ltr'><strong>ambo</strong></span> <span class='ocrx_word' id='word_1_94' title='bbox 358 1224 490 1293; x_wconf 90' lang='lat' dir='ltr'><strong>tempora</strong></span> <span class='ocrx_word' id='word_1_95' title='bbox 514 1214 594 1292; x_wconf 87' lang='lat' dir='ltr'><strong>(nam</strong></span> <span class='ocrx_word' id='word_1_96' title='bbox 617 1232 680 1273; x_wconf 90' lang='lat' dir='ltr'><strong>cum</strong></span> <span class='ocrx_word' id='word_1_97' title='bbox 700 1214 852 1273; x_wconf 88' lang='lat' dir='ltr'><strong>Parrhasio</strong></span> <span class='ocrx_word' id='word_1_98' title='bbox 873 1231 968 1273; x_wconf 92' lang='lat' dir='ltr'><strong>sermo</strong></span> <span class='ocrx_word' id='word_1_99' title='bbox 988 1215 1092 1274; x_wconf 87' lang='lat' dir='ltr'><strong>Socra·</strong></span> 
     </span>
     <span class='ocr_line' id='line_1_13' title="bbox 85 1296 1090 1379; baseline -0.002 -21"><span class='ocrx_word' id='word_1_100' title='bbox 85 1302 129 1358; x_wconf 88' lang='lat' dir='ltr'><strong>tis</strong></span> <span class='ocrx_word' id='word_1_101' title='bbox 145 1299 221 1379; x_wconf 89' lang='lat' dir='ltr'><strong>apud</strong></span> <span class='ocrx_word' id='word_1_102' title='bbox 236 1296 460 1377; x_wconf 85' lang='lat' dir='ltr'>Xenophontem</span> <span class='ocrx_word' id='word_1_103' title='bbox 481 1299 639 1378; x_wconf 82' lang='lat' dir='ltr'><strong>inuenitur)</strong></span> <span class='ocrx_word' id='word_1_104' title='bbox 663 1297 816 1377; x_wconf 86' lang='lat' dir='ltr'><strong>plurimum</strong></span> <span class='ocrx_word' id='word_1_105' title='bbox 837 1300 891 1358; x_wconf 87' lang='lat' dir='ltr'><strong>arti</strong></span> <span class='ocrx_word' id='word_1_106' title='bbox 911 1298 1090 1358; x_wconf 90' lang='lat' dir='ltr'><strong>addiderunt.</strong></span> 
     </span>
     <span class='ocr_line' id='line_1_14' title="bbox 91 1381 1092 1460; baseline -0.002 -17"><span class='ocrx_word' id='word_1_107' title='bbox 91 1382 222 1457; x_wconf 81' lang='lat' dir='ltr'><strong>Quorum</strong></span> <span class='ocrx_word' id='word_1_108' title='bbox 237 1385 317 1460; x_wconf 92' lang='lat' dir='ltr'><strong>prior</strong></span> <span class='ocrx_word' id='word_1_109' title='bbox 331 1381 464 1442; x_wconf 89' lang='lat' dir='ltr'><strong>luminum</strong></span> <span class='ocrx_word' id='word_1_110' title='bbox 480 1382 702 1460; x_wconf 82' lang='lat' dir='ltr'><strong>umbrarumque</strong></span> <span class='ocrx_word' id='word_1_111' title='bbox 719 1383 865 1442; x_wconf 86' lang='lat' dir='ltr'><strong>invenisse</strong></span> <span class='ocrx_word' id='word_1_112' title='bbox 880 1383 1030 1457; x_wconf 91' lang='lat' dir='ltr'><strong>rationem,</strong></span> <span class='ocrx_word' id='word_1_113' title='bbox 1046 1401 1092 1441; x_wconf 90' lang='lat' dir='ltr'><strong>se·</strong></span> 
     </span>
     <span class='ocr_line' id='line_1_15' title="bbox 89 1464 1120 1528; baseline -0.001 0"><span class='ocrx_word' id='word_1_114' title='bbox 89 1468 203 1528; x_wconf 87' lang='lat' dir='ltr'><strong>cundus</strong></span> <span class='ocrx_word' id='word_1_115' title='bbox 228 1469 410 1527; x_wconf 79' lang='lat' dir='ltr'><strong>examinasse</strong></span> <span class='ocrx_word' id='word_1_116' title='bbox 434 1464 567 1526; x_wconf 88' lang='lat' dir='ltr'><strong>subtilius</strong></span> <span class='ocrx_word' id='word_1_117' title='bbox 594 1466 687 1526; x_wconf 87' lang='lat' dir='ltr'><strong>lineas</strong></span> <span class='ocrx_word' id='word_1_118' title='bbox 715 1467 845 1526; x_wconf 80' lang='lat' dir='ltr'><strong>traditur.</strong></span> <span class='ocrx_word' id='word_1_119' title='bbox 889 1466 961 1526; x_wconf 87' lang='lat' dir='ltr'><strong>Nam</strong></span> <span class='ocrx_word' id='word_1_120' title='bbox 985 1467 1120 1527; x_wconf 81' lang='lat' dir='ltr'><strong>Zeuxis5</strong></span> 
     </span>
     <span class='ocr_line' id='line_1_16' title="bbox 89 1550 1092 1631; baseline -0.002 -20"><span class='ocrx_word' id='word_1_121' title='bbox 89 1551 160 1631; x_wconf 93' lang='lat' dir='ltr'><strong>plus</strong></span> <span class='ocrx_word' id='word_1_122' title='bbox 175 1550 310 1611; x_wconf 89' lang='lat' dir='ltr'><strong>memhris</strong></span> <span class='ocrx_word' id='word_1_123' title='bbox 325 1551 458 1629; x_wconf 92' lang='lat' dir='ltr'><strong>corporis</strong></span> <span class='ocrx_word' id='word_1_124' title='bbox 474 1550 571 1625; x_wconf 83' lang='lat' dir='ltr'><strong>dedit,</strong></span> <span class='ocrx_word' id='word_1_125' title='bbox 598 1551 627 1610; x_wconf 93' lang='lat' dir='ltr'><strong>id</strong></span> <span class='ocrx_word' id='word_1_126' title='bbox 642 1550 764 1629; x_wconf 90' lang='lat' dir='ltr'><strong>amplius</strong></span> <span class='ocrx_word' id='word_1_127' title='bbox 781 1559 867 1629; x_wconf 88' lang='lat' dir='ltr'><strong>atque</strong></span> <span class='ocrx_word' id='word_1_128' title='bbox 885 1553 1032 1629; x_wconf 83' lang='lat' dir='ltr'><strong>augustius</strong></span> <span class='ocrx_word' id='word_1_129' title='bbox 1047 1569 1092 1610; x_wconf 91' lang='lat' dir='ltr'><strong>ra·</strong></span> 
     </span>
     <span class='ocr_line' id='line_1_17' title="bbox 88 1633 1092 1714; baseline 0 -19"><span class='ocrx_word' id='word_1_130' title='bbox 88 1646 139 1696; x_wconf 90' lang='lat' dir='ltr'><strong>tus</strong></span> <span class='ocrx_word' id='word_1_131' title='bbox 156 1645 259 1714; x_wconf 87' lang='lat' dir='ltr'><strong>atque,</strong></span> <span class='ocrx_word' id='word_1_132' title='bbox 277 1643 308 1694; x_wconf 91' lang='lat' dir='ltr'><strong>ut</strong></span> <span class='ocrx_word' id='word_1_133' title='bbox 324 1636 501 1708; x_wconf 83' lang='lat' dir='ltr'><strong>existimant,</strong></span> <span class='ocrx_word' id='word_1_134' title='bbox 523 1633 678 1694; x_wconf 89' lang='lat' dir='ltr'><strong>llomerum</strong></span> <span class='ocrx_word' id='word_1_135' title='bbox 693 1643 828 1710; x_wconf 86' lang='lat' dir='ltr'><strong>secutus,</strong></span> <span class='ocrx_word' id='word_1_136' title='bbox 851 1637 897 1695; x_wconf 89' lang='lat' dir='ltr'><strong>oui</strong></span> <span class='ocrx_word' id='word_1_137' title='bbox 916 1636 1092 1696; x_wconf 90' lang='lat' dir='ltr'><strong>validissima</strong></span> 
     </span>
     <span class='ocr_line' id='line_1_18' title="bbox 88 1717 1092 1799; baseline -0.002 -19"><span class='ocrx_word' id='word_1_138' title='bbox 88 1738 227 1799; x_wconf 86' lang='lat' dir='ltr'><strong>quaeque</strong></span> <span class='ocrx_word' id='word_1_139' title='bbox 241 1718 334 1779; x_wconf 86' lang='lat' dir='ltr'><strong>forma</strong></span> <span class='ocrx_word' id='word_1_140' title='bbox 351 1721 435 1778; x_wconf 90' lang='lat' dir='ltr'><strong>etiarn</strong></span> <span class='ocrx_word' id='word_1_141' title='bbox 452 1720 481 1777; x_wconf 91' lang='lat' dir='ltr'><strong>iu</strong></span> <span class='ocrx_word' id='word_1_142' title='bbox 496 1717 609 1778; x_wconf 89' lang='lat' dir='ltr'><strong>feminis</strong></span> <span class='ocrx_word' id='word_1_143' title='bbox 624 1718 731 1798; x_wconf 89' lang='lat' dir='ltr'><strong>placet.</strong></span> <span class='ocrx_word' id='word_1_144' title='bbox 762 1718 816 1778; x_wconf 92' lang='lat' dir='ltr'><strong>llle</strong></span> <span class='ocrx_word' id='word_1_145' title='bbox 831 1737 903 1779; x_wconf 88' lang='lat' dir='ltr'><strong>vero</strong></span> <span class='ocrx_word' id='word_1_146' title='bbox 919 1720 958 1778; x_wconf 90' lang='lat' dir='ltr'><strong>ita</strong></span> <span class='ocrx_word' id='word_1_147' title='bbox 971 1720 1092 1788; x_wconf 85' lang='lat' dir='ltr'><strong>circum·</strong></span> 
     </span>
     <span class='ocr_line' id='line_1_19' title="bbox 89 1802 1092 1884; baseline -0.001 -21"><span class='ocrx_word' id='word_1_148' title='bbox 89 1806 211 1884; x_wconf 79' lang='lat' dir='ltr'><strong>scripsit</strong></span> <span class='ocrx_word' id='word_1_149' title='bbox 227 1807 340 1879; x_wconf 89' lang='lat' dir='ltr'><strong>omnia,</strong></span> <span class='ocrx_word' id='word_1_150' title='bbox 362 1812 393 1862; x_wconf 88' lang='lat' dir='ltr'><strong>ut</strong></span> <span class='ocrx_word' id='word_1_151' title='bbox 408 1820 473 1862; x_wconf 91' lang='lat' dir='ltr'><strong>eum</strong></span> <span class='ocrx_word' id='word_1_152' title='bbox 489 1802 586 1880; x_wconf 81' lang='lat' dir='ltr'><strong>legum</strong></span> <span class='ocrx_word' id='word_1_153' title='bbox 602 1802 723 1862; x_wconf 88' lang='lat' dir='ltr'><strong>latorem</strong></span> <span class='ocrx_word' id='word_1_154' title='bbox 739 1812 863 1879; x_wconf 85' lang='lat' dir='ltr'><strong>vocent,</strong></span> <span class='ocrx_word' id='word_1_155' title='bbox 888 1805 954 1882; x_wconf 88' lang='lat' dir='ltr'><strong>quia</strong></span> <span class='ocrx_word' id='word_1_156' title='bbox 973 1803 1092 1863; x_wconf 91' lang='lat' dir='ltr'><strong>deorum</strong></span> 
     </span>
     <span class='ocr_line' id='line_1_20' title="bbox 88 1887 1090 1966; baseline -0.002 -19"><span class='ocrx_word' id='word_1_157' title='bbox 88 1896 179 1966; x_wconf 88' lang='lat' dir='ltr'><strong>atque</strong></span> <span class='ocrx_word' id='word_1_158' title='bbox 200 1887 321 1947; x_wconf 89' lang='lat' dir='ltr'><strong>heroum</strong></span> <span class='ocrx_word' id='word_1_159' title='bbox 342 1887 475 1966; x_wconf 82' lang='lat' dir='ltr'><strong>efligies,</strong></span> <span class='ocrx_word' id='word_1_160' title='bbox 505 1887 606 1966; x_wconf 89' lang='lat' dir='ltr'><strong>quales</strong></span> <span class='ocrx_word' id='word_1_161' title='bbox 625 1887 661 1947; x_wconf 90' lang='lat' dir='ltr'><strong>ah</strong></span> <span class='ocrx_word' id='word_1_162' title='bbox 684 1903 720 1946; x_wconf 93' lang='lat' dir='ltr'><strong>eo</strong></span> <span class='ocrx_word' id='word_1_163' title='bbox 744 1896 809 1946; x_wconf 88' lang='lat' dir='ltr'><strong>suut</strong></span> <span class='ocrx_word' id='word_1_164' title='bbox 829 1887 967 1961; x_wconf 86' lang='lat' dir='ltr'><strong>traditae,</strong></span> <span class='ocrx_word' id='word_1_165' title='bbox 989 1889 1090 1961; x_wconf 85' lang='lat' dir='ltr'><strong>ceteri,</strong></span> 
     </span>
     <span class='ocr_line' id='line_1_21' title="bbox 87 1970 1120 2051; baseline -0.002 -18"><span class='ocrx_word' id='word_1_166' title='bbox 87 1983 227 2051; x_wconf 87' lang='lat' dir='ltr'><strong>tanquam</strong></span> <span class='ocrx_word' id='word_1_167' title='bbox 241 1973 280 2032; x_wconf 88' lang='lat' dir='ltr'><strong>ita</strong></span> <span class='ocrx_word' id='word_1_168' title='bbox 295 1990 421 2032; x_wconf 91' lang='lat' dir='ltr'><strong>necesse</strong></span> <span class='ocrx_word' id='word_1_169' title='bbox 436 1973 482 2046; x_wconf 85' lang='lat' dir='ltr'><strong>sit,</strong></span> <span class='ocrx_word' id='word_1_170' title='bbox 501 1981 670 2049; x_wconf 89' lang='lat' dir='ltr'><strong>sequuntur.</strong></span> <span class='ocrx_word' id='word_1_171' title='bbox 702 1970 814 2031; x_wconf 82' lang='lat' dir='ltr'><strong>Floruit</strong></span> <span class='ocrx_word' id='word_1_172' title='bbox 829 1982 923 2032; x_wconf 90' lang='lat' dir='ltr'><strong>autem</strong></span> <span class='ocrx_word' id='word_1_173' title='bbox 939 1974 1017 2032; x_wconf 86' lang='lat' dir='ltr'><strong>oiroa</strong></span> <span class='ocrx_word' id='word_1_174' title='bbox 1029 1971 1120 2037; x_wconf 83' lang='lat' dir='ltr'><strong>Phi-6</strong></span> 
     </span>
     <span class='ocr_line' id='line_1_22' title="bbox 88 2055 1092 2136; baseline -0.001 -20"><span class='ocrx_word' id='word_1_175' title='bbox 88 2057 201 2134; x_wconf 89' lang='lat' dir='ltr'><strong>lippum</strong></span> <span class='ocrx_word' id='word_1_176' title='bbox 219 2066 248 2116; x_wconf 92' lang='lat' dir='ltr'><strong>et</strong></span> <span class='ocrx_word' id='word_1_177' title='bbox 263 2074 357 2134; x_wconf 83' lang='lat' dir='ltr'><strong>usque</strong></span> <span class='ocrx_word' id='word_1_178' title='bbox 372 2057 407 2116; x_wconf 92' lang='lat' dir='ltr'><strong>ad</strong></span> <span class='ocrx_word' id='word_1_179' title='bbox 422 2074 614 2116; x_wconf 88' lang='lat' dir='ltr'><strong>successores</strong></span> <span class='ocrx_word' id='word_1_180' title='bbox 629 2055 789 2117; x_wconf 79' lang='lat' dir='ltr'><strong>Alexandri</strong></span> <span class='ocrx_word' id='word_1_181' title='bbox 806 2058 918 2136; x_wconf 88' lang='lat' dir='ltr'><strong>pictura</strong></span> <span class='ocrx_word' id='word_1_182' title='bbox 933 2058 1092 2134; x_wconf 86' lang='lat' dir='ltr'><strong>praecipue</strong></span> 
     </span>
     <span class='ocr_line' id='line_1_23' title="bbox 89 2139 1090 2217; baseline -0.001 -17"><span class='ocrx_word' id='word_1_183' title='bbox 89 2141 145 2200; x_wconf 91' lang='lat' dir='ltr'><strong>sed</strong></span> <span class='ocrx_word' id='word_1_184' title='bbox 161 2141 284 2200; x_wconf 83' lang='lat' dir='ltr'><strong>dirersis</strong></span> <span class='ocrx_word' id='word_1_185' title='bbox 298 2140 460 2200; x_wconf 84' lang='lat' dir='ltr'><strong>virtutibus.</strong></span> <span class='ocrx_word' id='word_1_186' title='bbox 492 2139 564 2200; x_wconf 91' lang='lat' dir='ltr'><strong>Nam</strong></span> <span class='ocrx_word' id='word_1_187' title='bbox 582 2159 652 2200; x_wconf 91' lang='lat' dir='ltr'><strong>cura</strong></span> <span class='ocrx_word' id='word_1_188' title='bbox 665 2141 865 2217; x_wconf 85' lang='lat' dir='ltr'><strong>Protogenes,</strong></span> <span class='ocrx_word' id='word_1_189' title='bbox 884 2143 995 2214; x_wconf 81' lang='lat' dir='ltr'><strong>ratione</strong></span> <span class='ocrx_word' id='word_1_190' title='bbox 1010 2140 1090 2200; x_wconf 91' lang='lat' dir='ltr'><strong>Pam·</strong></span> 
     </span>
     <span class='ocr_line' id='line_1_24' title="bbox 89 2224 1091 2303; baseline 0.001 -19"><span class='ocrx_word' id='word_1_191' title='bbox 89 2224 189 2303; x_wconf 90' lang='lat' dir='ltr'><strong>philus</strong></span> <span class='ocrx_word' id='word_1_192' title='bbox 205 2242 240 2285; x_wconf 87' lang='lat' dir='ltr'><strong>ac</strong></span> <span class='ocrx_word' id='word_1_193' title='bbox 255 2224 445 2300; x_wconf 84' lang='lat' dir='ltr'><strong>Melanthius,</strong></span> <span class='ocrx_word' id='word_1_194' title='bbox 468 2224 608 2285; x_wconf 78' lang='lat' dir='ltr'><strong>facilitate</strong></span> <span class='ocrx_word' id='word_1_195' title='bbox 626 2224 806 2302; x_wconf 81' lang='lat' dir='ltr'><strong>Antiphilus,</strong></span> <span class='ocrx_word' id='word_1_196' title='bbox 831 2224 1028 2303; x_wconf 74' lang='lat' dir='ltr'><strong>concipiendis</strong></span> <span class='ocrx_word' id='word_1_197' title='bbox 1049 2227 1091 2285; x_wconf 91' lang='lat' dir='ltr'><strong>vi·</strong></span> 
     </span>
     <span class='ocr_line' id='line_1_25' title="bbox 90 2307 1092 2387; baseline 0.003 -21"><span class='ocrx_word' id='word_1_198' title='bbox 90 2308 237 2384; x_wconf 89' lang='lat' dir='ltr'><strong>sionibus,</strong></span> <span class='ocrx_word' id='word_1_199' title='bbox 256 2327 327 2387; x_wconf 78' lang='lat' dir='ltr'><strong>puras</strong></span> <span class='ocrx_word' id='word_1_200' title='bbox 345 2308 508 2385; x_wconf 77' lang='grc' dir='ltr'><strong><em>φαντασίας</em></strong></span> <span class='ocrx_word' id='word_1_201' title='bbox 522 2317 645 2384; x_wconf 87' lang='lat' dir='ltr'><strong>vocant,</strong></span> <span class='ocrx_word' id='word_1_202' title='bbox 662 2307 764 2369; x_wconf 84' lang='lat' dir='ltr'><strong>Theon</strong></span> <span class='ocrx_word' id='word_1_203' title='bbox 779 2310 906 2384; x_wconf 89' lang='lat' dir='ltr'><strong>Samius,</strong></span> <span class='ocrx_word' id='word_1_204' title='bbox 927 2310 1043 2387; x_wconf 84' lang='lat' dir='ltr'><strong>ingenio</strong></span> <span class='ocrx_word' id='word_1_205' title='bbox 1063 2318 1092 2369; x_wconf 91' lang='lat' dir='ltr'><strong>et</strong></span> 
     </span>
     <span class='ocr_line' id='line_1_26' title="bbox 90 2392 1089 2472; baseline 0.003 -22"><span class='ocrx_word' id='word_1_206' title='bbox 90 2394 204 2469; x_wconf 85' lang='lat' dir='ltr'><strong>gratia,</strong></span> <span class='ocrx_word' id='word_1_207' title='bbox 228 2410 312 2472; x_wconf 85' lang='lat' dir='ltr'><strong>quarn</strong></span> <span class='ocrx_word' id='word_1_208' title='bbox 337 2394 365 2452; x_wconf 89' lang='lat' dir='ltr'><strong>in</strong></span> <span class='ocrx_word' id='word_1_209' title='bbox 382 2411 416 2452; x_wconf 92' lang='lat' dir='ltr'><strong>se</strong></span> <span class='ocrx_word' id='word_1_210' title='bbox 434 2393 498 2471; x_wconf 89' lang='lat' dir='ltr'><strong>ipse</strong></span> <span class='ocrx_word' id='word_1_211' title='bbox 519 2395 641 2452; x_wconf 88' lang='lat' dir='ltr'><strong>maxime</strong></span> <span class='ocrx_word' id='word_1_212' title='bbox 661 2395 767 2468; x_wconf 87' lang='lat' dir='ltr'><strong>iactat,</strong></span> <span class='ocrx_word' id='word_1_213' title='bbox 792 2392 917 2472; x_wconf 87' lang='lat' dir='ltr'><strong>Apelles</strong></span> <span class='ocrx_word' id='word_1_214' title='bbox 940 2404 985 2453; x_wconf 90' lang='lat' dir='ltr'><strong>est</strong></span> <span class='ocrx_word' id='word_1_215' title='bbox 1006 2412 1089 2472; x_wconf 90' lang='lat' dir='ltr'><strong>prae·</strong></span> 
     </span>
     <span class='ocr_line' id='line_1_27' title="bbox 91 2476 1090 2557; baseline 0.001 -22"><span class='ocrx_word' id='word_1_216' title='bbox 91 2478 294 2536; x_wconf 89' lang='lat' dir='ltr'><strong>stantissimus.</strong></span> <span class='ocrx_word' id='word_1_217' title='bbox 324 2476 544 2555; x_wconf 86' lang='lat' dir='ltr'><strong>Euphranorem</strong></span> <span class='ocrx_word' id='word_1_218' title='bbox 560 2477 754 2537; x_wconf 91' lang='lat' dir='ltr'><strong>admirandum</strong></span> <span class='ocrx_word' id='word_1_219' title='bbox 769 2477 855 2553; x_wconf 88' lang='lat' dir='ltr'><strong>facit,</strong></span> <span class='ocrx_word' id='word_1_220' title='bbox 872 2479 950 2557; x_wconf 86' lang='lat' dir='ltr'><strong>qood</strong></span> <span class='ocrx_word' id='word_1_221' title='bbox 966 2487 995 2538; x_wconf 93' lang='lat' dir='ltr'><strong>et</strong></span> <span class='ocrx_word' id='word_1_222' title='bbox 1011 2487 1090 2537; x_wconf 88' lang='lat' dir='ltr'><strong>cete·</strong></span> 
     </span>
     <span class='ocr_line' id='line_1_28' title="bbox 90 2560 1090 2641; baseline 0.003 -23"><span class='ocrx_word' id='word_1_223' title='bbox 90 2562 133 2618; x_wconf 88' lang='lat' dir='ltr'><strong>ris</strong></span> <span class='ocrx_word' id='word_1_224' title='bbox 158 2562 273 2639; x_wconf 90' lang='lat' dir='ltr'><strong>optimis</strong></span> <span class='ocrx_word' id='word_1_225' title='bbox 291 2560 393 2620; x_wconf 89' lang='lat' dir='ltr'><strong>studiis</strong></span> <span class='ocrx_word' id='word_1_226' title='bbox 415 2562 489 2620; x_wconf 88' lang='lat' dir='ltr'><strong>iuter</strong></span> <span class='ocrx_word' id='word_1_227' title='bbox 504 2563 679 2641; x_wconf 88' lang='lat' dir='ltr'><strong>praecipuos</strong></span> <span class='ocrx_word' id='word_1_228' title='bbox 701 2571 729 2622; x_wconf 90' lang='lat' dir='ltr'><strong>et</strong></span> <span class='ocrx_word' id='word_1_229' title='bbox 747 2562 884 2641; x_wconf 80' lang='lat' dir='ltr'><strong>pingendi</strong></span> <span class='ocrx_word' id='word_1_230' title='bbox 906 2562 1090 2640; x_wconf 82' lang='lat' dir='ltr'><strong>fingendique</strong></span> 
     </span>
     <span class='ocr_line' id='line_1_29' title="bbox 92 2643 470 2706; baseline 0.003 -4"><span class='ocrx_word' id='word_1_231' title='bbox 92 2643 169 2703; x_wconf 89' lang='lat' dir='ltr'><strong>idem</strong></span> <span class='ocrx_word' id='word_1_232' title='bbox 184 2647 272 2703; x_wconf 89' lang='lat' dir='ltr'><strong>mirus</strong></span> <span class='ocrx_word' id='word_1_233' title='bbox 288 2645 394 2706; x_wconf 86' lang='lat' dir='ltr'><strong>artifex</strong></span> <span class='ocrx_word' id='word_1_234' title='bbox 407 2645 470 2704; x_wconf 90' lang='lat' dir='ltr'><strong>fuit.</strong></span> 
     </span>
    </p>

    <p class='ocr_par' dir='ltr' id='par_1_4' title="bbox 91 2728 1117 3565">
     <span class='ocr_line' id='line_1_30' title="bbox 180 2728 1117 2790; baseline 0.003 -3"><span class='ocrx_word' id='word_1_235' title='bbox 180 2728 287 2788; x_wconf 88' lang='lat' dir='ltr'><strong>Similis</strong></span> <span class='ocrx_word' id='word_1_236' title='bbox 307 2731 336 2787; x_wconf 90' lang='lat' dir='ltr'><strong>in</strong></span> <span class='ocrx_word' id='word_1_237' title='bbox 364 2730 501 2788; x_wconf 86' lang='lat' dir='ltr'><strong>statuis</strong></span> <span class='ocrx_word' id='word_1_238' title='bbox 531 2728 702 2789; x_wconf 83' lang='lat' dir='ltr'><strong>differentia.</strong></span> <span class='ocrx_word' id='word_1_239' title='bbox 746 2729 817 2789; x_wconf 87' lang='lat' dir='ltr'><strong>Nam</strong></span> <span class='ocrx_word' id='word_1_240' title='bbox 839 2730 954 2790; x_wconf 91' lang='lat' dir='ltr'><strong>duriora</strong></span> <span class='ocrx_word' id='word_1_241' title='bbox 974 2737 1011 2787; x_wconf 38' lang='lat' dir='ltr'><strong>‘et</strong></span> <span class='ocrx_word' id='word_1_242' title='bbox 1035 2728 1117 2790; x_wconf 79' lang='lat' dir='ltr'><strong>&#39;lu-i</strong></span> 
     </span>
     <span class='ocr_line' id='line_1_31' title="bbox 93 2811 1091 2892; baseline 0.001 -22"><span class='ocrx_word' id='word_1_243' title='bbox 93 2812 218 2871; x_wconf 89' lang='lat' dir='ltr'><strong>scanfois</strong></span> <span class='ocrx_word' id='word_1_244' title='bbox 240 2815 372 2891; x_wconf 86' lang='lat' dir='ltr'><strong>proxima</strong></span> <span class='ocrx_word' id='word_1_245' title='bbox 394 2811 497 2872; x_wconf 82' lang='lat' dir='ltr'><strong>Callon</strong></span> <span class='ocrx_word' id='word_1_246' title='bbox 520 2823 606 2892; x_wconf 88' lang='lat' dir='ltr'><strong>atque</strong></span> <span class='ocrx_word' id='word_1_247' title='bbox 628 2813 787 2891; x_wconf 84' lang='lat' dir='ltr'><strong>Hegesias,</strong></span> <span class='ocrx_word' id='word_1_248' title='bbox 811 2816 866 2872; x_wconf 91' lang='lat' dir='ltr'><strong>iam</strong></span> <span class='ocrx_word' id='word_1_249' title='bbox 888 2814 978 2871; x_wconf 91' lang='lat' dir='ltr'><strong>minus</strong></span> <span class='ocrx_word' id='word_1_250' title='bbox 1000 2812 1091 2889; x_wconf 84' lang='lat' dir='ltr'><strong>rigida</strong></span> 
     </span>
     <span class='ocr_line' id='line_1_32' title="bbox 93 2892 1090 2982; baseline 0.001 -28"><span class='ocrx_word' id='word_1_251' title='bbox 93 2892 236 2982; x_wconf 78' lang='lat' dir='ltr'><strong>Calamis,</strong></span> <span class='ocrx_word' id='word_1_252' title='bbox 259 2896 393 2956; x_wconf 89' lang='lat' dir='ltr'><strong>molliora</strong></span> <span class='ocrx_word' id='word_1_253' title='bbox 414 2897 506 2958; x_wconf 86' lang='lat' dir='ltr'><strong>adhuc</strong></span> <span class='ocrx_word' id='word_1_254' title='bbox 525 2916 614 2976; x_wconf 89' lang='lat' dir='ltr'><strong>supra</strong></span> <span class='ocrx_word' id='word_1_255' title='bbox 631 2899 715 2958; x_wconf 89' lang='lat' dir='ltr'><strong>dictis</strong></span> <span class='ocrx_word' id='word_1_256' title='bbox 729 2895 832 2972; x_wconf 79' lang='lat' dir='ltr'><strong>Myron</strong></span> <span class='ocrx_word' id='word_1_257' title='bbox 848 2896 928 2955; x_wconf 88' lang='lat' dir='ltr'><strong>fecit.</strong></span> <span class='ocrx_word' id='word_1_258' title='bbox 961 2895 1090 2972; x_wconf 83' lang='lat' dir='ltr'><strong>Diligen-</strong></span> 
     </span>
     <span class='ocr_line' id='line_1_33' title="bbox 91 2979 1090 3059; baseline 0.001 -21"><span class='ocrx_word' id='word_1_259' title='bbox 91 2980 131 3038; x_wconf 90' lang='lat' dir='ltr'><strong>tia</strong></span> <span class='ocrx_word' id='word_1_260' title='bbox 147 2998 182 3039; x_wconf 90' lang='lat' dir='ltr'><strong>ac</strong></span> <span class='ocrx_word' id='word_1_261' title='bbox 198 2981 290 3040; x_wconf 90' lang='lat' dir='ltr'><strong>decor</strong></span> <span class='ocrx_word' id='word_1_262' title='bbox 305 2982 332 3039; x_wconf 94' lang='lat' dir='ltr'><strong>in</strong></span> <span class='ocrx_word' id='word_1_263' title='bbox 347 2979 498 3054; x_wconf 72' lang='lat' dir='ltr'><strong>Polycleto</strong></span> <span class='ocrx_word' id='word_1_264' title='bbox 514 2999 601 3059; x_wconf 86' lang='lat' dir='ltr'><strong>supra</strong></span> <span class='ocrx_word' id='word_1_265' title='bbox 615 2991 742 3055; x_wconf 91' lang='lat' dir='ltr'><strong>ceteros,</strong></span> <span class='ocrx_word' id='word_1_266' title='bbox 761 2982 806 3039; x_wconf 90' lang='lat' dir='ltr'><strong>cui</strong></span> <span class='ocrx_word' id='word_1_267' title='bbox 822 2997 982 3058; x_wconf 78' lang='lat' dir='ltr'><strong>quanquam</strong></span> <span class='ocrx_word' id='word_1_268' title='bbox 998 2998 1013 3039; x_wconf 91' lang='lat' dir='ltr'><strong>a</strong></span> <span class='ocrx_word' id='word_1_269' title='bbox 1028 2980 1090 3058; x_wconf 93' lang='lat' dir='ltr'><strong>ple·</strong></span> 
     </span>
     <span class='ocr_line' id='line_1_34' title="bbox 91 3063 1090 3144; baseline 0.001 -23"><span class='ocrx_word' id='word_1_270' title='bbox 91 3064 191 3144; x_wconf 86' lang='lat' dir='ltr'><strong>risque</strong></span> <span class='ocrx_word' id='word_1_271' title='bbox 213 3065 346 3124; x_wconf 86' lang='lat' dir='ltr'><strong>tribuitur</strong></span> <span class='ocrx_word' id='word_1_272' title='bbox 367 3064 479 3143; x_wconf 90' lang='lat' dir='ltr'><strong>palma,</strong></span> <span class='ocrx_word' id='word_1_273' title='bbox 505 3073 615 3140; x_wconf 90' lang='lat' dir='ltr'><strong>tamen,</strong></span> <span class='ocrx_word' id='word_1_274' title='bbox 639 3084 675 3124; x_wconf 86' lang='lat' dir='ltr'><strong>ue</strong></span> <span class='ocrx_word' id='word_1_275' title='bbox 690 3064 760 3125; x_wconf 91' lang='lat' dir='ltr'><strong>nihil</strong></span> <span class='ocrx_word' id='word_1_276' title='bbox 776 3063 957 3139; x_wconf 90' lang='lat' dir='ltr'><strong>detrahatur,</strong></span> <span class='ocrx_word' id='word_1_277' title='bbox 985 3064 1090 3124; x_wconf 88' lang='lat' dir='ltr'><strong>deesse</strong></span> 
     </span>
     <span class='ocr_line' id='line_1_35' title="bbox 93 3148 1117 3227; baseline 0.003 -20"><span class='ocrx_word' id='word_1_278' title='bbox 93 3149 205 3226; x_wconf 91' lang='lat' dir='ltr'><strong>pondus</strong></span> <span class='ocrx_word' id='word_1_279' title='bbox 228 3158 336 3227; x_wconf 89' lang='lat' dir='ltr'><strong>putant.</strong></span> <span class='ocrx_word' id='word_1_280' title='bbox 368 3148 439 3208; x_wconf 82' lang='lat' dir='ltr'><strong>llarn</strong></span> <span class='ocrx_word' id='word_1_281' title='bbox 455 3158 485 3207; x_wconf 92' lang='lat' dir='ltr'><strong>ut</strong></span> <span class='ocrx_word' id='word_1_282' title='bbox 500 3149 639 3209; x_wconf 89' lang='lat' dir='ltr'><strong>humanae</strong></span> <span class='ocrx_word' id='word_1_283' title='bbox 664 3149 775 3208; x_wconf 86' lang='lat' dir='ltr'><strong>formae</strong></span> <span class='ocrx_word' id='word_1_284' title='bbox 788 3148 925 3208; x_wconf 90' lang='lat' dir='ltr'><strong>decorem</strong></span> <span class='ocrx_word' id='word_1_285' title='bbox 948 3148 1117 3210; x_wconf 85' lang='lat' dir='ltr'><strong>addiderit8</strong></span> 
     </span>
     <span class='ocr_line' id='line_1_36' title="bbox 93 3232 1089 3311; baseline 0.001 -21"><span class='ocrx_word' id='word_1_286' title='bbox 93 3249 179 3310; x_wconf 88' lang='lat' dir='ltr'><strong>supra</strong></span> <span class='ocrx_word' id='word_1_287' title='bbox 194 3251 311 3306; x_wconf 84' lang='lat' dir='ltr'><strong>verum,</strong></span> <span class='ocrx_word' id='word_1_288' title='bbox 332 3233 371 3293; x_wconf 91' lang='lat' dir='ltr'><strong>ita</strong></span> <span class='ocrx_word' id='word_1_289' title='bbox 386 3250 444 3292; x_wconf 93' lang='lat' dir='ltr'><strong>non</strong></span> <span class='ocrx_word' id='word_1_290' title='bbox 466 3232 632 3311; x_wconf 85' lang='lat' dir='ltr'><strong>explevisse</strong></span> <span class='ocrx_word' id='word_1_291' title='bbox 649 3233 768 3292; x_wconf 90' lang='lat' dir='ltr'><strong>deorum</strong></span> <span class='ocrx_word' id='word_1_292' title='bbox 791 3234 990 3293; x_wconf 89' lang='lat' dir='ltr'><strong>auctoritatem</strong></span> <span class='ocrx_word' id='word_1_293' title='bbox 1009 3232 1089 3291; x_wconf 89' lang='lat' dir='ltr'><strong>vide-</strong></span> 
     </span>
     <span class='ocr_line' id='line_1_37' title="bbox 92 3315 1088 3395; baseline -0.001 -20"><span class='ocrx_word' id='word_1_294' title='bbox 92 3323 147 3375; x_wconf 90' lang='lat' dir='ltr'><strong>tur.</strong></span> <span class='ocrx_word' id='word_1_295' title='bbox 183 3315 259 3391; x_wconf 79' lang='lat' dir='ltr'><strong>Quia</strong></span> <span class='ocrx_word' id='word_1_296' title='bbox 277 3325 402 3376; x_wconf 86' lang='lat' dir='ltr'><strong>aetatem</strong></span> <span class='ocrx_word' id='word_1_297' title='bbox 419 3334 535 3395; x_wconf 85' lang='lat' dir='ltr'><strong>quoque</strong></span> <span class='ocrx_word' id='word_1_298' title='bbox 550 3318 715 3395; x_wconf 80' lang='lat' dir='ltr'><strong>graviorem</strong></span> <span class='ocrx_word' id='word_1_299' title='bbox 731 3317 835 3377; x_wconf 88' lang='lat' dir='ltr'><strong>dicitur</strong></span> <span class='ocrx_word' id='word_1_300' title='bbox 856 3317 1002 3395; x_wconf 82' lang='lat' dir='ltr'><strong>refugisse</strong></span> <span class='ocrx_word' id='word_1_301' title='bbox 1020 3315 1088 3375; x_wconf 91' lang='lat' dir='ltr'><strong>nihil</strong></span> 
     </span>
     <span class='ocr_line' id='line_1_38' title="bbox 92 3399 1088 3479; baseline -0.002 -20"><span class='ocrx_word' id='word_1_302' title='bbox 92 3416 178 3460; x_wconf 89' lang='lat' dir='ltr'><strong>ausus</strong></span> <span class='ocrx_word' id='word_1_303' title='bbox 189 3401 264 3461; x_wconf 91' lang='lat' dir='ltr'><strong>ultra</strong></span> <span class='ocrx_word' id='word_1_304' title='bbox 277 3400 358 3459; x_wconf 85' lang='lat' dir='ltr'><strong>leves</strong></span> <span class='ocrx_word' id='word_1_305' title='bbox 372 3419 473 3476; x_wconf 86' lang='lat' dir='ltr'><strong>genas.</strong></span> <span class='ocrx_word' id='word_1_306' title='bbox 496 3400 535 3461; x_wconf 87' lang='lat' dir='ltr'><strong>At</strong></span> <span class='ocrx_word' id='word_1_307' title='bbox 547 3400 781 3479; x_wconf 60' lang='lat' dir='ltr'><strong>quaePolycleus</strong></span> <span class='ocrx_word' id='word_1_308' title='bbox 793 3400 955 3475; x_wconf 89' lang='lat' dir='ltr'><strong>defuerunt,</strong></span> <span class='ocrx_word' id='word_1_309' title='bbox 972 3399 1088 3459; x_wconf 89' lang='lat' dir='ltr'><strong>Phidiae</strong></span> 
     </span>
     <span class='ocr_line' id='line_1_39' title="bbox 92 3483 1116 3565; baseline -0.001 -21"><span class='ocrx_word' id='word_1_310' title='bbox 92 3492 178 3563; x_wconf 89' lang='lat' dir='ltr'><strong>atque</strong></span> <span class='ocrx_word' id='word_1_311' title='bbox 193 3484 344 3546; x_wconf 83' lang='lat' dir='ltr'><strong>Alcameni</strong></span> <span class='ocrx_word' id='word_1_312' title='bbox 361 3484 471 3545; x_wconf 88' lang='lat' dir='ltr'><strong>dantur.</strong></span> <span class='ocrx_word' id='word_1_313' title='bbox 507 3484 622 3546; x_wconf 91' lang='lat' dir='ltr'><strong>Phidias</strong></span> <span class='ocrx_word' id='word_1_314' title='bbox 638 3492 733 3545; x_wconf 85' lang='lat' dir='ltr'><strong>tamea</strong></span> <span class='ocrx_word' id='word_1_315' title='bbox 753 3485 806 3546; x_wconf 90' lang='lat' dir='ltr'><strong>diis</strong></span> <span class='ocrx_word' id='word_1_316' title='bbox 822 3504 907 3565; x_wconf 84' lang='lat' dir='ltr'><strong>quam</strong></span> <span class='ocrx_word' id='word_1_317' title='bbox 927 3483 1116 3547; x_wconf 66' lang='lat' dir='ltr'><strong>hominibusi)</strong></span> 
     </span>
    </p>
   </div>
   <div class='ocr_carea' id='block_1_3' title="bbox 0 0 1229 3925">
    <p class='ocr_par' dir='ltr' id='par_1_5' title="bbox 0 0 1229 3925">
     <span class='ocr_line' id='line_1_40' title="bbox 0 0 1229 3925; baseline 0 0"><span class='ocrx_word' id='word_1_318' title='bbox 0 0 1229 3925; x_wconf 95' lang='lat' dir='ltr'><strong> </strong></span> 
     </span>
    </p>
   </div>
  </div>
 </body>
</html>
