<?xml version="1.0" encoding="UTF-8"?>
<!DOCTYPE html PUBLIC "-//W3C//DTD XHTML 1.0 Transitional//EN"
    "http://www.w3.org/TR/xhtml1/DTD/xhtml1-transitional.dtd">
<html xmlns="http://www.w3.org/1999/xhtml" xml:lang="en" lang="en">
 <head>
  <title>
</title>
<meta http-equiv="Content-Type" content="text/html;charset=utf-8" />
  <meta name='ocr-system' content='tesseract 3.04.00' />
  <meta name='ocr-capabilities' content='ocr_page ocr_carea ocr_par ocr_line ocrx_word'/>
</head>
<body>
  <div class='ocr_page' id='page_1' title='image "./mfabiiquintilia08bonngoog_0056.png"; bbox 0 0 2434 3925; ppageno 0'>
   <div class='ocr_carea' id='block_1_1' title="bbox 179 273 855 346">
    <p class='ocr_par' dir='ltr' id='par_1_1' title="bbox 179 273 855 346">
     <span class='ocr_line' id='line_1_1' title="bbox 179 273 855 346; baseline -0.001 -12"><span class='ocrx_word' id='word_1_1' title='bbox 179 273 219 335; x_wconf 84' lang='lat'><strong><em>22</em></strong></span> <span class='ocrx_word' id='word_1_2' title='bbox 492 285 855 346; x_wconf 61' lang='lat' dir='ltr'><strong><em>amnemamnem</em></strong></span> 
     </span>
    </p>
   </div>
   <div class='ocr_carea' id='block_1_2' title="bbox 121 441 1200 3467">
    <p class='ocr_par' dir='ltr' id='par_1_2' title="bbox 121 441 1200 3467">
     <span class='ocr_line' id='line_1_2' title="bbox 179 441 1183 522; baseline 0.004 -20"><span class='ocrx_word' id='word_1_3' title='bbox 179 445 357 522; x_wconf 87' lang='lat' dir='ltr'><strong><em>promiscua,</em></strong></span> <span class='ocrx_word' id='word_1_4' title='bbox 386 458 461 521; x_wconf 88' lang='lat' dir='ltr'><strong><em>quae</em></strong></span> <span class='ocrx_word' id='word_1_5' title='bbox 486 444 635 520; x_wconf 79' lang='lat' dir='ltr'><strong><em>epicoeno</em></strong></span> <span class='ocrx_word' id='word_1_6' title='bbox 658 441 805 516; x_wconf 88' lang='lat' dir='ltr'><strong><em>dicuntur,</em></strong></span> <span class='ocrx_word' id='word_1_7' title='bbox 830 441 1005 518; x_wconf 87' lang='lat' dir='ltr'><strong><em>ostenderit,</em></strong></span> <span class='ocrx_word' id='word_1_8' title='bbox 1024 443 1183 522; x_wconf 84' lang='lat' dir='ltr'><strong><em>inquibus</em></strong></span> 
     </span>
     <span class='ocr_line' id='line_1_3' title="bbox 179 526 1182 607; baseline 0 -19"><span class='ocrx_word' id='word_1_9' title='bbox 179 546 267 588; x_wconf 82' lang='lat' dir='ltr'><strong><em>sexus</em></strong></span> <span class='ocrx_word' id='word_1_10' title='bbox 288 535 410 604; x_wconf 88' lang='lat' dir='ltr'><strong><em>uterque</em></strong></span> <span class='ocrx_word' id='word_1_11' title='bbox 426 544 480 604; x_wconf 89' lang='lat' dir='ltr'><strong><em>per</em></strong></span> <span class='ocrx_word' id='word_1_12' title='bbox 493 526 616 585; x_wconf 88' lang='lat' dir='ltr'><strong><em>alterum</em></strong></span> <span class='ocrx_word' id='word_1_13' title='bbox 630 535 766 603; x_wconf 88' lang='lat' dir='ltr'><strong><em>apparet;</em></strong></span> <span class='ocrx_word' id='word_1_14' title='bbox 789 533 838 583; x_wconf 91' lang='lat' dir='ltr'><strong><em>ant</em></strong></span> <span class='ocrx_word' id='word_1_15' title='bbox 853 542 927 603; x_wconf 90' lang='lat' dir='ltr'><strong><em>quae</em></strong></span> <span class='ocrx_word' id='word_1_16' title='bbox 945 526 1078 587; x_wconf 82' lang='lat' dir='ltr'><strong><em>feminina</em></strong></span> <span class='ocrx_word' id='word_1_17' title='bbox 1096 532 1182 607; x_wconf 90' lang='lat' dir='ltr'><strong><em>posi·</em></strong></span> 
     </span>
     <span class='ocr_line' id='line_1_4' title="bbox 121 609 1182 688; baseline 0.003 -18"><span class='ocrx_word' id='word_1_18' title='bbox 121 663 123 670; x_wconf 81' lang='grc'>,</span> <span class='ocrx_word' id='word_1_19' title='bbox 179 615 258 672; x_wconf 87' lang='lat' dir='ltr'><strong><em>tione</em></strong></span> <span class='ocrx_word' id='word_1_20' title='bbox 272 628 366 671; x_wconf 87' lang='lat' dir='ltr'><strong><em>mares</em></strong></span> <span class='ocrx_word' id='word_1_21' title='bbox 383 619 430 670; x_wconf 90' lang='lat' dir='ltr'><strong><em>aut</em></strong></span> <span class='ocrx_word' id='word_1_22' title='bbox 445 609 566 670; x_wconf 90' lang='lat' dir='ltr'><strong><em>neutrali</em></strong></span> <span class='ocrx_word' id='word_1_23' title='bbox 585 610 705 669; x_wconf 88' lang='lat' dir='ltr'><strong><em>laminas</em></strong></span> <span class='ocrx_word' id='word_1_24' title='bbox 721 609 897 686; x_wconf 78' lang='lat' dir='ltr'><strong><em>significant,</em></strong></span> <span class='ocrx_word' id='word_1_25' title='bbox 918 610 1012 688; x_wconf 89' lang='lat' dir='ltr'><strong><em>qualia</em></strong></span> <span class='ocrx_word' id='word_1_26' title='bbox 1028 621 1094 671; x_wconf 88' lang='lat' dir='ltr'><strong><em>sunt</em></strong></span> <span class='ocrx_word' id='word_1_27' title='bbox 1108 611 1182 673; x_wconf 83' lang='lat' dir='ltr'><strong><em>Mu-</em></strong></span> 
     </span>
     <span class='ocr_line' id='line_1_5' title="bbox 136 692 1182 794; baseline -0.002 -36"><span class='ocrx_word' id='word_1_28' title='bbox 136 705 256 758; x_wconf 74' lang='lat' dir='ltr'><strong><em>25reuo</em></strong></span> <span class='ocrx_word' id='word_1_29' title='bbox 271 704 300 753; x_wconf 89' lang='lat' dir='ltr'><strong><em>et</em></strong></span> <span class='ocrx_word' id='word_1_30' title='bbox 319 695 498 794; x_wconf 74' lang='lat' dir='ltr'><strong><em>Glycerium.</em></strong></span> <span class='ocrx_word' id='word_1_31' title='bbox 537 692 717 753; x_wconf 77' lang='lat' dir='ltr'><strong>Scrutabitur</strong></span> <span class='ocrx_word' id='word_1_32' title='bbox 737 694 787 753; x_wconf 88' lang='lat' dir='ltr'><strong><em>ille</em></strong></span> <span class='ocrx_word' id='word_1_33' title='bbox 806 703 982 772; x_wconf 87' lang='lat' dir='ltr'><strong><em>praeceptor</em></strong></span> <span class='ocrx_word' id='word_1_34' title='bbox 996 711 1065 755; x_wconf 86' lang='lat' dir='ltr'><strong><em>acer</em></strong></span> <span class='ocrx_word' id='word_1_35' title='bbox 1087 705 1182 775; x_wconf 88' lang='lat' dir='ltr'><strong><em>atque</em></strong></span> 
     </span>
     <span class='ocr_line' id='line_1_6' title="bbox 181 776 1183 859; baseline 0.001 -20"><span class='ocrx_word' id='word_1_36' title='bbox 181 779 294 840; x_wconf 85' lang='lat' dir='ltr'><strong><em>subtilis</em></strong></span> <span class='ocrx_word' id='word_1_37' title='bbox 320 781 447 856; x_wconf 80' lang='lat' dir='ltr'>origines</span> <span class='ocrx_word' id='word_1_38' title='bbox 466 779 626 852; x_wconf 89' lang='lat' dir='ltr'><strong>nominum</strong></span> <span class='ocrx_word' id='word_1_39' title='bbox 654 795 728 855; x_wconf 88' lang='lat' dir='ltr'><strong><em>qnae</em></strong></span> <span class='ocrx_word' id='word_1_40' title='bbox 749 796 786 836; x_wconf 83' lang='lat' dir='ltr'><strong><em>ex</em></strong></span> <span class='ocrx_word' id='word_1_41' title='bbox 805 776 903 836; x_wconf 90' lang='lat' dir='ltr'><strong><em>habitu</em></strong></span> <span class='ocrx_word' id='word_1_42' title='bbox 926 781 1058 857; x_wconf 89' lang='lat' dir='ltr'><strong><em>corporis</em></strong></span> <span class='ocrx_word' id='word_1_43' title='bbox 1077 780 1183 859; x_wconf 76' lang='lat' dir='ltr'><strong><em>Rufos</em></strong></span> 
     </span>
     <span class='ocr_line' id='line_1_7' title="bbox 180 851 1181 943; baseline -0.001 -18"><span class='ocrx_word' id='word_1_44' title='bbox 180 863 355 943; x_wconf 80' lang='lat' dir='ltr'><strong><em>Lnnpoaque</em></strong></span> <span class='ocrx_word' id='word_1_45' title='bbox 374 864 521 929; x_wconf 89' lang='lat' dir='ltr'><strong><em>iecerunt;</em></strong></span> <span class='ocrx_word' id='word_1_46' title='bbox 539 861 587 921; x_wconf 90' lang='lat' dir='ltr'><strong><em>nbi</em></strong></span> <span class='ocrx_word' id='word_1_47' title='bbox 605 863 660 921; x_wconf 89' lang='lat' dir='ltr'><strong><em>erit</em></strong></span> <span class='ocrx_word' id='word_1_48' title='bbox 682 861 758 921; x_wconf 91' lang='lat' dir='ltr'><strong><em>alind</em></strong></span> <span class='ocrx_word' id='word_1_49' title='bbox 773 851 932 936; x_wconf 85' lang='lat' dir='ltr'><strong><em>seoretius,</em></strong></span> <span class='ocrx_word' id='word_1_50' title='bbox 954 860 1078 935; x_wconf 85' lang='lat' dir='ltr'><strong><em>Sullae</em></strong></span> <span class='ocrx_word' id='word_1_51' title='bbox 1093 863 1181 925; x_wconf 83' lang='lat' dir='ltr'><strong><em>Bur·</em></strong></span> 
     </span>
     <span class='ocr_line' id='line_1_8' title="bbox 180 944 1180 1026; baseline -0.002 -17"><span class='ocrx_word' id='word_1_52' title='bbox 180 950 245 1026; x_wconf 83' lang='lat' dir='ltr'><strong><em>rbi,</em></strong></span> <span class='ocrx_word' id='word_1_53' title='bbox 262 948 394 1023; x_wconf 88' lang='lat' dir='ltr'><strong><em>Golboe,</em></strong></span> <span class='ocrx_word' id='word_1_54' title='bbox 416 946 532 1022; x_wconf 85' lang='lat' dir='ltr'><strong><em>Plauti,</em></strong></span> <span class='ocrx_word' id='word_1_55' title='bbox 554 944 692 1023; x_wconf 79' lang='lat' dir='ltr'><strong><em>Pansae,</em></strong></span> <span class='ocrx_word' id='word_1_56' title='bbox 712 944 828 1006; x_wconf 78' lang='lat' dir='ltr'><strong><em>Scauri</em></strong></span> <span class='ocrx_word' id='word_1_57' title='bbox 848 945 989 1024; x_wconf 89' lang='lat' dir='ltr'><strong><em>taliaqne;</em></strong></span> <span class='ocrx_word' id='word_1_58' title='bbox 1007 957 1035 1006; x_wconf 87' lang='lat' dir='ltr'><strong><em>et</em></strong></span> <span class='ocrx_word' id='word_1_59' title='bbox 1051 966 1090 1006; x_wconf 88' lang='lat' dir='ltr'><strong><em>ex</em></strong></span> <span class='ocrx_word' id='word_1_60' title='bbox 1104 966 1180 1008; x_wconf 89' lang='lat' dir='ltr'><strong><em>casu</em></strong></span> 
     </span>
     <span class='ocr_line' id='line_1_9' title="bbox 180 1027 1181 1109; baseline 0.001 -16"><span class='ocrx_word' id='word_1_61' title='bbox 180 1033 370 1099; x_wconf 66' lang='lat' dir='ltr'><strong><em>nascentium</em></strong></span> <span class='ocrx_word' id='word_1_62' title='bbox 390 1031 437 1090; x_wconf 87' lang='lat' dir='ltr'><strong><em>hio</em></strong></span> <span class='ocrx_word' id='word_1_63' title='bbox 456 1027 597 1109; x_wconf 79' lang='lat' dir='ltr'><strong><em>Aprippo</em></strong></span> <span class='ocrx_word' id='word_1_64' title='bbox 615 1039 644 1089; x_wconf 89' lang='lat' dir='ltr'><strong><em>et</em></strong></span> <span class='ocrx_word' id='word_1_65' title='bbox 662 1027 767 1109; x_wconf 82' lang='lat' dir='ltr'><strong><em>Opiter</em></strong></span> <span class='ocrx_word' id='word_1_66' title='bbox 782 1039 812 1089; x_wconf 87' lang='lat' dir='ltr'><strong><em>et</em></strong></span> <span class='ocrx_word' id='word_1_67' title='bbox 833 1028 955 1092; x_wconf 76' lang='lat' dir='ltr'><strong><em>Gordus</em></strong></span> <span class='ocrx_word' id='word_1_68' title='bbox 972 1041 1001 1090; x_wconf 86' lang='lat' dir='ltr'><strong><em>et</em></strong></span> <span class='ocrx_word' id='word_1_69' title='bbox 1016 1030 1181 1094; x_wconf 73' lang='lat' dir='ltr'><strong><em>Postumus</em></strong></span> 
     </span>
     <span class='ocr_line' id='line_1_10' title="bbox 181 1114 1178 1195; baseline -0.002 -19"><span class='ocrx_word' id='word_1_70' title='bbox 181 1126 277 1184; x_wconf 77' lang='lat' dir='ltr'><strong><em>erunt3</em></strong></span> <span class='ocrx_word' id='word_1_71' title='bbox 298 1124 328 1175; x_wconf 89' lang='lat' dir='ltr'><strong><em>et</em></strong></span> <span class='ocrx_word' id='word_1_72' title='bbox 345 1134 382 1174; x_wconf 83' lang='lat' dir='ltr'><strong><em>ex</em></strong></span> <span class='ocrx_word' id='word_1_73' title='bbox 398 1116 449 1190; x_wconf 80' lang='lat' dir='ltr'><strong><em>iis,</em></strong></span> <span class='ocrx_word' id='word_1_74' title='bbox 469 1132 541 1193; x_wconf 89' lang='lat' dir='ltr'><strong><em>quae</em></strong></span> <span class='ocrx_word' id='word_1_75' title='bbox 560 1124 627 1193; x_wconf 87' lang='lat' dir='ltr'><strong><em>post</em></strong></span> <span class='ocrx_word' id='word_1_76' title='bbox 644 1124 727 1174; x_wconf 88' lang='lat' dir='ltr'><strong><em>natos</em></strong></span> <span class='ocrx_word' id='word_1_77' title='bbox 747 1115 899 1189; x_wconf 84' lang='lat' dir='ltr'><strong><em>eveniunt,</em></strong></span> <span class='ocrx_word' id='word_1_78' title='bbox 918 1116 994 1175; x_wconf 86' lang='lat' dir='ltr'><strong><em>unde</em></strong></span> <span class='ocrx_word' id='word_1_79' title='bbox 1016 1114 1178 1195; x_wconf 77' lang='lat' dir='ltr'><strong><em>Vopiscus.</em></strong></span> 
     </span>
     <span class='ocr_line' id='line_1_11' title="bbox 180 1196 1179 1278; baseline -0.001 -17"><span class='ocrx_word' id='word_1_80' title='bbox 180 1202 239 1261; x_wconf 89' lang='lat' dir='ltr'><strong><em>lam</em></strong></span> <span class='ocrx_word' id='word_1_81' title='bbox 261 1198 385 1275; x_wconf 80' lang='lat' dir='ltr'><strong><em>Cottae,</em></strong></span> <span class='ocrx_word' id='word_1_82' title='bbox 408 1196 581 1278; x_wconf 77' lang='lat' dir='ltr'><strong><em>Scipiones,</em></strong></span> <span class='ocrx_word' id='word_1_83' title='bbox 605 1197 772 1273; x_wconf 71' lang='lat' dir='ltr'><strong><em>locutulei,</em></strong></span> <span class='ocrx_word' id='word_1_84' title='bbox 795 1196 910 1259; x_wconf 84' lang='lat' dir='ltr'><strong><em>Sereni</em></strong></span> <span class='ocrx_word' id='word_1_85' title='bbox 930 1208 995 1258; x_wconf 90' lang='lat' dir='ltr'><strong><em>sunt</em></strong></span> <span class='ocrx_word' id='word_1_86' title='bbox 1016 1208 1045 1259; x_wconf 85' lang='lat' dir='ltr'><strong><em>et</em></strong></span> <span class='ocrx_word' id='word_1_87' title='bbox 1067 1218 1105 1259; x_wconf 88' lang='lat' dir='ltr'><strong><em>ex</em></strong></span> <span class='ocrx_word' id='word_1_88' title='bbox 1127 1218 1179 1260; x_wconf 84' lang='lat' dir='ltr'><strong><em>va·</em></strong></span> 
     </span>
     <span class='ocr_line' id='line_1_12' title="bbox 125 1279 1178 1362; baseline 0.005 -23"><span class='ocrx_word' id='word_1_89' title='bbox 125 1279 231 1344; x_wconf 68' lang='lat' dir='ltr'><strong><em>&#39;idriis</em></strong></span> <span class='ocrx_word' id='word_1_90' title='bbox 252 1284 358 1344; x_wconf 88' lang='lat' dir='ltr'><strong><em>causis.</em></strong></span> <span class='ocrx_word' id='word_1_91' title='bbox 395 1282 502 1343; x_wconf 81' lang='lat' dir='ltr'><strong><em>Gentes</em></strong></span> <span class='ocrx_word' id='word_1_92' title='bbox 525 1300 641 1361; x_wconf 88' lang='lat' dir='ltr'><strong><em>quoque</em></strong></span> <span class='ocrx_word' id='word_1_93' title='bbox 662 1300 697 1342; x_wconf 90' lang='lat' dir='ltr'><strong><em>ac</em></strong></span> <span class='ocrx_word' id='word_1_94' title='bbox 721 1282 787 1341; x_wconf 90' lang='lat' dir='ltr'><strong><em>loca</em></strong></span> <span class='ocrx_word' id='word_1_95' title='bbox 806 1290 836 1341; x_wconf 89' lang='lat' dir='ltr'><strong><em>et</em></strong></span> <span class='ocrx_word' id='word_1_96' title='bbox 857 1282 912 1343; x_wconf 90' lang='lat' dir='ltr'><strong><em>alia</em></strong></span> <span class='ocrx_word' id='word_1_97' title='bbox 934 1284 1021 1344; x_wconf 88' lang='lat' dir='ltr'><strong><em>multa</em></strong></span> <span class='ocrx_word' id='word_1_98' title='bbox 1042 1287 1178 1362; x_wconf 81' lang='lat' dir='ltr'><strong><em>reperias</em></strong></span> 
     </span>
     <span class='ocr_line' id='line_1_13' title="bbox 180 1367 1175 1445; baseline 0 -18"><span class='ocrx_word' id='word_1_99' title='bbox 180 1371 255 1427; x_wconf 90' lang='lat' dir='ltr'><strong><em>inter</em></strong></span> <span class='ocrx_word' id='word_1_100' title='bbox 271 1368 412 1426; x_wconf 85' lang='lat' dir='ltr'><strong><em>nominum</em></strong></span> <span class='ocrx_word' id='word_1_101' title='bbox 431 1384 543 1427; x_wconf 88' lang='lat' dir='ltr'><strong><em>causas.</em></strong></span> <span class='ocrx_word' id='word_1_102' title='bbox 578 1367 611 1426; x_wconf 89' lang='lat' dir='ltr'><strong><em>ln</em></strong></span> <span class='ocrx_word' id='word_1_103' title='bbox 630 1367 722 1425; x_wconf 84' lang='lat' dir='ltr'><strong><em>servis</em></strong></span> <span class='ocrx_word' id='word_1_104' title='bbox 742 1367 797 1425; x_wconf 89' lang='lat' dir='ltr'><strong><em>iam</em></strong></span> <span class='ocrx_word' id='word_1_105' title='bbox 816 1367 961 1427; x_wconf 77' lang='lat' dir='ltr'><strong><em>intercidit</em></strong></span> <span class='ocrx_word' id='word_1_106' title='bbox 981 1367 1052 1427; x_wconf 93' lang='lat' dir='ltr'><strong><em>illud</em></strong></span> <span class='ocrx_word' id='word_1_107' title='bbox 1067 1386 1175 1445; x_wconf 81' lang='lat' dir='ltr'><strong><em>genus,</em></strong></span> 
     </span>
     <span class='ocr_line' id='line_1_14' title="bbox 181 1447 1175 1532; baseline -0.002 -21"><span class='ocrx_word' id='word_1_108' title='bbox 181 1452 258 1532; x_wconf 94' lang='lat' dir='ltr'><strong><em>quod</em></strong></span> <span class='ocrx_word' id='word_1_109' title='bbox 274 1450 432 1511; x_wconf 80' lang='lat' dir='ltr'><strong><em>ducebatur</em></strong></span> <span class='ocrx_word' id='word_1_110' title='bbox 447 1468 463 1510; x_wconf 89' lang='lat' dir='ltr'><strong><em>a</em></strong></span> <span class='ocrx_word' id='word_1_111' title='bbox 480 1452 611 1525; x_wconf 79' lang='lat' dir='ltr'><strong><em>domino,</em></strong></span> <span class='ocrx_word' id='word_1_112' title='bbox 625 1451 700 1510; x_wconf 91' lang='lat' dir='ltr'><strong><em>unde</em></strong></span> <span class='ocrx_word' id='word_1_113' title='bbox 715 1447 909 1529; x_wconf 78' lang='lat' dir='ltr'><strong><em>Marcipores</em></strong></span> <span class='ocrx_word' id='word_1_114' title='bbox 925 1450 1175 1530; x_wconf 80' lang='lat' dir='ltr'><strong><em>Publiporecque.</em></strong></span> 
     </span>
     <span class='ocr_line' id='line_1_15' title="bbox 182 1534 1175 1613; baseline -0.001 -18"><span class='ocrx_word' id='word_1_115' title='bbox 182 1536 307 1610; x_wconf 86' lang='lat' dir='ltr'><strong><em>Quaerat</em></strong></span> <span class='ocrx_word' id='word_1_116' title='bbox 327 1537 426 1610; x_wconf 82' lang='lat' dir='ltr'><strong><em>etiam,</em></strong></span> <span class='ocrx_word' id='word_1_117' title='bbox 449 1538 522 1594; x_wconf 86' lang='lat' dir='ltr'><strong><em>sitne</em></strong></span> <span class='ocrx_word' id='word_1_118' title='bbox 541 1534 616 1613; x_wconf 88' lang='lat' dir='ltr'><strong><em>apud</em></strong></span> <span class='ocrx_word' id='word_1_119' title='bbox 632 1534 761 1595; x_wconf 86' lang='lat' dir='ltr'><strong><em>Graecos</em></strong></span> <span class='ocrx_word' id='word_1_120' title='bbox 778 1537 822 1593; x_wconf 83' lang='lat' dir='ltr'><strong><em>vis</em></strong></span> <span class='ocrx_word' id='word_1_121' title='bbox 839 1535 978 1613; x_wconf 83' lang='lat' dir='ltr'><strong><em>quaedam</em></strong></span> <span class='ocrx_word' id='word_1_122' title='bbox 995 1538 1070 1595; x_wconf 84' lang='lat' dir='ltr'><strong><em>sexti</em></strong></span> <span class='ocrx_word' id='word_1_123' title='bbox 1088 1555 1175 1596; x_wconf 89' lang='lat' dir='ltr'><strong><em>casus</em></strong></span> 
     </span>
     <span class='ocr_line' id='line_1_16' title="bbox 181 1618 1174 1699; baseline 0.006 -19"><span class='ocrx_word' id='word_1_124' title='bbox 181 1629 211 1680; x_wconf 88' lang='lat' dir='ltr'><strong><em>et</em></strong></span> <span class='ocrx_word' id='word_1_125' title='bbox 225 1620 300 1697; x_wconf 90' lang='lat' dir='ltr'><strong><em>apud</em></strong></span> <span class='ocrx_word' id='word_1_126' title='bbox 315 1636 368 1678; x_wconf 91' lang='lat' dir='ltr'><strong><em>nos</em></strong></span> <span class='ocrx_word' id='word_1_127' title='bbox 384 1636 500 1697; x_wconf 90' lang='lat' dir='ltr'><strong><em>quoque</em></strong></span> <span class='ocrx_word' id='word_1_128' title='bbox 515 1620 638 1698; x_wconf 87' lang='lat' dir='ltr'><strong><em>septimi.</em></strong></span> <span class='ocrx_word' id='word_1_129' title='bbox 669 1618 741 1679; x_wconf 87' lang='lat' dir='ltr'><strong><em>Nam</em></strong></span> <span class='ocrx_word' id='word_1_130' title='bbox 758 1636 823 1677; x_wconf 89' lang='lat' dir='ltr'><strong><em>cnm</em></strong></span> <span class='ocrx_word' id='word_1_131' title='bbox 836 1619 901 1682; x_wconf 89' lang='lat' dir='ltr'><strong><em>dico</em></strong></span> <span class='ocrx_word' id='word_1_132' title='bbox 917 1621 1006 1682; x_wconf 84' lang='lat' dir='ltr'><strong><em>beato</em></strong></span> <span class='ocrx_word' id='word_1_133' title='bbox 1018 1622 1174 1699; x_wconf 73' lang='lat' dir='ltr'><strong><em>percusti,</em></strong></span> 
     </span>
     <span class='ocr_line' id='line_1_17' title="bbox 180 1702 1174 1779; baseline -0.002 -15"><span class='ocrx_word' id='word_1_134' title='bbox 180 1720 238 1764; x_wconf 92' lang='lat' dir='ltr'><strong><em>non</em></strong></span> <span class='ocrx_word' id='word_1_135' title='bbox 254 1713 320 1763; x_wconf 85' lang='lat' dir='ltr'><strong><em>ntor</em></strong></span> <span class='ocrx_word' id='word_1_136' title='bbox 337 1702 453 1762; x_wconf 84' lang='lat' dir='ltr'><strong><em>ablativi</em></strong></span> <span class='ocrx_word' id='word_1_137' title='bbox 471 1712 582 1771; x_wconf 84' lang='lat' dir='ltr'><strong><em>natura;</em></strong></span> <span class='ocrx_word' id='word_1_138' title='bbox 600 1720 671 1779; x_wconf 81' lang='lat' dir='ltr'><strong><em>neo,</em></strong></span> <span class='ocrx_word' id='word_1_139' title='bbox 689 1706 714 1762; x_wconf 88' lang='lat' dir='ltr'><strong><em>si</em></strong></span> <span class='ocrx_word' id='word_1_140' title='bbox 730 1702 804 1762; x_wconf 90' lang='lat' dir='ltr'><strong><em>idem</em></strong></span> <span class='ocrx_word' id='word_1_141' title='bbox 820 1702 931 1764; x_wconf 80' lang='lat' dir='ltr'><strong><em>Graece</em></strong></span> <span class='ocrx_word' id='word_1_142' title='bbox 948 1703 1056 1779; x_wconf 84' lang='lat' dir='ltr'><strong><em>dicam,</em></strong></span> <span class='ocrx_word' id='word_1_143' title='bbox 1074 1705 1174 1764; x_wconf 86' lang='lat' dir='ltr'><strong><em>dativi.</em></strong></span> 
     </span>
     <span class='ocr_line' id='line_1_18' title="bbox 139 1785 1174 1866; baseline -0.002 -18"><span class='ocrx_word' id='word_1_144' title='bbox 139 1785 241 1848; x_wconf 70' lang='lat' dir='ltr'><strong><em>ttsed</em></strong></span> <span class='ocrx_word' id='word_1_145' title='bbox 262 1790 289 1847; x_wconf 92' lang='lat' dir='ltr'><strong><em>in</em></strong></span> <span class='ocrx_word' id='word_1_146' title='bbox 310 1786 407 1847; x_wconf 87' lang='lat' dir='ltr'><strong><em>verbis</em></strong></span> <span class='ocrx_word' id='word_1_147' title='bbox 431 1805 546 1865; x_wconf 87' lang='lat' dir='ltr'><strong><em>quoque</em></strong></span> <span class='ocrx_word' id='word_1_148' title='bbox 569 1789 633 1865; x_wconf 90' lang='lat' dir='ltr'><strong><em>quis</em></strong></span> <span class='ocrx_word' id='word_1_149' title='bbox 655 1795 700 1846; x_wconf 90' lang='lat' dir='ltr'><strong><em>est</em></strong></span> <span class='ocrx_word' id='word_1_150' title='bbox 721 1787 794 1847; x_wconf 90' lang='lat' dir='ltr'><strong><em>adeo</em></strong></span> <span class='ocrx_word' id='word_1_151' title='bbox 817 1789 982 1865; x_wconf 87' lang='lat' dir='ltr'><strong><em>imperitus</em></strong></span> <span class='ocrx_word' id='word_1_152' title='bbox 1007 1797 1038 1848; x_wconf 93' lang='lat' dir='ltr'><strong><em>ut</em></strong></span> <span class='ocrx_word' id='word_1_153' title='bbox 1059 1791 1174 1866; x_wconf 78' lang='lat' dir='ltr'><strong><em>ignoret</em></strong></span> 
     </span>
     <span class='ocr_line' id='line_1_19' title="bbox 181 1869 1175 1951; baseline 0 -19"><span class='ocrx_word' id='word_1_154' title='bbox 181 1890 290 1951; x_wconf 82' lang='lat' dir='ltr'><strong><em>genera</em></strong></span> <span class='ocrx_word' id='word_1_155' title='bbox 305 1881 334 1931; x_wconf 89' lang='lat' dir='ltr'><strong><em>et</em></strong></span> <span class='ocrx_word' id='word_1_156' title='bbox 349 1872 501 1949; x_wconf 85' lang='lat' dir='ltr'><strong><em>qualitates</em></strong></span> <span class='ocrx_word' id='word_1_157' title='bbox 514 1881 543 1931; x_wconf 88' lang='lat' dir='ltr'><strong><em>et</em></strong></span> <span class='ocrx_word' id='word_1_158' title='bbox 558 1888 699 1949; x_wconf 81' lang='lat' dir='ltr'><strong><em>personas</em></strong></span> <span class='ocrx_word' id='word_1_159' title='bbox 713 1880 742 1931; x_wconf 88' lang='lat' dir='ltr'><strong><em>et</em></strong></span> <span class='ocrx_word' id='word_1_160' title='bbox 752 1869 907 1931; x_wconf 77' lang='lat' dir='ltr'><strong><em>numeros?</em></strong></span> <span class='ocrx_word' id='word_1_161' title='bbox 926 1871 1068 1932; x_wconf 88' lang='lat' dir='ltr'><strong><em>Litterarii</em></strong></span> <span class='ocrx_word' id='word_1_162' title='bbox 1081 1890 1175 1950; x_wconf 87' lang='lat' dir='ltr'><strong><em>paene</em></strong></span> 
     </span>
     <span class='ocr_line' id='line_1_20' title="bbox 181 1953 1174 2035; baseline 0.001 -18"><span class='ocrx_word' id='word_1_163' title='bbox 181 1960 320 2018; x_wconf 89' lang='lat' dir='ltr'><strong><em>istasunt</em></strong></span> <span class='ocrx_word' id='word_1_164' title='bbox 342 1956 400 2017; x_wconf 93' lang='lat' dir='ltr'><strong><em>ludi</em></strong></span> <span class='ocrx_word' id='word_1_165' title='bbox 423 1967 451 2017; x_wconf 92' lang='lat' dir='ltr'><strong><em>et</em></strong></span> <span class='ocrx_word' id='word_1_166' title='bbox 473 1956 592 2017; x_wconf 80' lang='lat' dir='ltr'><strong><em>trivialis</em></strong></span> <span class='ocrx_word' id='word_1_167' title='bbox 614 1957 763 2016; x_wconf 87' lang='lat' dir='ltr'><strong><em>scientiae</em></strong></span> <span class='ocrx_word' id='word_1_168' title='bbox 803 1953 863 2016; x_wconf 91' lang='lat' dir='ltr'><strong><em>lam</em></strong></span> <span class='ocrx_word' id='word_1_169' title='bbox 884 1956 1022 2035; x_wconf 89' lang='lat' dir='ltr'><strong><em>quosdam</em></strong></span> <span class='ocrx_word' id='word_1_170' title='bbox 1044 1957 1095 2018; x_wconf 91' lang='lat' dir='ltr'><strong><em>illa</em></strong></span> <span class='ocrx_word' id='word_1_171' title='bbox 1117 1967 1174 2018; x_wconf 90' lang='lat' dir='ltr'><strong><em>tur·</em></strong></span> 
     </span>
     <span class='ocr_line' id='line_1_21' title="bbox 181 2036 1174 2142; baseline 0 -40"><span class='ocrx_word' id='word_1_172' title='bbox 181 2036 301 2116; x_wconf 90' lang='lat' dir='ltr'><strong><em>bnbnnt</em></strong></span> <span class='ocrx_word' id='word_1_173' title='bbox 321 2059 395 2119; x_wconf 85' lang='lat' dir='ltr'><strong><em>qnae</em></strong></span> <span class='ocrx_word' id='word_1_174' title='bbox 410 2041 648 2102; x_wconf 83' lang='lat' dir='ltr'><strong><em>declinationibus</em></strong></span> <span class='ocrx_word' id='word_1_175' title='bbox 662 2057 720 2100; x_wconf 91' lang='lat' dir='ltr'><strong><em>non</em></strong></span> <span class='ocrx_word' id='word_1_176' title='bbox 734 2049 875 2100; x_wconf 87' lang='lat' dir='ltr'><strong><em>tenentur.</em></strong></span> <span class='ocrx_word' id='word_1_177' title='bbox 904 2039 975 2101; x_wconf 89' lang='lat' dir='ltr'><strong><em>Nam</em></strong></span> <span class='ocrx_word' id='word_1_178' title='bbox 991 2049 1020 2100; x_wconf 90' lang='lat' dir='ltr'><strong><em>ct</em></strong></span> <span class='ocrx_word' id='word_1_179' title='bbox 1035 2042 1174 2142; x_wconf 78' lang='lat' dir='ltr'><strong><em>quaedam</em></strong></span> 
     </span>
     <span class='ocr_line' id='line_1_22' title="bbox 182 2124 1173 2205; baseline -0.002 -19"><span class='ocrx_word' id='word_1_180' title='bbox 182 2127 332 2205; x_wconf 88' lang='lat' dir='ltr'><strong><em>participia</em></strong></span> <span class='ocrx_word' id='word_1_181' title='bbox 352 2143 387 2185; x_wconf 90' lang='lat' dir='ltr'><strong><em>an</em></strong></span> <span class='ocrx_word' id='word_1_182' title='bbox 404 2125 486 2185; x_wconf 87' lang='lat' dir='ltr'><strong><em>verbi</em></strong></span> <span class='ocrx_word' id='word_1_183' title='bbox 506 2126 719 2203; x_wconf 86' lang='lat' dir='ltr'><strong><em>appellationes</em></strong></span> <span class='ocrx_word' id='word_1_184' title='bbox 739 2127 810 2199; x_wconf 87' lang='lat' dir='ltr'><strong><em>sint,</em></strong></span> <span class='ocrx_word' id='word_1_185' title='bbox 831 2124 952 2184; x_wconf 89' lang='lat' dir='ltr'><strong><em>dubitari</em></strong></span> <span class='ocrx_word' id='word_1_186' title='bbox 970 2135 1084 2204; x_wconf 76' lang='lat' dir='ltr'><strong><em>potest,</em></strong></span> <span class='ocrx_word' id='word_1_187' title='bbox 1109 2129 1173 2204; x_wconf 88' lang='lat' dir='ltr'><strong><em>quia</em></strong></span> 
     </span>
     <span class='ocr_line' id='line_1_23' title="bbox 140 2208 1174 2288; baseline 0.001 -19"><span class='ocrx_word' id='word_1_188' title='bbox 140 2209 258 2276; x_wconf 73' lang='lat' dir='ltr'><strong><em>naaliud</em></strong></span> <span class='ocrx_word' id='word_1_189' title='bbox 274 2209 330 2268; x_wconf 90' lang='lat' dir='ltr'><strong><em>alio</em></strong></span> <span class='ocrx_word' id='word_1_190' title='bbox 346 2208 412 2268; x_wconf 93' lang='lat' dir='ltr'><strong><em>looo</em></strong></span> <span class='ocrx_word' id='word_1_191' title='bbox 426 2208 534 2285; x_wconf 74' lang='lat' dir='ltr'><strong><em>valent,</em></strong></span> <span class='ocrx_word' id='word_1_192' title='bbox 549 2219 580 2268; x_wconf 88' lang='lat' dir='ltr'><strong><em>ut</em></strong></span> <span class='ocrx_word' id='word_1_193' title='bbox 594 2210 703 2270; x_wconf 85' lang='lat' dir='ltr'><strong><em>lectum</em></strong></span> <span class='ocrx_word' id='word_1_194' title='bbox 719 2218 748 2268; x_wconf 93' lang='lat' dir='ltr'><strong><em>et</em></strong></span> <span class='ocrx_word' id='word_1_195' title='bbox 764 2210 897 2288; x_wconf 78' lang='lat' dir='ltr'><strong><em>sopiens.</em></strong></span> <span class='ocrx_word' id='word_1_196' title='bbox 926 2208 1072 2282; x_wconf 85' lang='lat' dir='ltr'><strong><em>Quaedam</em></strong></span> <span class='ocrx_word' id='word_1_197' title='bbox 1085 2211 1174 2270; x_wconf 84' lang='lat' dir='ltr'><strong><em>verba</em></strong></span> 
     </span>
     <span class='ocr_line' id='line_1_24' title="bbox 182 2291 1175 2372; baseline 0.001 -19"><span class='ocrx_word' id='word_1_198' title='bbox 182 2291 424 2371; x_wconf 86' lang='lat' dir='ltr'><strong><em>appellationibus</em></strong></span> <span class='ocrx_word' id='word_1_199' title='bbox 444 2293 562 2369; x_wconf 75' lang='lat' dir='ltr'><strong><em>similia,</em></strong></span> <span class='ocrx_word' id='word_1_200' title='bbox 581 2302 611 2353; x_wconf 90' lang='lat' dir='ltr'><strong><em>ut</em></strong></span> <span class='ocrx_word' id='word_1_201' title='bbox 624 2294 800 2372; x_wconf 80' lang='lat' dir='ltr'><strong><em>frondator,</em></strong></span> <span class='ocrx_word' id='word_1_202' title='bbox 821 2295 960 2355; x_wconf 76' lang='lat' dir='ltr'><strong><em>nutritor.</em></strong></span> <span class='ocrx_word' id='word_1_203' title='bbox 985 2294 1043 2354; x_wconf 89' lang='lat' dir='ltr'><strong><em>Iam</em></strong></span> <span class='ocrx_word' id='word_1_204' title='bbox 1060 2297 1125 2355; x_wconf 86' lang='lat' dir='ltr'><strong><em>itur</em></strong></span> <span class='ocrx_word' id='word_1_205' title='bbox 1145 2297 1175 2354; x_wconf 81' lang='lat' dir='ltr'><strong><em>io</em></strong></span> 
     </span>
     <span class='ocr_line' id='line_1_25' title="bbox 182 2376 1174 2456; baseline -0.001 -18"><span class='ocrx_word' id='word_1_206' title='bbox 182 2379 340 2454; x_wconf 84' lang='lat' dir='ltr'><strong><em>antiquom</em></strong></span> <span class='ocrx_word' id='word_1_207' title='bbox 354 2377 461 2438; x_wconf 81' lang='lat' dir='ltr'><strong><em>ailuom</em></strong></span> <span class='ocrx_word' id='word_1_208' title='bbox 475 2394 569 2436; x_wconf 91' lang='lat' dir='ltr'><strong><em>nonne</em></strong></span> <span class='ocrx_word' id='word_1_209' title='bbox 584 2379 720 2456; x_wconf 87' lang='lat' dir='ltr'><strong><em>propriae</em></strong></span> <span class='ocrx_word' id='word_1_210' title='bbox 736 2377 881 2437; x_wconf 87' lang='lat' dir='ltr'><strong><em>cuiusdam</em></strong></span> <span class='ocrx_word' id='word_1_211' title='bbox 895 2380 1013 2437; x_wconf 87' lang='lat' dir='ltr'><strong><em>rationis</em></strong></span> <span class='ocrx_word' id='word_1_212' title='bbox 1028 2376 1094 2437; x_wconf 82' lang='lat' dir='ltr'><strong><em>est?</em></strong></span> <span class='ocrx_word' id='word_1_213' title='bbox 1114 2397 1174 2438; x_wconf 88' lang='lat' dir='ltr'><strong><em>nan</em></strong></span> 
     </span>
     <span class='ocr_line' id='line_1_26' title="bbox 182 2459 1173 2541; baseline 0.001 -21"><span class='ocrx_word' id='word_1_214' title='bbox 182 2461 259 2540; x_wconf 94' lang='lat' dir='ltr'><strong><em>quod</em></strong></span> <span class='ocrx_word' id='word_1_215' title='bbox 271 2461 378 2519; x_wconf 89' lang='lat' dir='ltr'><strong><em>initium</em></strong></span> <span class='ocrx_word' id='word_1_216' title='bbox 391 2463 451 2520; x_wconf 88' lang='lat' dir='ltr'><strong><em>eius</em></strong></span> <span class='ocrx_word' id='word_1_217' title='bbox 463 2459 612 2522; x_wconf 77' lang='lat' dir='ltr'><strong><em>invenias?</em></strong></span> <span class='ocrx_word' id='word_1_218' title='bbox 627 2464 672 2521; x_wconf 86' lang='lat' dir='ltr'><strong><em>cui</em></strong></span> <span class='ocrx_word' id='word_1_219' title='bbox 684 2462 776 2521; x_wconf 90' lang='lat' dir='ltr'><strong><em>simile</em></strong></span> <span class='ocrx_word' id='word_1_220' title='bbox 784 2459 884 2538; x_wconf 69' lang='lat' dir='ltr'><strong><em>fletur.</em></strong></span> <span class='ocrx_word' id='word_1_221' title='bbox 902 2462 1067 2541; x_wconf 83' lang='lat' dir='ltr'><strong><em>Accipimus</em></strong></span> <span class='ocrx_word' id='word_1_222' title='bbox 1080 2462 1173 2536; x_wconf 82' lang='lat' dir='ltr'><strong><em>aliter,</em></strong></span> 
     </span>
     <span class='ocr_line' id='line_1_27' title="bbox 182 2543 1174 2646; baseline 0 -41"><span class='ocrx_word' id='word_1_223' title='bbox 182 2555 212 2606; x_wconf 91' lang='lat' dir='ltr'><strong><em>ut</em></strong></span> <span class='ocrx_word' id='word_1_224' title='bbox 229 2545 380 2645; x_wconf 83' lang='lat' dir='ltr'><strong><em>penditur</em></strong></span> <span class='ocrx_word' id='word_1_225' title='bbox 399 2548 517 2607; x_wconf 86' lang='lat' dir='ltr'><strong><em>interea</em></strong></span> <span class='ocrx_word' id='word_1_226' title='bbox 539 2549 656 2607; x_wconf 78' lang='lat' dir='ltr'><strong><em>domus</em></strong></span> <span class='ocrx_word' id='word_1_227' title='bbox 661 2547 874 2646; x_wconf 40' lang='lat' dir='ltr'><strong><em>omnipotentia·</em></strong></span> <span class='ocrx_word' id='word_1_228' title='bbox 887 2543 1019 2626; x_wconf 73' lang='lat' dir='ltr'><strong><em>Olympi,</em></strong></span> <span class='ocrx_word' id='word_1_229' title='bbox 1040 2547 1127 2606; x_wconf 86' lang='lat' dir='ltr'><strong><em>aliter</em></strong></span> <span class='ocrx_word' id='word_1_230' title='bbox 1147 2556 1174 2606; x_wconf 90' lang='lat' dir='ltr'><strong><em>ut</em></strong></span> 
     </span>
     <span class='ocr_line' id='line_1_28' title="bbox 182 2630 1174 2709; baseline -0.003 -18"><span class='ocrx_word' id='word_1_231' title='bbox 182 2630 251 2691; x_wconf 82' lang='lat' dir='ltr'><strong><em>lotis</em></strong></span> <span class='ocrx_word' id='word_1_232' title='bbox 264 2643 361 2707; x_wconf 77' lang='lat' dir='ltr'><strong><em>usque</em></strong></span> <span class='ocrx_word' id='word_1_233' title='bbox 379 2632 458 2691; x_wconf 88' lang='lat' dir='ltr'><strong><em>odeo</em></strong></span> <span class='ocrx_word' id='word_1_234' title='bbox 473 2632 616 2692; x_wconf 83' lang='lat' dir='ltr'><strong><em>turbatur</em></strong></span> <span class='ocrx_word' id='word_1_235' title='bbox 630 2632 725 2709; x_wconf 78' lang='lat' dir='ltr'><strong><em>apris.</em></strong></span> <span class='ocrx_word' id='word_1_236' title='bbox 761 2630 815 2689; x_wconf 86' lang='lat' dir='ltr'><strong><em>Est</em></strong></span> <span class='ocrx_word' id='word_1_237' title='bbox 836 2631 920 2690; x_wconf 89' lang='lat' dir='ltr'><strong><em>etiarn</em></strong></span> <span class='ocrx_word' id='word_1_238' title='bbox 941 2631 1054 2709; x_wconf 90' lang='lat' dir='ltr'><strong><em>qnidam</em></strong></span> <span class='ocrx_word' id='word_1_239' title='bbox 1073 2633 1174 2691; x_wconf 90' lang='lat' dir='ltr'><strong><em>tertius</em></strong></span> 
     </span>
     <span class='ocr_line' id='line_1_29' title="bbox 147 2708 1175 2793; baseline 0.003 -20.106"><span class='ocrx_word' id='word_1_240' title='bbox 147 2708 293 2789; x_wconf 89' lang='lat' dir='ltr'><strong><em>modus,</em></strong></span> <span class='ocrx_word' id='word_1_241' title='bbox 312 2720 342 2771; x_wconf 89' lang='lat' dir='ltr'><strong><em>ut</em></strong></span> <span class='ocrx_word' id='word_1_242' title='bbox 360 2714 435 2774; x_wconf 82' lang='lat' dir='ltr'><strong><em>orba</em></strong></span> <span class='ocrx_word' id='word_1_243' title='bbox 450 2716 616 2786; x_wconf 78' lang='lat' dir='ltr'><strong><em>dubitetur</em></strong></span> <span class='ocrx_word' id='word_1_244' title='bbox 634 2714 709 2774; x_wconf 91' lang='lat' dir='ltr'><strong><em>unde</em></strong></span> <span class='ocrx_word' id='word_1_245' title='bbox 725 2723 754 2774; x_wconf 87' lang='lat' dir='ltr'><strong><em>et</em></strong></span> <span class='ocrx_word' id='word_1_246' title='bbox 771 2732 898 2793; x_wconf 79' lang='lat' dir='ltr'><strong><em>compos</em></strong></span> <span class='ocrx_word' id='word_1_247' title='bbox 915 2718 1069 2790; x_wconf 80' lang='lat' dir='ltr'><strong><em>curritur,</em></strong></span> <span class='ocrx_word' id='word_1_248' title='bbox 1090 2735 1175 2776; x_wconf 87' lang='lat' dir='ltr'><strong><em>more</em></strong></span> 
     </span>
     <span class='ocr_line' id='line_1_30' title="bbox 139 2796 1174 2878; baseline 0.002 -23"><span class='ocrx_word' id='word_1_249' title='bbox 139 2799 356 2876; x_wconf 73' lang='lat' dir='ltr'><strong><em>ibnouipotur</em></strong></span> <span class='ocrx_word' id='word_1_250' title='bbox 390 2796 526 2860; x_wconf 78' lang='lat' dir='ltr'><strong><em>Prorsus</em></strong></span> <span class='ocrx_word' id='word_1_251' title='bbox 547 2817 663 2876; x_wconf 87' lang='lat' dir='ltr'><strong><em>qnoque</em></strong></span> <span class='ocrx_word' id='word_1_252' title='bbox 679 2817 714 2858; x_wconf 88' lang='lat' dir='ltr'><strong><em>ac</em></strong></span> <span class='ocrx_word' id='word_1_253' title='bbox 730 2807 820 2878; x_wconf 79' lang='lat' dir='ltr'><strong><em>potua</em></strong></span> <span class='ocrx_word' id='word_1_254' title='bbox 836 2799 979 2859; x_wconf 81' lang='lat' dir='ltr'><strong><em>diversum</em></strong></span> <span class='ocrx_word' id='word_1_255' title='bbox 996 2798 1075 2858; x_wconf 86' lang='lat' dir='ltr'><strong><em>valet</em></strong></span> <span class='ocrx_word' id='word_1_256' title='bbox 1093 2817 1174 2877; x_wconf 90' lang='lat' dir='ltr'><strong><em>quan</em></strong></span> 
     </span>
     <span class='ocr_line' id='line_1_31' title="bbox 183 2879 1200 2960; baseline 0.001 -20"><span class='ocrx_word' id='word_1_257' title='bbox 183 2882 298 2941; x_wconf 87' lang='lat' dir='ltr'><strong><em>indicat.</em></strong></span> <span class='ocrx_word' id='word_1_258' title='bbox 343 2879 438 2954; x_wconf 79' lang='lat' dir='ltr'><strong><em>Quint</em></strong></span> <span class='ocrx_word' id='word_1_259' title='bbox 466 2881 543 2960; x_wconf 93' lang='lat' dir='ltr'><strong><em>qnod</em></strong></span> <span class='ocrx_word' id='word_1_260' title='bbox 563 2883 652 2942; x_wconf 87' lang='lat' dir='ltr'><strong><em>multa</em></strong></span> <span class='ocrx_word' id='word_1_261' title='bbox 671 2883 761 2944; x_wconf 88' lang='lat' dir='ltr'><strong><em>verba</em></strong></span> <span class='ocrx_word' id='word_1_262' title='bbox 784 2899 842 2941; x_wconf 91' lang='lat' dir='ltr'><strong><em>non</em></strong></span> <span class='ocrx_word' id='word_1_263' title='bbox 864 2891 953 2943; x_wconf 87' lang='lat' dir='ltr'><strong><em>toturn</em></strong></span> <span class='ocrx_word' id='word_1_264' title='bbox 975 2883 1173 2943; x_wconf 87' lang='lat' dir='ltr'><strong><em>declinationis</em></strong></span> <span class='ocrx_word' id='word_1_265' title='bbox 1199 2921 1200 2928; x_wconf 36' lang='grc' dir='ltr'>ι</span> 
     </span>
     <span class='ocr_line' id='line_1_32' title="bbox 184 2965 1172 3046; baseline 0.001 -21"><span class='ocrx_word' id='word_1_266' title='bbox 184 2965 311 3025; x_wconf 90' lang='lat' dir='ltr'><strong><em>ordinem</em></strong></span> <span class='ocrx_word' id='word_1_267' title='bbox 332 2965 443 3041; x_wconf 86' lang='lat' dir='ltr'><strong><em>lerunt,</em></strong></span> <span class='ocrx_word' id='word_1_268' title='bbox 467 2967 606 3045; x_wconf 85' lang='lat' dir='ltr'><strong><em>quaedam</em></strong></span> <span class='ocrx_word' id='word_1_269' title='bbox 629 2968 713 3026; x_wconf 90' lang='lat' dir='ltr'><strong><em>etiarn</em></strong></span> <span class='ocrx_word' id='word_1_270' title='bbox 737 2975 879 3026; x_wconf 88' lang='lat' dir='ltr'><strong><em>mutantur</em></strong></span> <span class='ocrx_word' id='word_1_271' title='bbox 900 2975 930 3025; x_wconf 90' lang='lat' dir='ltr'><strong><em>nt</em></strong></span> <span class='ocrx_word' id='word_1_272' title='bbox 949 2968 1018 3046; x_wconf 76' lang='lat' dir='ltr'><strong><em>sero</em></strong></span> <span class='ocrx_word' id='word_1_273' title='bbox 1040 2969 1068 3026; x_wconf 91' lang='lat' dir='ltr'><strong><em>in</em></strong></span> <span class='ocrx_word' id='word_1_274' title='bbox 1092 2985 1172 3046; x_wconf 89' lang='lat' dir='ltr'><strong><em>prae·</em></strong></span> 
     </span>
     <span class='ocr_line' id='line_1_33' title="bbox 183 3049 1173 3128; baseline 0.001 -20"><span class='ocrx_word' id='word_1_275' title='bbox 183 3051 285 3125; x_wconf 85' lang='lat' dir='ltr'><strong><em>terito,</em></strong></span> <span class='ocrx_word' id='word_1_276' title='bbox 308 3049 448 3127; x_wconf 87' lang='lat' dir='ltr'><strong><em>quaedam</em></strong></span> <span class='ocrx_word' id='word_1_277' title='bbox 465 3054 569 3110; x_wconf 87' lang='lat' dir='ltr'><strong><em>tertiae</em></strong></span> <span class='ocrx_word' id='word_1_278' title='bbox 588 3051 700 3110; x_wconf 89' lang='lat' dir='ltr'><strong><em>demum</em></strong></span> <span class='ocrx_word' id='word_1_279' title='bbox 721 3068 865 3128; x_wconf 87' lang='lat' dir='ltr'><strong><em>personae</em></strong></span> <span class='ocrx_word' id='word_1_280' title='bbox 885 3050 977 3127; x_wconf 86' lang='lat' dir='ltr'><strong><em>ligura</em></strong></span> <span class='ocrx_word' id='word_1_281' title='bbox 994 3051 1127 3111; x_wconf 89' lang='lat' dir='ltr'><strong><em>dicuntur</em></strong></span> <span class='ocrx_word' id='word_1_282' title='bbox 1146 3059 1173 3110; x_wconf 89' lang='lat' dir='ltr'><strong><em>nt</em></strong></span> 
     </span>
     <span class='ocr_line' id='line_1_34' title="bbox 184 3134 1172 3213; baseline -0.002 -19"><span class='ocrx_word' id='word_1_283' title='bbox 184 3135 272 3209; x_wconf 74' lang='lat' dir='ltr'><strong><em>licet,</em></strong></span> <span class='ocrx_word' id='word_1_284' title='bbox 292 3136 390 3211; x_wconf 81' lang='lat' dir='ltr'><strong><em>pipel‚</em></strong></span> <span class='ocrx_word' id='word_1_285' title='bbox 419 3135 558 3212; x_wconf 85' lang='lat' dir='ltr'><strong><em>quaedam</em></strong></span> <span class='ocrx_word' id='word_1_286' title='bbox 579 3134 672 3194; x_wconf 89' lang='lat' dir='ltr'><strong><em>simile</em></strong></span> <span class='ocrx_word' id='word_1_287' title='bbox 699 3136 830 3213; x_wconf 88' lang='lat' dir='ltr'><strong><em>quiddam</em></strong></span> <span class='ocrx_word' id='word_1_288' title='bbox 854 3137 998 3213; x_wconf 89' lang='lat' dir='ltr'><strong><em>patiuntur</em></strong></span> <span class='ocrx_word' id='word_1_289' title='bbox 1024 3134 1172 3195; x_wconf 85' lang='lat' dir='ltr'><strong><em>vocabulis</em></strong></span> 
     </span>
     <span class='ocr_line' id='line_1_35' title="bbox 184 3216 1173 3295; baseline 0.003 -20"><span class='ocrx_word' id='word_1_290' title='bbox 184 3235 258 3295; x_wconf 86' lang='lat' dir='ltr'><strong><em>qnae</em></strong></span> <span class='ocrx_word' id='word_1_291' title='bbox 273 3218 301 3275; x_wconf 91' lang='lat' dir='ltr'><strong><em>in</em></strong></span> <span class='ocrx_word' id='word_1_292' title='bbox 318 3216 482 3278; x_wconf 81' lang='lat' dir='ltr'><strong><em>adverbium</em></strong></span> <span class='ocrx_word' id='word_1_293' title='bbox 499 3216 667 3280; x_wconf 87' lang='lat' dir='ltr'><strong><em>transeunt?</em></strong></span> <span class='ocrx_word' id='word_1_294' title='bbox 690 3218 762 3279; x_wconf 87' lang='lat' dir='ltr'><strong><em>Nam</em></strong></span> <span class='ocrx_word' id='word_1_295' title='bbox 776 3228 807 3279; x_wconf 90' lang='lat' dir='ltr'><strong><em>ut</em></strong></span> <span class='ocrx_word' id='word_1_296' title='bbox 823 3227 913 3280; x_wconf 78' lang='lat' dir='ltr'><strong><em>noctu</em></strong></span> <span class='ocrx_word' id='word_1_297' title='bbox 929 3228 957 3279; x_wconf 86' lang='lat' dir='ltr'><strong><em>et</em></strong></span> <span class='ocrx_word' id='word_1_298' title='bbox 973 3220 1026 3280; x_wconf 85' lang='lat' dir='ltr'><strong><em>diu</em></strong></span> <span class='ocrx_word' id='word_1_299' title='bbox 1041 3221 1078 3277; x_wconf 91' lang='lat' dir='ltr'><strong><em>ita</em></strong></span> <span class='ocrx_word' id='word_1_300' title='bbox 1092 3222 1173 3280; x_wconf 84' lang='lat' dir='ltr'><strong><em>dictu</em></strong></span> 
     </span>
     <span class='ocr_line' id='line_1_36' title="bbox 185 3301 1172 3382; baseline 0 -21"><span class='ocrx_word' id='word_1_301' title='bbox 185 3310 214 3361; x_wconf 87' lang='lat' dir='ltr'><strong><em>et</em></strong></span> <span class='ocrx_word' id='word_1_302' title='bbox 234 3302 331 3380; x_wconf 83' lang='lat' dir='ltr'><strong><em>foetu.</em></strong></span> <span class='ocrx_word' id='word_1_303' title='bbox 372 3302 443 3361; x_wconf 89' lang='lat' dir='ltr'><strong><em>Sunt</em></strong></span> <span class='ocrx_word' id='word_1_304' title='bbox 465 3304 539 3362; x_wconf 86' lang='lat' dir='ltr'><strong><em>anim</em></strong></span> <span class='ocrx_word' id='word_1_305' title='bbox 559 3304 633 3362; x_wconf 87' lang='lat' dir='ltr'><strong><em>haec</em></strong></span> <span class='ocrx_word' id='word_1_306' title='bbox 655 3320 771 3382; x_wconf 88' lang='lat' dir='ltr'><strong><em>quoqne</em></strong></span> <span class='ocrx_word' id='word_1_307' title='bbox 792 3301 883 3363; x_wconf 87' lang='lat' dir='ltr'><strong><em>verba</em></strong></span> <span class='ocrx_word' id='word_1_308' title='bbox 903 3303 1093 3381; x_wconf 87' lang='lat' dir='ltr'><strong><em>participialia</em></strong></span> <span class='ocrx_word' id='word_1_309' title='bbox 1115 3303 1172 3382; x_wconf 92' lang='lat' dir='ltr'><strong><em>qni·</em></strong></span> 
     </span>
     <span class='ocr_line' id='line_1_37' title="bbox 184 3386 921 3467; baseline -0.003 -21"><span class='ocrx_word' id='word_1_310' title='bbox 184 3386 262 3461; x_wconf 80' lang='lat' dir='ltr'><strong><em>dem,</em></strong></span> <span class='ocrx_word' id='word_1_311' title='bbox 284 3394 454 3447; x_wconf 89' lang='lat' dir='ltr'><strong><em>nontamen</em></strong></span> <span class='ocrx_word' id='word_1_312' title='bbox 473 3387 540 3447; x_wconf 90' lang='lat' dir='ltr'><strong><em>talia</em></strong></span> <span class='ocrx_word' id='word_1_313' title='bbox 558 3387 653 3467; x_wconf 91' lang='lat' dir='ltr'><strong><em>qualia</em></strong></span> <span class='ocrx_word' id='word_1_314' title='bbox 672 3389 921 3467; x_wconf 77' lang='lat' dir='ltr'><strong><em>dictosocloque.</em></strong></span> 
     </span>
    </p>
   </div>
   <div class='ocr_carea' id='block_1_3' title="bbox 266 3531 1172 3632">
    <p class='ocr_par' dir='ltr' id='par_1_3' title="bbox 266 3531 1172 3632">
     <span class='ocr_line' id='line_1_38' title="bbox 266 3531 1172 3632; baseline -0.001 -17"><span class='ocrx_word' id='word_1_315' title='bbox 266 3553 302 3615; x_wconf 87' lang='lat' dir='ltr'><strong><em>V.</em></strong></span> <span class='ocrx_word' id='word_1_316' title='bbox 350 3552 409 3614; x_wconf 90' lang='lat' dir='ltr'><strong><em>lam</em></strong></span> <span class='ocrx_word' id='word_1_317' title='bbox 435 3571 498 3613; x_wconf 89' lang='lat' dir='ltr'><strong><em>cum</em></strong></span> <span class='ocrx_word' id='word_1_318' title='bbox 525 3556 615 3615; x_wconf 90' lang='lat' dir='ltr'><strong><em>omnis</em></strong></span> <span class='ocrx_word' id='word_1_319' title='bbox 643 3558 735 3616; x_wconf 89' lang='lat' dir='ltr'><strong><em>oratio</em></strong></span> <span class='ocrx_word' id='word_1_320' title='bbox 763 3565 823 3615; x_wconf 84' lang='lat' dir='ltr'><strong><em>tres</em></strong></span> <span class='ocrx_word' id='word_1_321' title='bbox 847 3531 951 3615; x_wconf 86' lang='lat' dir='ltr'><strong><em>babeat</em></strong></span> <span class='ocrx_word' id='word_1_322' title='bbox 976 3557 1116 3632; x_wconf 83' lang='lat' dir='ltr'><strong><em>virtutes,</em></strong></span> <span class='ocrx_word' id='word_1_323' title='bbox 1145 3560 1172 3614; x_wconf 92' lang='lat' dir='ltr'><strong><em>ut</em></strong></span> 
     </span>
    </p>
   </div>
   <div class='ocr_carea' id='block_1_4' title="bbox 0 0 1222 3925">
    <p class='ocr_par' dir='ltr' id='par_1_4' title="bbox 0 0 1222 3925">
     <span class='ocr_line' id='line_1_39' title="bbox 0 0 1222 3925; baseline 0 0"><span class='ocrx_word' id='word_1_324' title='bbox 0 0 1222 3925; x_wconf 95' lang='lat' dir='ltr'><strong><em> </em></strong></span> 
     </span>
    </p>
   </div>
  </div>
 </body>
</html>
