2434 3925
164 239 206 305 28
404 228 408 236 ’
481 253 839 313 u.unn.oumu11,1nu1

122 406 384 488 acNooipoeimus
407 407 526 474 Pelusio
552 414 585 473 io
611 410 857 482 Alexandriam
885 412 1065 472 detractione
1090 407 1173 474 Ane-

165 493 235 556 bulo
254 494 353 570 mam,
374 492 509 575 Aepypto
529 498 633 573 aenio,
655 493 701 557 Ne
721 498 778 558 lucc
791 497 890 575 'feeit,·
912 497 1171 571 transmutatione,

166 595 221 655 qna
241 577 313 637 ordo
332 577 477 654 turbatur,
502 578 628 659 Quoque
646 599 718 659 eqo,
740 577 830 641 Enim
850 582 907 643 lice
924 582 1032 656 coluit,
1050 577 1172 641 Autem

159 675 225 722 'ooo
242 661 355 723 debuit.
399 661 445 722 Ex
468 681 525 741 quo
547 683 657 741 genere
678 683 714 724 an
738 666 775 723 sit
798 665 894 742 ipitur
915 666 994 724 initio
1016 665 1172 724 sermonis

165 746 304 824 positum,
324 746 444 807 dubitari
464 757 576 825 potest,
600 751 667 827 quia
684 750 822 808 mammos
842 758 977 808 auctores
996 751 1025 808 in
1045 747 1170 808 diversa

165 829 255 890 luisse
279 832 413 908 opinione
436 832 539 908 video,
565 851 630 892 oum
655 832 730 911 apud
752 831 825 891 alios
844 834 881 891 sit
903 835 988 892 etiam
1008 831 1167 910 frequens,

123 912 240 992 ldapud
262 914 335 974 alios
358 933 499 994 nunquam
518 918 689 995 reperiatur.
727 915 807 975 llaec
832 918 886 976 tria
911 935 1020 994 genera
1046 916 1167 1014 quidam

166 998 309 1059 deducunt
332 1016 348 1058 a
371 1000 564 1076 soloecismo,
592 1009 622 1060 et
647 1001 816 1060 adiectionis
843 1003 942 1060 vitium
965 993 1165 1077 πλεονασμόν,

165 1082 351 1143 detractionis
369 1082 546 1160 ἔλλειψιν,
537 1086 709 1144 inversionis
731 1074 922 1185 ἀναστροφὴν
941 1093 1065 1159 vocant,
1083 1093 1165 1162 quae

165 1169 189 1226 si
209 1168 237 1225 in
258 1169 386 1245 speciem
408 1167 575 1228 soloecismi
601 1169 700 1242 eadat,
724 1159 889 1267 ιἰιιερβατὸν
913 1185 1031 1248 quoque
1056 1168 1162 1229 eodem

122 1259 156 1314 41
165 1250 305 1329 appellum
321 1251 407 1311 modo
422 1268 521 1330 posse.
551 1251 749 1312 lmmutatio
725 1271 787 1312 sune
803 1255 1002 1312 controversia
1018 1261 1079 1327 est,
1097 1270 1161 1311 curn

166 1334 242 1395 aliud
261 1351 315 1412 pro
336 1335 393 1394 alio
413 1337 537 1413 ponitur.
574 1335 606 1397 ld
626 1354 680 1414 per
703 1354 802 1396 omnes
825 1338 964 1396 orationis
989 1345 1088 1415 partes
1111 1335 1158 1395 de

165 1418 385 1497 prehendimus,
413 1418 647 1497 frequentissime
671 1422 700 1479 in
721 1419 829 1495 verbo,
857 1422 923 1500 quia
946 1420 1069 1499 plurima
1094 1419 1160 1478 huic

166 1503 313 1571 accidunt;
340 1504 465 1583 ideoque
488 1505 516 1563 in
536 1521 572 1563 eo
591 1504 660 1563 liunt
680 1504 847 1564 soloecismi
867 1522 922 1583 per
941 1523 1067 1582 genera,
1089 1513 1159 1563 tem·

165 1603 253 1665 pora,
276 1604 434 1665 personas,
455 1588 573 1662 modos,
595 1591 659 1648 sive
678 1593 723 1649 cui
744 1597 843 1650 stolus
863 1606 915 1649 eos
934 1588 990 1648 dici
1011 1607 1064 1647 seu
1085 1604 1160 1666 quc·

164 1672 265 1732 litotes
278 1671 386 1749 placet,
402 1672 451 1731 vel
468 1690 521 1731 sex
534 1672 599 1748 rel,
616 1682 647 1732 ut
662 1672 710 1733 alii
726 1672 837 1747 volunt,
856 1681 938 1740 octo;
958 1706 1000 1718 —
1012 1691 1078 1732 nam
1095 1673 1158 1732 toti·

166 1755 230 1814 dem
243 1757 376 1815 vitiorum
392 1765 473 1815 erunt
490 1756 615 1831 formae,
637 1759 752 1834 inquot
771 1758 886 1835 species
902 1773 1002 1816 eorum
1020 1758 1158 1834 quidque,

122 1839 201 1905 rode
218 1839 320 1917 quibus
337 1858 423 1918 supra
438 1841 542 1901 dictum
556 1850 615 1916 est,
634 1842 826 1902 diviseris-
844 1849 998 1918 praeterea
1011 1856 1158 1914 numeros,

166 1925 194 1984 in
218 1923 321 2021 quibus
345 1941 398 1984 nos
422 1925 598 2003 singularem
623 1942 658 1985 ac
679 1924 820 2026 pluralem
845 1923 983 1985 habemus
1007 1924 1113 1985 Graeci
1132 1931 1160 1984 et

164 2002 277 2070 deiude
325 2009 492 2108 Qpanquam
517 2010 647 2086 fuerunt,
675 2012 722 2089 qui
750 2009 849 2069 nobis
838 2027 974 2089 quoque
1002 2009 1160 2068 adiicerent

165 2094 279 2154 dualem
295 2095 466 2172 scripsere,
485 2096 605 2172 tepere·
624 2094 701 2173 quod
720 2095 870 2154 evitandae
889 2095 1052 2172 asperitatis
1067 2095 1160 2170 gratia

165 2178 304 2237 mollitum
320 2186 380 2250 est,
401 2186 431 2236 ut
452 2177 527 2255 apud
542 2187 660 2236 veteres
678 2194 731 2256 pro
746 2179 826 2240 male
840 2179 983 2254 mereris,
1004 2179 1084 2238 mete
1099 2196 1159 2238 me

80 2327 83 2333 ,
165 2280 246 2322 rere.
282 2258 411 2339 Ideoque
434 2261 510 2339 quod
533 2270 638 2321 vocant
664 2263 802 2339 dualem,
829 2263 858 2321 in
879 2262 930 2322 illo
955 2261 1027 2321 solo⁸
1047 2278 1159 2338 genere

167 2345 315 2419 consistit,
344 2362 406 2403 oum
427 2344 501 2422 apud
525 2342 653 2405 Graecos
677 2348 755 2405 etin
778 2346 859 2405 verbi
881 2354 941 2406 tota
962 2346 1026 2406 lere
1047 2347 1160 2404 ratione

166 2431 244 2489 etin
265 2427 424 2488 nominibus
451 2429 699 2507 deprehendatur,
729 2439 759 2490 et
785 2431 829 2489 sic
855 2448 971 2509 quoque
996 2431 1159 2488 rarissimus

122 2515 226 2572 43eius
250 2513 286 2571 sit
307 2530 391 2580 usus;
421 2513 496 2591 apud
521 2522 684 2574 nostrorum
705 2528 776 2573 vero
797 2517 938 2574 neminem
961 2513 1035 2574 hacc
1057 2512 1159 2572 obser·

164 2598 241 2656 vatio
259 2598 438 2674 reperiatur,
458 2599 525 2676 quin
547 2599 726 2658 econtrario
745 2600 895 2661 devertere
912 2599 995 2660 locos
1012 2606 1042 2657 et
1063 2598 1159 2658 coreli-

165 2701 258 2743 ecere
275 2699 380 2743 ommes
398 2689 427 2740 et
444 2683 611 2742 consedere
629 2684 725 2743 duces
740 2690 841 2760 aperte
859 2700 912 2742 nos
931 2682 1070 2756 doceant,
1089 2679 1160 2740 nihil

163 2764 265 2824 luorum
287 2765 321 2827 ad
343 2763 415 2825 duos
439 2767 600 2842 pertinere;
624 2767 733 2828 dicere
758 2782 890 2844 quoque,
918 2766 996 2844 quod
1018 2765 1160 2825 Antonius

164 2848 257 2909 Rufus
285 2868 322 2908 ex
348 2849 465 2909 diverso
490 2852 571 2927 ponit
597 2851 777 2928 exemplum,
811 2850 848 2912 de
876 2850 1006 2928 pluribus
1030 2851 1160 2927 patronis

123 2937 272 3011 dlpraeoo
288 2934 461 3011 pronuntiet.
481 2930 582 3006 Quid?
601 2951 659 2993 non
672 2933 767 2993 Livius
784 2935 861 2995 circa
876 2934 953 2994 initia
968 2936 1062 2994 statim
1077 2933 1161 3011 primi

165 3016 241 3091 libri,
261 3016 407 3092 Tenuere,
423 3019 522 3096 inquit,
538 3036 644 3080 arcem
658 3016 790 3079 Sebini?
810 3027 839 3078 et
853 3036 930 3092 mox,
947 3020 979 3078 io
993 3020 1161 3079 adeersum

164 3100 294 3163 Romani
307 3103 449 3163 subiere?
471 3101 529 3162 Sed
546 3119 630 3179 quem
644 3103 739 3180 potius
755 3119 812 3180 ego
828 3120 912 3180 quam
923 3100 960 3161 lt.
975 3101 1097 3161 Tullium
1114 3118 1160 3160 se·

166 3204 251 3265 quar,
265 3187 312 3264 qui
324 3188 352 3263 in
364 3183 503 3260 Oratore,
518 3184 586 3246 Nom
596 3188 801 3265 reprehendo,
814 3188 921 3264 inquit,
939 3187 1160 3264 scripsere,-

122 3271 409 3348 45scrt'psercot
424 3289 491 3331 esse
504 3272 608 3331 uerius
623 3272 740 3332 sentio?
769 3270 906 3330 Similiter
922 3272 950 3329 in
964 3268 1116 3329 vocabulis
1132 3277 1162 3328 et

165 3353 323 3414 nominihus
337 3353 367 3412 lit
379 3352 570 3413 soloecismus
583 3372 704 3430 genere,
719 3372 856 3429 numero,
872 3356 990 3432 proprie
1005 3360 1099 3413 autem
1113 3371 1159 3414 oa-

165 3438 254 3514 sibus,
271 3435 406 3518 quidquid
418 3436 518 3495 horum
531 3437 615 3497 alteri
629 3438 776 3497 succedet.
799 3437 871 3498 lluic
886 3440 960 3516 parti
972 3438 1161 3513 subiungatur

165 3524 234 3584 iicet
251 3541 305 3605 per
324 3523 554 3602 comparationes
571 3531 600 3581 et
618 3521 846 3603 superlationes,
865 3525 991 3601 itemque
1008 3524 1036 3582 in
1055 3521 1160 3599 quibus
