2434 3925
143 206 183 271 38
460 222 496 268 ιι.
509 221 587 267 ιιι.
600 193 817 281 amormuni

142 375 227 436 simili
237 377 274 435 sit
284 372 437 435 utendum?
456 393 492 435 ιι
506 374 553 452 id,
569 375 604 436 de
621 393 677 454 quo
690 378 798 453 agitur,
815 378 857 451 ei,
876 376 912 436 de
928 395 985 455 quo
997 379 1141 455 scripturn

143 470 203 529 cst,
220 459 313 523 simile
335 456 393 517 sit?
423 460 521 520 Simile
537 469 630 519 autem
652 469 680 519 et
700 462 789 519 maius
805 470 850 519 est
871 470 900 519 et
921 480 973 540 par
989 469 1019 520 et
1033 464 1139 522 minus.
1211 531 1212 538 p

141 542 173 603 In
187 543 238 602 illo
254 546 368 621 priore,
389 559 425 602 un
440 546 509 603 satis
524 543 592 620 lege
608 553 719 604 cautum
736 541 791 603 sit?
811 562 863 619 ιιι,
886 547 940 604 etsi
954 563 1054 623 parum
1071 564 1140 605 cau·

142 636 200 687 tum
222 636 281 702 est,
298 627 352 685 bac
370 628 409 686 sit
429 624 584 686 utendum?
622 628 654 692 ln
675 637 797 706 utroque
814 628 850 686 de
864 629 1011 689 voluntate
1027 628 1139 707 legum-

142 711 252 770 latoris.
287 711 347 770 Sed
363 711 399 771 de
413 729 508 790 aequo
524 719 662 772 tractatus
680 713 879 790 potentissimi.

353 864 616 924 AMPHIBOLIA,1D
634 865 694 915 EST
712 865 920 917 Autololum.

225 959 275 1020 IX.
305 959 563 1038 Ampbiboliae
585 963 702 1039 species
718 971 782 1020 sunt
798 962 1033 1038 innumerabiles,
1050 964 1136 1039 adeo,

141 1055 172 1106 ut
193 1044 430 1123 pbilosophorum
452 1043 619 1122 quibusdam
637 1044 744 1104 nullum
766 1046 896 1105 videatur
916 1065 983 1107 esse
1005 1046 1137 1124 verbum,

116 1129 221 1208 uquod
233 1145 289 1187 non
301 1128 382 1205 plura
394 1128 550 1208 significem
570 1146 679 1205 genera
690 1129 839 1189 admodum
854 1148 955 1212 pauca.
989 1128 1048 1191 Aut
1062 1133 1138 1190 enim

144 1212 264 1272 vocibus
284 1212 388 1271 accidit
409 1212 570 1288 singulis
593 1222 642 1272 aut
664 1214 884 1273 coniunctis.

225 1295 377 1372 Singula
396 1295 517 1354 afferunt
535 1313 678 1371 errorem,
699 1296 905 1375 cumpluribus
920 1296 1007 1358 rebus
1022 1305 1071 1356 aut
1085 1296 1137 1357 bo-

142 1379 262 1440 minibus
279 1379 379 1438 eadem
396 1379 553 1457 appellatio
569 1389 615 1439 est
634 1381 667 1457 (o
656 1372 801 1457 ‘putuoplu
813 1381 949 1474 dicitur),
972 1390 1003 1440 ut
1018 1381 1136 1456 Gallos,
1211 1401 1212 1418 ¹

142 1482 224 1525 avem
245 1472 412 1540 ungentem
435 1481 471 1522 au
492 1480 594 1522 nornen
616 1481 651 1523 an
672 1459 835 1524 fortunam
829 1466 960 1542 corporis
980 1464 1136 1542 significet,

142 1551 280 1607 incertum
298 1557 353 1614 est;
381 1555 410 1606 et
430 1544 530 1623 diac,
554 1547 736 1607 Telamonius
761 1565 796 1607 an
816 1546 893 1608 Oilei
914 1548 999 1608 lilius.
1037 1548 1137 1608 Verba

115 1645 259 1710 aquoque
272 1632 410 1709 quaedam
422 1631 553 1691 diversos
564 1632 728 1691 intellectus
740 1630 860 1707 habent,
875 1641 906 1690 ut
920 1651 1021 1694 cerno.
1054 1631 1137 1704 Quae

144 1714 312 1792 ambiguitas
329 1711 458 1793 plurimis
478 1715 569 1775 modis
585 1716 698 1775 accidit.
736 1714 818 1775 Unde
834 1716 896 1775 lere
917 1715 1000 1791 lites,
1023 1718 1136 1794 praecl-

143 1817 201 1878 pue
217 1817 254 1857 ex
267 1800 460 1874 testamentis,
479 1818 542 1859 cum
559 1801 595 1859 de
611 1799 744 1859 libertate
761 1810 809 1859 aut
824 1801 908 1858 etlam
923 1799 959 1858 de
975 1798 1136 1859 hereditate

143 1883 317 1943 contendunt
332 1886 369 1957 li,
388 1883 490 1963 quibus
506 1884 579 1943 idem
591 1900 695 1942 nomen
710 1892 768 1950 est;
789 1892 853 1957 aut,
871 1882 938 1960 quid
949 1884 986 1942 sit
998 1883 1136 1960 legatum,

114 1970 296 2046 4quaeritur.
339 1967 471 2028 Alterum
492 1977 552 2043 est,
577 1971 610 2027 in·
627 1985 683 2046 quo
706 1968 761 2027 alia
782 1968 895 2044 integro
915 1967 1006 2027 ¹verbo
1029 1967 1136 2043 signill-

142 2054 218 2112 catio
239 2061 285 2112 cst
307 2052 362 2112 alia
378 2052 487 2127 diviso,
510 2053 566 2110 ιι
554 2072 687 2129 sopenna
702 2061 731 2111 ιι
751 2060 970 2114 armamentum
985 2060 1014 2110 ιι
1030 2049 1137 2113 comt-

140 2155 232 2204 num;
253 2138 368 2214 ineptae
390 2154 460 2195 sane
482 2135 688 2236 cavillationis,
713 2153 752 2194 ex
767 2152 821 2213 qua
837 2143 931 2195 tamen
947 2133 1050 2194 Graeci
1067 2151 1136 2193 con·

142 2222 298 2279 troversias
312 2221 432 2279 ducunt:
452 2211 955 2299 1ndeenrmoutnrplgrllavulgata
973 2236 1137 2295 cumquae

141 2306 229 2377 nitur,
254 2302 359 2365 Utrum
373 2304 463 2380 aulo,
481 2318 561 2380 quoe
581 2312 628 2365 ter
647 2304 809 2379 ceciderit,
831 2322 872 2363 αιι
885 2303 1026 2378 tibicina,
1043 2304 1078 2362 ci
1086 2322 1137 2363 ce-

116 2387 272 2463 meterii,
292 2388 402 2448 debeat
420 2388 584 2464 publicari.
628 2386 725 2446 Tertia
741 2395 785 2445 est
806 2387 1044 2464 circumpositis,
1064 2394 1095 2443 ut
1111 2386 1137 2443 si

143 2472 206 2549 quis
225 2488 330 2549 corpus
351 2489 432 2529 suurn
447 2470 555 2530 inculto
573 2470 640 2529 loco
661 2471 730 2547 poni
749 2469 861 2544 iubeat,
887 2470 1021 2546 circaque
1036 2486 1136 2527 monu-

141 2563 266 2614 mentum
287 2552 403 2612 multum
428 2557 489 2630 agri
510 2553 545 2613 ab
566 2552 721 2613 heredibus
743 2556 772 2613 in
794 2552 912 2613 tutelam
935 2554 1075 2627 cinerum,
1105 2559 1138 2611 ut

116 2638 255 2713 fisolent,
280 2638 377 2715 leget,
401 2638 437 2695 sit
463 2637 520 2696 litis
542 2640 659 2697 occasio
682 2638 813 2699 maltum
841 2638 890 2697 Sic
909 2635 984 2714 apud
1006 2634 1136 2695 Graecos

143 2723 317 2782 contendunt
323 2719 411 2781 Λέων
420 2730 449 2780 et
457 2719 651 2796 Πανταλέων,
664 2740 726 2782 cum
738 2723 879 2799 scriptura
891 2719 975 2779 dubia
986 2728 1047 2795 est,
1059 2717 1137 2778 bona

143 2809 235 2867 omnia
251 2804 359 2866 Λέοντι
374 2818 410 2865 an
422 2804 498 2864 bona
509 2804 708 2867 Πανταλέοντι
723 2805 826 2865 relicta
840 2807 904 2863 sint.

225 2891 257 2950 ln
281 2890 491 2950 coniunctis
513 2889 578 2967 plus
599 2889 800 2966 ambiguitatis.
839 2887 884 2948 Fit
905 2896 999 2947 autem
1015 2903 1070 2962 per
1089 2901 1137 2946 cu·
1211 2938 1212 2949 ,

143 2994 206 3033 sus:
229 2984 259 3034 ut

115 3064 130 3118 t
291 3054 347 3117 Aio
362 3064 406 3131 te,
422 3053 580 3132 Aeacida,
597 3055 749 3118 Romomm
762 3057 884 3116 uincere
894 3072 993 3133 posse

142 3141 198 3200 Per
214 3141 452 3216 collocationem,
468 3140 516 3199 ubi
531 3140 645 3199 dubium
657 3148 701 3198 est
709 3139 798 3217 ‚quid
808 3156 864 3217 quo
876 3139 979 3198 relerrl
990 3145 1135 3214 oporteat,

143 3243 178 3284 ac
197 3224 445 3301 frequentissime,
467 3243 530 3284 curn
548 3224 592 3297 td,
614 3223 691 3321 quod
704 3223 826 3283 medrum
842 3232 887 3287 est
893 3223 1053 3298 ,utrinque
1069 3236 1135 3299 pos·

143 3310 180 3368 sit
194 3309 284 3382 trabi,
307 3316 336 3367 ut
362 3308 397 3367 de
414 3307 512 3366 Troilo
526 3268 691 3384 Verbllius,
711 3305 793 3369 Loro
807 3315 911 3368 renem
929 3314 1029 3367 tamem
1041 3339 1082 3349 -
1094 3338 1138 3350 -

142 3393 210 3468 llic,
239 3402 331 3451 utrum
352 3400 449 3451 teneat
468 3400 562 3450 tamen
582 3391 660 3467 lora,
689 3409 741 3466 an,
768 3391 895 3468 quamvis
911 3397 1022 3462 teneat,
1043 3397 1137 3447 tamen

115 3478 285 3554 tttrahatur,
302 3476 401 3554 quaeri
416 3484 522 3553 potest.
552 3474 635 3535 Unde
651 3475 847 3534 controversia
860 3474 926 3552 illa,
952 3472 1138 3535 Testamento
