2434 3925
326 250 416 298 rusa.
439 250 588 298 cernon.
611 251 681 297 ιιι.
697 251 763 316 ιιι,
780 250 822 302 ιο.
999 238 1060 300 267

28 405 160 485 quibus
186 404 282 464 nullae
300 404 376 482 apud
392 422 445 464 eos
461 404 579 464 'dulcius
601 406 727 483 spirant;
748 422 819 483 quas
840 407 960 466 mutuari
982 407 1059 466 sole·
1138 390 1142 403 ’

28 509 131 565 mue,
159 491 294 568 quotiens
318 488 432 547 illorum
449 487 608 548 nominibus
624 491 736 548 utimur.
769 488 853 561 Quod
870 509 934 549 cum
950 494 1103 556 contin-‘28

28 577 107 653 git:
133 575 240 633 nescio
263 573 407 651 quomodo
430 573 549 633 hilarior
571 575 701 650 protinus
720 573 833 633 renidet
853 577 963 649 oratio,
986 585 1017 634 ut
1032 577 1059 634 io

28 659 199 737 prprir
225 665 255 716 et
276 654 435 737 Zephyris.
474 657 555 730 Quae
582 659 606 716 si
629 659 736 716 nostris
760 657 865 717 litteris
881 658 1058 718 scribantur:

28 742 176 802 surdum
204 741 337 820 quiddam
361 751 391 800 et
412 741 734 817 barbarumelbcient,
763 751 793 801 et
813 742 895 801 velut
915 745 944 801 iu
965 742 1060 802 locum

29 845 157 886 earum
173 826 334 885 succedent
356 826 454 885 tristes
477 834 506 885 et
527 825 681 901 horridae,
708 825 812 903 quibus
831 825 952 886 Graecia
969 838 1058 886 caret.

28 911 128 970 Nam
146 908 259 984 atille,
283 927 358 988 quae
382 919 428 969 est
450 918 532 969 sexta
554 920 731 985 nostrarum,
757 928 850 988 paene
868 927 925 970 non
940 911 1101 981 humanare

31 1012 131 1054 voce
154 995 205 1054 vel
227 995 341 1053 omnino
364 1011 421 1053 non
444 1011 520 1054 voce
542 997 637 1071 potius
659 995 733 1053 inter
757 995 919 1054 discrimina
936 995 1060 1054 dentium

34 1078 184 1139 efflanda
199 1087 257 1145 est;
275 1095 360 1156 quae,
377 1079 462 1137 etiam
474 1096 537 1143 eum
549 1077 682 1137 vocalem
693 1080 823 1156 proxima
837 1080 943 1157 accipit
955 1098 1060 1159 quassa

37 1163 287 1242 quodammodo,
313 1164 412 1240 utique
429 1163 562 1242 quotiens
579 1161 703 1241 aliquam
721 1172 927 1223 consonantem
942 1163 1059 1240 frangit,

37 1257 80 1307 ut
100 1248 131 1305 in
147 1246 205 1306 hoo
222 1248 287 1324 ipso
301 1247 434 1325 fremit,
450 1246 537 1306 multo
554 1247 585 1305 lit
600 1246 753 1310 horridior.
785 1247 927 1306 Aeolicae
944 1265 1059 1326 quoque

39 1332 192 1405 litterae,
215 1349 270 1409 qua
291 1349 413 1391 servom
434 1349 616 1410 cereumque
638 1331 775 1406 dicimus,
799 1333 909 1390 etiamsi
930 1331 1021 1391 forma
1043 1349 1059 1390 a

42 1415 143 1475 nobis
160 1416 310 1492 repudiata
329 1424 390 1491 est,
413 1416 458 1474 uis
473 1424 569 1474 tamen
587 1433 640 1474 nos
654 1417 719 1492 ipsa
735 1416 931 1494 persequitur.
965 1415 1059 1475 Duras
1067 1429 1101 1483 30

44 1509 84 1559 et
101 1499 155 1559 illa
169 1499 297 1574 syllabas
313 1499 396 1573 lacit,
414 1517 488 1578 quae
504 1498 540 1559 ad
556 1500 770 1577 coniungendas
786 1499 897 1559 demum
914 1499 1059 1559 subiectas

47 1584 114 1643 sibl
134 1583 257 1643 vocales
281 1592 327 1655 est
350 1584 444 1659 utilis,
468 1583 540 1661 aliaq
565 1602 764 1662 supervacua,
785 1593 816 1642 ut
841 1602 933 1662 equos
955 1583 1009 1643 hac
1031 1592 1060 1642 et

46 1685 170 1748 equum
184 1666 350 1735 scribimus:
368 1685 431 1727 cum
450 1670 534 1727 etiam
546 1669 629 1745 ipsae
644 1667 699 1727 hae
711 1667 831 1727 vocales
847 1668 920 1727 duae
933 1669 1060 1727 elliciant

49 1770 179 1826 sonum,
201 1751 294 1830 qualis
310 1752 386 1829 apud
402 1750 531 1811 Graecos
549 1750 721 1827 colluceat,
745 1752 871 1830 ideoque
889 1752 978 1811 scribi
994 1751 1059 1811 illo·

49 1855 122 1895 rum
137 1836 241 1897 litteris
257 1853 315 1894 non
330 1844 438 1914 potest.
469 1833 563 1908 Quid?
580 1837 658 1915 quod
673 1835 814 1915 pleraque
826 1852 883 1894 nos
904 1835 954 1896 illa
977 1837 1100 1914 quaslaq

49 1921 205 1997 mugiente
233 1919 329 1981 littera
353 1919 491 1981 cludimus
515 1918 566 1996 ll,x
588 1938 644 1999 qua
672 1919 779 1979 nullum
803 1918 916 1980 Graece
938 1916 1066 1979 verbum

53 2006 153 2066 cadit:
168 2013 197 2065 at
211 2004 254 2064 illi
268 2024 306 2080 ny
329 2006 479 2065 iucundam
500 2015 530 2064 et
549 2006 578 2065 in
593 2006 649 2064 line
664 2006 823 2083 praecipue
839 2006 921 2081 quasi
938 2006 1058 2063 tinnien-

52 2100 120 2149 tem
134 2089 210 2148 illius
227 2088 294 2148 loco
312 2098 436 2168 ponunt,
460 2106 534 2167 quae
553 2097 598 2148 est
614 2090 690 2167 apud
706 2106 759 2148 nos
774 2088 920 2148 rarissima
935 2090 964 2148 in
980 2088 1058 2147 clau·

55 2172 142 2232 sulis.
180 2171 274 2246 Quid?
301 2175 378 2252 quod
395 2172 525 2248 syllabae
542 2182 660 2233 nostrae
676 2174 703 2231 in
718 2172 741 2232 B
756 2171 880 2232 litteram
898 2180 929 2231 et
944 2172 970 2231 D
989 2174 1101 2243 iuni-32

56 2265 156 2317 tuntur
171 2257 244 2317 adeo
260 2275 383 2335 aspere,
399 2266 430 2316 ut
445 2256 578 2336 plerique
594 2274 652 2316 non
667 2257 929 2334 antiquissimorum
944 2257 1059 2335 quidem

58 2340 116 2401 sed
136 2350 228 2400 tamen
250 2350 380 2400 veterum
400 2340 514 2401 mollire
535 2343 740 2419 temptaverint
761 2358 818 2400 non
833 2341 927 2400 solum
947 2359 1060 2402 acerra

58 2441 117 2506 pro
137 2425 275 2486 obversis
296 2425 419 2486 dicendo
437 2425 490 2484 sed
512 2433 541 2483 et
556 2426 585 2483 in
601 2426 819 2504 praepositione
836 2424 859 2484 B
876 2424 992 2487 litterae
1008 2424 1058 2484 ab·

61 2526 161 2568 senam
177 2518 206 2568 et
223 2510 314 2587 ipsam
331 2509 351 2569 S
375 2508 565 2568 subiicieudo.
604 2509 663 2570 Sed
681 2518 819 2570 accentus
840 2526 974 2589 quoque,
997 2525 1101 2579 cum33

61 2595 160 2670 rigore
180 2594 319 2671 quodam,
342 2602 400 2653 tum
423 2594 606 2653 similitudine
629 2595 710 2673 ipsa,
730 2596 821 2654 minus
845 2612 950 2659 suaves
970 2592 1059 2652 habe·

61 2694 139 2744 mus;
161 2678 226 2754 quia
247 2678 344 2737 ultima
366 2677 478 2752 syllaba
501 2696 557 2738 nec
581 2688 665 2738 acuta
686 2697 809 2757 unquam
837 2680 978 2737 excitatur
1004 2693 1059 2734 nec

64 2761 140 2821 llexa
165 2762 385 2821 circumducitur
413 2763 466 2822 sed
492 2763 520 2821 in
541 2780 661 2839 gravem
687 2763 736 2822 vel
760 2764 830 2823 duas
853 2779 959 2837 graves
984 2760 1060 2819 cadit

65 2863 187 2923 semper.
226 2843 327 2923 ltaque
350 2854 428 2905 tanto
450 2855 496 2905 est
519 2863 616 2906 sermo
634 2846 761 2907 Graecus
777 2845 876 2904 Latino
898 2843 1059 2917 iucundior,

65 2938 96 2988 ut
111 2929 197 2987 nostri
212 2939 335 3007 poetae,
352 2932 485 3008 quotiens
500 2930 586 2990 dulce
602 2949 718 2990 carmen
734 2947 801 2988 esse
815 2928 974 3002 voluerint,
994 2925 1058 2987 illo·

67 3031 128 3071 rum
146 3012 172 3072 id
192 3013 352 3073 nominibus
377 3023 527 3073 exornent.
563 3013 615 3073 llis
634 3014 684 3073 illa
706 3014 888 3091 potentiora,
912 3012 990 3090 quod
1010 3024 1101 3078 ressa

68 3097 200 3174 plurimae
223 3108 322 3157 carent
351 3098 613 3177 appellationibus,
637 3107 667 3156 ut
691 3115 741 3157 eas
766 3114 889 3155 neeesse
908 3097 944 3155 sit
967 3106 1069 3156 trans--

69 3180 144 3239 forre
169 3190 214 3241 aut
242 3182 407 3250 circumire;
435 3183 520 3242 etiam
543 3183 572 3241 iu
596 3183 648 3255 iis,
674 3199 749 3260 quae
775 3181 955 3241 denominata
984 3188 1059 3255 suut,

71 3283 171 3324 summa
187 3274 343 3343 paupertas
360 3268 389 3325 in
411 3267 512 3326 eadem
534 3283 588 3325 uos
609 3266 842 3343 frequentissime
862 3265 1003 3329 revolvit:
1032 3272 1060 3323 at

72 3348 126 3408 illis
139 3366 192 3408 non
206 3349 362 3409 verbomm
376 3352 479 3428 modo,
496 3350 548 3410 sed
563 3350 722 3427 linguarum
740 3351 825 3410 etiam
839 3351 914 3410 inter
929 3367 961 3409 se
978 3348 1045 3408 dille

72 3434 184 3493 rentium
198 3434 283 3512 copia
299 3432 354 3493 est.

151 3516 244 3591 Quare
260 3519 309 3596 qui
330 3536 347 3578 a
368 3519 474 3578 latinis
496 3520 595 3595 exiget
617 3517 695 3580 illam
715 3519 834 3594 gratiam
851 3517 992 3577 sermonis
1009 3515 1100 3574 dt=35
