2434 3925
149 184 192 247 62
464 198 503 247 H.
519 196 599 246 ΙΔΒ.
615 196 838 257 Quntrmlartt

148 354 211 435 puli
224 352 363 431 magistri.
401 349 493 426 Quin,
514 350 618 412 silleri
635 361 751 430 potest,
777 350 967 412 intendendus
988 351 1098 413 animus
1118 353 1148 412 in

148 438 206 500 boc
222 454 349 517 qnoque,
361 444 393 495 ut
407 436 576 513 perspiciat,
595 454 671 515 quae
687 437 809 514 quisque
825 445 854 495 et
870 438 1015 514 quomodo
1034 436 1145 506 laudet:

149 533 179 584 et
193 523 323 601 placere,
341 537 414 597 quae
430 518 505 578 bene
521 518 615 595 dicet,
631 538 689 580 non
704 538 757 600 sno
773 521 866 598 magis
882 539 966 599 quam
980 538 1082 582 eorum
1096 538 1146 580 no·

150 609 226 666 mine
242 605 419 678 delectetur,
437 605 485 682 qui
499 613 582 663 reete
598 604 774 664 iudicabunt.

107 697 142 751 ll
232 690 342 751 Pueros
368 687 603 750 adolescentibus
625 690 785 768 permixtos
812 689 936 765 sedere,
966 707 1023 748 non
1049 690 1148 768 placet

142 775 225 835 mihi.
257 773 329 833 Nam
344 773 455 832 etiarnsi
470 772 515 830 vir
531 772 608 846 talis,
626 773 741 850 qualem
756 791 824 832 esse
840 783 957 851 oportet
971 773 1072 833 studiis
1087 791 1145 833 mo·

148 859 285 936 ribusque
300 857 514 935 praepositum,
536 856 696 916 modestam
710 855 820 916 babere
835 867 933 935 potest
949 859 1034 917 etiam
1048 860 1148 917 iuven·

149 953 253 1004 tutern:
272 952 366 1002 tamen
381 939 431 1000 vel
446 941 593 1010 infirmitas
609 960 626 1000 a
642 941 853 1001 robustioribus
869 942 1030 1021 separanda
1045 951 1101 1018 est,
1118 950 1146 1002 et

150 1027 304 1089 carendum
325 1043 383 1085 non
403 1024 498 1084 solum
523 1025 641 1084 crimine
666 1027 847 1104 turpitudinis
869 1045 969 1087 verum
991 1028 1078 1086 etiam
1099 1046 1146 1086 su·

107 1113 291 1191 15spi0ione.
328 1110 409 1170 llaec
431 1109 555 1169 notanda
576 1109 707 1169 breviter
729 1111 900 1170 existimavi.
940 1110 1013 1171 Nam
1027 1119 1058 1170 ut
1073 1111 1148 1174 absit

150 1195 185 1256 ab
202 1196 309 1259 ultimis
324 1194 400 1253 vitiis
421 1194 484 1271 ipse
505 1202 683 1271 praeceptor
705 1212 740 1254 ac
762 1194 881 1270 schola,
905 1213 943 1254 ne
965 1196 1146 1273 praecipien-

149 1281 215 1339 dum
231 1280 344 1357 quidem
360 1277 459 1337 credo.
497 1277 542 1337 Ac
558 1279 582 1336 si
599 1279 663 1355 quis
679 1286 740 1352 est,
766 1280 813 1356 qui
828 1278 936 1356 flagitia
953 1280 1103 1339 manifesta
1119 1281 1148 1338 in

151 1363 285 1441 eligendo
309 1362 361 1421 filii
383 1370 578 1440 praeceptore
592 1379 651 1421 non
665 1362 754 1436 vitet,
780 1364 835 1422 iam
850 1363 915 1423 binc
933 1366 1023 1440 sciat,
1048 1373 1149 1423 cetera

150 1463 281 1526 quoque,
307 1463 382 1524 quae
404 1447 439 1506 ad
462 1445 614 1506 utilitatem
635 1447 790 1505 iuventutis
806 1464 1147 1528 componereeonamur,

149 1550 217 1591 esse
231 1531 287 1592 sibi
301 1532 357 1591 hac
373 1539 456 1609 parte
471 1531 577 1592 omissa
593 1547 783 1609 supervacua.

211 1685 256 1734 AN
274 1683 434 1736 PROTINUS
453 1682 689 1734 PRAEGEPTORE
708 1682 828 1735 OPTIMO
850 1683 902 1734 SIT
919 1683 1085 1738 UTENDUM.

80 1839 84 1847 ,
231 1781 280 1841 lll.
313 1781 359 1841 Ne
379 1782 495 1842 illorum
518 1781 634 1859 quidem
661 1780 814 1858 persuasio
836 1781 951 1842 silentio
974 1783 1151 1843 transeunda

148 1875 204 1945 est,
233 1868 291 1945 qui,
309 1868 394 1926 etiam
417 1885 481 1926 cum
505 1866 627 1926 idoneos
643 1864 752 1924 rhetori
768 1882 875 1943 pueros
893 1875 1074 1944 putaverunt,
1090 1884 1151 1925 non

146 1961 241 2013 tamen
254 1953 388 2012 continuo
401 1950 557 2029 tradendos
570 1949 794 2011 eminentissimo
809 1947 928 2010 cre'dunt
942 1951 995 2011 sed
1010 1951 1085 2030 apud
1097 1952 1150 2011 mi·

146 2055 234 2098 nores
250 2036 421 2114 aliquamdiu
433 2036 575 2103 detinent;
591 2045 727 2113 tanquam
741 2035 921 2095 instituendis
935 2036 1043 2095 artibus
1055 2037 1151 2113 magis

146 2123 183 2180 sit
199 2130 265 2200 apta
280 2122 465 2183 mediocritas
480 2120 700 2198 praeceptoris,
725 2136 789 2177 cunr
814 2120 849 2179 ad
865 2119 1043 2179 intellectum
1061 2130 1150 2198 atque

147 2206 182 2265 ad
194 2206 380 2265 imitationem
396 2203 511 2263 facilior
528 2213 585 2263 turn
596 2203 632 2262 ad
644 2203 844 2280 suscipiendas
863 2204 1070 2264 elementorum
1088 2222 1149 2264 uro·

119 2289 249 2348 blestias
264 2290 355 2348 minus
371 2288 507 2366 superba.
541 2287 604 2361 Qua
619 2289 647 2346 iu
662 2305 695 2346 re
710 2287 777 2346 milri
793 2305 850 2347 non
866 2289 990 2348 arbitror
1006 2289 1052 2349 diu
1066 2289 1150 2350 labo·

145 2372 274 2447 randum,
290 2382 320 2431 ut
335 2372 494 2446 ostendant,
514 2380 621 2449 quanto
638 2372 675 2429 sit
687 2370 789 2430 melius
801 2373 916 2451 optimis
928 2372 1025 2448 imbui,
1042 2382 1149 2451 quanta

145 2458 173 2515 in
195 2456 342 2531 eluendis,
365 2474 439 2533 quae
459 2455 551 2525 semel
573 2455 748 2529 insederint,
772 2457 848 2515 vitiis
869 2456 1025 2517 difficultas
1044 2474 1149 2517 consc-

146 2549 263 2617 quatur;
290 2559 353 2599 oum
368 2541 540 2616 geminatum
558 2556 630 2597 onus
646 2540 841 2598 succedentes
859 2551 970 2618 premat
986 2550 1015 2600 et
1033 2541 1150 2619 quidem

117 2623 307 2683 itdedocendi
322 2625 439 2701 gravius
455 2642 490 2684 ac
505 2624 584 2702 prius
602 2642 686 2700 quam
702 2623 835 2682 docendi,
867 2624 991 2702 Propter
1007 2626 1085 2703 qnod
1101 2625 1149 2684 'li-

144 2708 304 2785 motbeum,
328 2708 437 2769 clarum
457 2710 485 2767 in
506 2717 569 2767 arte
589 2707 737 2782 tibiarum,
768 2708 864 2766 ferunt
887 2709 1019 2787 duplices
1043 2708 1150 2783 abiis,

146 2810 219 2870 quos
243 2793 315 2852 alius
335 2793 521 2866 instituisset,
544 2791 660 2850 soliturn
681 2792 803 2867 exigere
823 2793 994 2869 mercedes,
1016 2812 1101 2871 quam
1123 2794 1151 2852 si

144 2876 231 2936 rudes
246 2876 438 2937 traderentur.
465 2875 556 2936 Error
568 2885 663 2936 tamen
681 2877 765 2934 estin
781 2893 815 2937 re
830 2875 954 2954 duplex:
970 2896 1053 2953 unus,
1070 2877 1151 2955 quod

144 2961 257 3020 interim
272 2962 409 3021 sufficere
425 2961 493 3020 illos
510 2962 637 3019 minores
653 2961 833 3036 existimant,
851 2970 891 3036 et,
907 2961 985 3022 bono
1001 2978 1072 3021 sane
1087 2971 1150 3022 sto·

118 3046 263 3121 4macb0,
280 3047 408 3106 contenti
423 3054 504 3112 sunt;
522 3062 595 3122 quae
608 3061 770 3122 quanquam
785 3053 830 3104 est
841 3046 905 3123 ipsa
917 3046 1152 3124 reprehensione

145 3128 231 3207 digna
252 3131 413 3206 securitas,
435 3139 531 3188 tamen
553 3137 633 3187 esset
653 3137 799 3207 utcunque
820 3129 1000 3207 tolerabilis,
1023 3132 1049 3189 sl
1072 3132 1150 3189 eius·

145 3212 222 3272 modi
249 3222 460 3291 praeceptores
481 3214 572 3272 rninus
601 3213 744 3272 docerent
777 3229 835 3271 non
862 3216 962 3292 peius;
995 3214 1071 3274 alter
1098 3214 1151 3275 ille

146 3298 233 3358 etiam
247 3297 444 3374 frequentior,
469 3295 545 3375 quod
562 3314 626 3371 eos,
644 3297 691 3374 qui
710 3296 880 3373 ampliorem
896 3298 1011 3361 dicendi
1026 3297 1150 3358 faculta-

145 3390 204 3441 tem
220 3382 277 3440 sint
294 3383 459 3456 consecuti,
477 3398 534 3439 non
552 3389 651 3459 putant
667 3380 702 3441 ad
719 3381 829 3440 minora
845 3381 1045 3456 descendere,
1062 3382 1150 3460 idque

146 3466 258 3526 buterlrn
274 3464 352 3542 lieri,
381 3467 448 3543 quia
469 3464 615 3525 fastidiant
637 3473 788 3543 praestare
809 3464 884 3527 banc
898 3465 1084 3528 inferioribus
1101 3483 1150 3526 cu·
