2434 3925
348 196 438 246 mrsu.
451 196 600 249 onnrorr.
614 198 683 245 nra.
696 197 743 263 nt,
756 194 783 249 3.
925 158 931 233 ι’
1006 184 1063 248 121

67 354 206 415 transitus
223 350 259 412 ad
275 350 389 412 diversa
406 359 438 411 ut
451 327 568 412 similia':
590 383 633 401 -·
652 349 763 416 Brevis
780 370 847 415 erce
863 353 987 432 laboro,
1005 352 1065 418 Ob-

5 494 8 497 ,
66 457 181 501 scarus
194 437 244 515 fio,
261 445 290 495 et
305 453 379 514 quae
395 445 562 515 sequuntur.

154 521 281 582 Tertium
296 528 342 579 est
355 536 448 596 genus
463 521 634 598 figurarum,
661 521 738 598 quod
753 529 802 580 aut
817 521 1000 581 similitudine
1015 524 1109 592 ali-56

68 624 127 686 qua
145 623 250 666 vocum
269 613 318 664 aut
340 603 458 682 paribus
482 613 536 663 aot·
552 607 703 664 contrariis
725 606 876 678 convertit,
888 607 916 664 in
931 623 964 664 se
980 624 1065 666 aures

66 699 100 756 et
115 691 231 750 excitat.
262 688 335 748 Hinc
347 696 392 747 est
405 688 624 766 παρονομασία,
643 707 718 768 quae
733 689 836 749 dicitur
856 691 996 749 annomi
1006 708 1066 751 na-

66 776 132 834 tio.
167 773 211 832 Ea
239 788 296 831 nou
319 789 375 831 uno
397 772 483 831 modo
513 773 577 831 fieri
595 773 672 832 solet
691 773 744 833 sed
764 791 801 831 ex
820 774 924 832 vicinia
946 773 1068 852 quadam

66 856 210 937 praedicti
224 856 345 915 nominis
365 856 450 916 ducta
472 856 587 917 casibus
602 856 776 916 declinatur:
792 864 822 916 ut
837 856 979 916 Domitius
994 856 1068 918 Afer

67 958 124 1021 pro
143 939 300 1015 Domitilla,
318 937 430 1001 Mulier
443 941 573 1002 ommium
587 959 693 1001 rerum
712 943 869 1019 imperito,
881 942 917 1001 'im
931 943 1068 1003 ommibus

68 1026 164 1087 rebor
176 1025 293 1102 infelix.
330 1023 368 1082 Et
383 1042 447 1083 cum
461 1024 552 1084 verbo
568 1024 643 1084 idem
658 1024 777 1084 verbum
792 1025 1108 1104 plussigniticanterot

69 1108 266 1184 subiungitur:
289 1105 420 1180 Quando
440 1108 526 1170 domo
541 1108 646 1184 doctis,
662 1109 757 1171 domo.
795 1108 904 1183 Quibus
926 1109 1066 1187 exemplis

67 1210 133 1252 sum
148 1193 176 1250 in
191 1191 267 1251 aliud
282 1209 361 1267 usus,
378 1192 431 1252 sed
446 1194 476 1251 in
491 1209 548 1251 uno
564 1193 659 1253 facilis
674 1201 719 1252 est
737 1194 901 1269 geminatio.
931 1194 1065 1272 Παραυα-

69 1276 163 1359 prola
178 1277 206 1335 ei
221 1276 393 1335 contrarium
413 1284 474 1352 est,
491 1277 568 1355 quod
583 1277 687 1337 eodem
700 1277 792 1336 verbo
809 1278 891 1355 quasi
905 1276 1007 1336 falsum
1022 1295 1066 1336 ar·

68 1361 181 1438 guitur:
203 1357 291 1432 Quae
310 1361 362 1421 teo
377 1363 511 1440 privatis
532 1362 701 1423 honoribus
715 1380 783 1423 erre
797 1363 849 1423 terr
863 1380 924 1422 mom
939 1363 1069 1422 ridebo·

69 1453 132 1506 mr.
163 1441 216 1503 Cui
231 1444 352 1503 confinis
370 1453 414 1504 est
432 1434 659 1522 αἰνιανᾶκλασις,
682 1445 810 1505 eiusdem
825 1444 908 1504 verbi
923 1447 1109 1509 contrariosa

69 1527 253 1604 significatio.
290 1525 360 1587 Cum
383 1527 552 1590 Proculeius
575 1538 747 1608 quereretur
774 1528 811 1589 de
835 1529 912 1605 tilio,
944 1529 1021 1608 quod
1041 1531 1066 1588 is
1170 1542 1173 1548 ·

69 1620 192 1671 mortem
212 1628 292 1671 suam
309 1620 503 1691 expectoret,
525 1621 554 1672 et
575 1614 626 1673 ille
647 1613 783 1686 dixisset,
804 1631 839 1673 sc
852 1631 925 1673 ocro
940 1633 1001 1674 raom
1015 1630 1067 1674 em·
1186 1623 1189 1632 '

68 1703 215 1774 pectore.-
237 1693 346 1771 Immo,
363 1697 469 1774 inquit,
486 1714 560 1775 ropo
574 1706 726 1776 eaproter.
762 1694 828 1756 Non
843 1714 880 1756 ex
898 1696 999 1756 eodem
1015 1697 1068 1757 sed

73 1798 111 1840 ex
124 1779 241 1839 diverso
258 1780 382 1839 vicinum
397 1781 551 1857 accipitur,
571 1798 636 1840 cum
655 1781 805 1859 supplicio
825 1779 1005 1839 afficiendum
1026 1780 1067 1839 di·

72 1881 139 1939 cas,
163 1881 248 1942 quem
268 1864 491 1941 supplicatione.
507 1864 622 1940 dignum
645 1864 789 1923 iudicaris.
838 1862 932 1922 Aliter
953 1871 1109 1942 quoquest

71 1965 162 2007 voces
178 1956 225 2008 aut
242 1948 361 2009 eaedem
379 1947 493 2008 diversa
510 1948 538 2007 in
555 1948 764 2026 significatione
780 1955 923 2028 ponuntur
937 1955 985 2007 aut
999 1964 1066 2025 pro·

73 2032 207 2091 ductione
220 2040 327 2091 tanturn
341 2031 389 2092 rel
407 2034 591 2111 correptione
606 2042 743 2102 mutatam
761 2032 837 2111 quod
853 2033 936 2091 etiam
948 2033 976 2091 in
992 2033 1066 2091 iocis

7 2103 14 2128 '
73 2115 206 2193 frigidum
233 2115 367 2194 equidem
393 2117 466 2177 tradi
494 2118 568 2176 inter
595 2126 753 2196 praecepta
780 2118 883 2191 miror,
909 2132 1066 2194 eorumque

75 2199 208 2278 exempla
227 2199 333 2259 vitandi
355 2202 451 2278 potius
474 2217 557 2278 quam
580 2200 705 2261 imitandi
726 2202 817 2278 grstia
838 2215 931 2279 pono:
960 2196 1117 2262 Amoriio'

72 2284 239 2345 iocandum
254 2290 308 2359 ert,
323 2286 352 2345 ια’
368 2291 502 2361 curetur,
517 2304 556 2346 mc
566 2286 725 2362 quidrimm’t
739 2285 847 2346 omum.
875 2280 985 2345 Acium
994 2285 1067 2346 *om-

75 2368 152 2430 ocdo
167 2368 211 2429 ad
223 2369 325 2429 coium
340 2369 423 2430 ducit
427 2390 441 2437 ,·
457 2377 486 2427 et
500 2368 576 2447 apud
590 2367 720 2429 Ouidium
735 2368 899 2430 ludentem:

245 2448 310 2512 Car
323 2471 378 2531 epo
391 2471 452 2514 corr
467 2454 578 2530 dicam,
595 2450 701 2527 Furio,
714 2460 745 2513 te
758 2453 894 2531 furiam?

76 2532 246 2594 Cornificius
272 2534 346 2596 hanc
367 2536 638 2597 traductionem
660 2545 761 2612 vocat,
788 2536 927 2596 videlicet
947 2534 1066 2596 alterius
1075 2541 1107 2597 71

75 2618 239 2678 intellectus
255 2619 292 2679 ad
308 2620 438 2679 alterum.
471 2620 530 2681 Sed
544 2619 721 2697 elegantius,
742 2619 820 2698 quod
841 2629 886 2680 est
902 2621 1026 2698 positum
1041 2621 1069 2678 in

76 2702 274 2778 distinguenda
286 2705 329 2763 rei
341 2705 534 2782 proprietate:
548 2703 638 2766 Homo
651 2705 849 2782 reipublicae
860 2713 974 2783 portem
989 2720 1069 2780 pou-

75 2787 171 2862 ls'sper
184 2788 321 2863 reprimi,
336 2806 395 2848 mon
410 2790 442 2849 io
454 2796 634 2866 perpetuum
643 2790 800 2866 comprimi
811 2806 913 2865 poma.
945 2784 983 2845 Et
996 2802 1069 2866 quaa

75 2870 338 2947 praepositionibus
360 2872 388 2930 in
410 2873 583 2932 contrarium
603 2881 762 2932 mutantur:
793 2869 862 2933 Nom
882 2871 1010 2931 emicem
1029 2887 1070 2931 em

76 2954 154 3015 urbe
168 2954 226 3013 red
238 2956 389 3016 immissam
409 2956 442 3016 ιἰι
465 2956 572 3018 urbem
586 2975 654 3019 csse
667 2956 817 3017 videatur.
856 2952 960 3013 Melius
981 2961 1068 3031 atque

75 3037 182 3111 acrius,
198 3038 275 3116 quod
292 3056 355 3098 cum
370 3039 460 3115 figura
477 3040 627 3100 iucundum
642 3047 687 3099 est
701 3047 759 3098 tum
776 3039 861 3098 etiam
872 3054 960 3097 seusu
972 3037 1069 3097 valet:

77 3118 159 3181 Enrit
171 3129 265 3183 morte
278 3123 538 3186 immortalitatem.
563 3122 618 3185 llla
633 3123 758 3183 leviora:
777 3120 842 3184 Noc
858 3119 1001 3183 Pisonum
1015 3123 1110 3185 aedit

75 3206 224 3282 pistorum
247 3214 277 3265 et
295 3203 347 3266 Ec
367 3215 489 3269 oratore
509 3217 624 3269 orator.
663 3205 819 3285 Pessimum
838 3223 926 3265 vero:
947 3203 994 3266 Ne
1008 3223 1067 3283 pc·

75 3296 140 3350 trec
156 3291 321 3367 cmmcripti
339 3291 502 3353 rideantur
526 3291 770 3367 circumscriptr';
792 3288 878 3352 dioro
897 3292 993 3351 coemit
1013 3290 1070 3351 ced

75 3371 267 3435 cedememter
280 3376 370 3435 oenr't.
397 3374 447 3435 Sic
463 3376 612 3453 contingit,
627 3383 658 3433 ut
672 3373 775 3451 aliquis
794 3391 897 3433 sensus
911 3373 1069 3434 vehemens

78 3464 108 3516 et
124 3472 194 3519 acer
207 3465 386 3519 venustatem
401 3459 540 3540 aliquam,
563 3476 622 3520 non
643 3457 746 3520 eodem
766 3457 924 3535 exuendo,
940 3474 998 3537 nou
1012 3457 1070 3519 dis·
