<?xml version="1.0" encoding="UTF-8"?>
<!DOCTYPE html PUBLIC "-//W3C//DTD XHTML 1.0 Transitional//EN"
    "http://www.w3.org/TR/xhtml1/DTD/xhtml1-transitional.dtd">
<html xmlns="http://www.w3.org/1999/xhtml" xml:lang="en" lang="en">
 <head>
  <title>
</title>
<meta http-equiv="Content-Type" content="text/html;charset=utf-8" />
  <meta name='ocr-system' content='tesseract 3.04.00' />
  <meta name='ocr-capabilities' content='ocr_page ocr_carea ocr_par ocr_line ocrx_word'/>
</head>
<body>
  <div class='ocr_page' id='page_1' title='image "./mfabiiquintilia08bonngoog_0332.png"; bbox 0 0 2434 3925; ppageno 0'>
   <div class='ocr_carea' id='block_1_1' title="bbox 201 214 861 281">
    <p class='ocr_par' dir='ltr' id='par_1_1' title="bbox 201 214 861 281">
     <span class='ocr_line' id='line_1_1' title="bbox 201 214 861 281; baseline -0.027 -2"><span class='ocrx_word' id='word_1_1' title='bbox 201 214 261 281; x_wconf 83' lang='lat'><strong>238</strong></span> <span class='ocrx_word' id='word_1_2' title='bbox 298 260 299 269; x_wconf 36' lang='lat' dir='ltr'><strong>r</strong></span> <span class='ocrx_word' id='word_1_3' title='bbox 499 218 537 266; x_wconf 82' lang='lat' dir='ltr'><strong>n.</strong></span> <span class='ocrx_word' id='word_1_4' title='bbox 552 216 630 265; x_wconf 77' lang='lat' dir='ltr'><strong>nnc.</strong></span> <span class='ocrx_word' id='word_1_5' title='bbox 643 215 861 276; x_wconf 81' lang='lat' dir='ltr'><strong>omnnmmur</strong></span> 
     </span>
    </p>
   </div>
   <div class='ocr_carea' id='block_1_2' title="bbox 126 361 1200 873">
    <p class='ocr_par' dir='ltr' id='par_1_2' title="bbox 126 361 1200 873">
     <span class='ocr_line' id='line_1_2' title="bbox 200 361 1200 452; baseline -0.003 -15"><span class='ocrx_word' id='word_1_6' title='bbox 200 377 311 438; x_wconf 87' lang='lat' dir='ltr'><strong>cnlutus</strong></span> <span class='ocrx_word' id='word_1_7' title='bbox 326 391 393 434; x_wconf 83' lang='lat' dir='ltr'><strong>rens</strong></span> <span class='ocrx_word' id='word_1_8' title='bbox 407 373 518 432; x_wconf 81' lang='lat' dir='ltr'><strong>Verres</strong></span> <span class='ocrx_word' id='word_1_9' title='bbox 534 361 693 431; x_wconf 86' lang='lat' dir='ltr'><strong>lortitcr⁰et</strong></span> <span class='ocrx_word' id='word_1_10' title='bbox 707 370 846 431; x_wconf 71' lang='lat' dir='ltr'>industrie</span> <span class='ocrx_word' id='word_1_11' title='bbox 861 371 949 431; x_wconf 90' lang='lat' dir='ltr'><strong>tuitus</strong></span> <span class='ocrx_word' id='word_1_12' title='bbox 965 379 1065 432; x_wconf 77' lang='lat' dir='ltr'><strong>contm</strong></span> <span class='ocrx_word' id='word_1_13' title='bbox 1081 373 1200 452; x_wconf 76' lang='lat' dir='ltr'><strong>piratas</strong></span> 
     </span>
     <span class='ocr_line' id='line_1_3' title="bbox 200 458 453 521; baseline -0.028 0"><span class='ocrx_word' id='word_1_14' title='bbox 200 460 326 521; x_wconf 89' lang='lat' dir='ltr'><strong>Siciliam</strong></span> <span class='ocrx_word' id='word_1_15' title='bbox 342 458 453 518; x_wconf 87' lang='lat' dir='ltr'><strong>dicitur.</strong></span> 
     </span>
     <span class='ocr_line' id='line_1_4' title="bbox 158 537 1196 617; baseline -0.003 -15"><span class='ocrx_word' id='word_1_16' title='bbox 158 555 192 609; x_wconf 79' lang='lat'><strong>36</strong></span> <span class='ocrx_word' id='word_1_17' title='bbox 280 541 389 602; x_wconf 84' lang='lat' dir='ltr'><strong>Eadem</strong></span> <span class='ocrx_word' id='word_1_18' title='bbox 407 539 546 599; x_wconf 84' lang='lat' dir='ltr'><strong>adversus</strong></span> <span class='ocrx_word' id='word_1_19' title='bbox 572 537 893 601; x_wconf 77' lang='lat' dir='ltr'><strong>contradictiones</strong></span> <span class='ocrx_word' id='word_1_20' title='bbox 922 537 1008 597; x_wconf 88' lang='lat' dir='ltr'><strong>nobis</strong></span> <span class='ocrx_word' id='word_1_21' title='bbox 1038 539 1196 617; x_wconf 85' lang='lat' dir='ltr'><strong>oppositus</strong></span> 
     </span>
     <span class='ocr_line' id='line_1_5' title="bbox 200 620 1194 706; baseline -0.006 -19"><span class='ocrx_word' id='word_1_22' title='bbox 200 635 356 706; x_wconf 87' lang='lat' dir='ltr'><strong>praecepta</strong></span> <span class='ocrx_word' id='word_1_23' title='bbox 373 633 460 697; x_wconf 90' lang='lat' dir='ltr'><strong>sunt,</strong></span> <span class='ocrx_word' id='word_1_24' title='bbox 481 623 538 682; x_wconf 89' lang='lat' dir='ltr'><strong>hcc</strong></span> <span class='ocrx_word' id='word_1_25' title='bbox 558 632 653 682; x_wconf 89' lang='lat' dir='ltr'><strong>tamen</strong></span> <span class='ocrx_word' id='word_1_26' title='bbox 680 622 817 700; x_wconf 90' lang='lat' dir='ltr'><strong>amplius,</strong></span> <span class='ocrx_word' id='word_1_27' title='bbox 843 620 920 699; x_wconf 89' lang='lat' dir='ltr'><strong>quod</strong></span> <span class='ocrx_word' id='word_1_28' title='bbox 945 624 1022 686; x_wconf 86' lang='lat' dir='ltr'><strong>circa</strong></span> <span class='ocrx_word' id='word_1_29' title='bbox 1044 638 1098 682; x_wconf 87' lang='lat' dir='ltr'><strong>eas</strong></span> <span class='ocrx_word' id='word_1_30' title='bbox 1113 624 1194 683; x_wconf 91' lang='lat' dir='ltr'><strong>multi</strong></span> 
     </span>
     <span class='ocr_line' id='line_1_6' title="bbox 126 701 1193 789; baseline -0.005 -18"><span class='ocrx_word' id='word_1_31' title='bbox 126 775 132 789; x_wconf 58' lang='lat'>‚</span> <span class='ocrx_word' id='word_1_32' title='bbox 200 710 311 772; x_wconf 91' lang='lat' dir='ltr'><strong>dnobus</strong></span> <span class='ocrx_word' id='word_1_33' title='bbox 333 710 409 768; x_wconf 83' lang='lat' dir='ltr'><strong>vitiis</strong></span> <span class='ocrx_word' id='word_1_34' title='bbox 430 708 552 767; x_wconf 89' lang='lat' dir='ltr'><strong>diversis</strong></span> <span class='ocrx_word' id='word_1_35' title='bbox 574 706 715 773; x_wconf 84' lang='lat' dir='ltr'><strong>laborant.</strong></span> <span class='ocrx_word' id='word_1_36' title='bbox 756 701 828 765; x_wconf 92' lang='lat' dir='ltr'><strong>Nam</strong></span> <span class='ocrx_word' id='word_1_37' title='bbox 846 704 958 783; x_wconf 89' lang='lat' dir='ltr'><strong>quidam</strong></span> <span class='ocrx_word' id='word_1_38' title='bbox 978 708 1063 766; x_wconf 89' lang='lat' dir='ltr'><strong>etiam</strong></span> <span class='ocrx_word' id='word_1_39' title='bbox 1081 708 1112 766; x_wconf 92' lang='lat' dir='ltr'><strong>in</strong></span> <span class='ocrx_word' id='word_1_40' title='bbox 1126 708 1193 766; x_wconf 84' lang='lat' dir='ltr'><strong>foro</strong></span> 
     </span>
     <span class='ocr_line' id='line_1_7' title="bbox 199 790 1192 873; baseline -0.005 -19"><span class='ocrx_word' id='word_1_41' title='bbox 199 804 331 873; x_wconf 86' lang='lat' dir='ltr'><strong>tanquam</strong></span> <span class='ocrx_word' id='word_1_42' title='bbox 346 811 407 852; x_wconf 91' lang='lat' dir='ltr'><strong>rem</strong></span> <span class='ocrx_word' id='word_1_43' title='bbox 423 791 573 850; x_wconf 81' lang='lat' dir='ltr'><strong>molestam</strong></span> <span class='ocrx_word' id='word_1_44' title='bbox 598 800 628 851; x_wconf 90' lang='lat' dir='ltr'><strong>et</strong></span> <span class='ocrx_word' id='word_1_45' title='bbox 650 790 779 850; x_wconf 85' lang='lat' dir='ltr'><strong>odiosam</strong></span> <span class='ocrx_word' id='word_1_46' title='bbox 796 797 996 867; x_wconf 85' lang='lat' dir='ltr'><strong>praetereunt,</strong></span> <span class='ocrx_word' id='word_1_47' title='bbox 1018 791 1107 849; x_wconf 86' lang='lat' dir='ltr'><strong>otiis</strong></span> <span class='ocrx_word' id='word_1_48' title='bbox 1131 791 1192 869; x_wconf 79' lang='lat' dir='ltr'><strong>ple</strong></span> 
     </span>
    </p>
   </div>
   <div class='ocr_carea' id='block_1_3' title="bbox 97 872 1193 3553">
    <p class='ocr_par' dir='ltr' id='par_1_3' title="bbox 97 872 1193 3553">
     <span class='ocr_line' id='line_1_8' title="bbox 199 872 1191 955; baseline -0.005 -16"><span class='ocrx_word' id='word_1_49' title='bbox 199 896 329 955; x_wconf 83' lang='lat' dir='ltr'><strong>rumque,</strong></span> <span class='ocrx_word' id='word_1_50' title='bbox 346 894 419 955; x_wconf 89' lang='lat' dir='ltr'><strong>qnae</strong></span> <span class='ocrx_word' id='word_1_51' title='bbox 435 876 595 953; x_wconf 92' lang='lat' dir='ltr'><strong>composita</strong></span> <span class='ocrx_word' id='word_1_52' title='bbox 613 875 698 934; x_wconf 92' lang='lat' dir='ltr'><strong>domo</strong></span> <span class='ocrx_word' id='word_1_53' title='bbox 715 872 888 948; x_wconf 89' lang='lat' dir='ltr'><strong>attulerunt,</strong></span> <span class='ocrx_word' id='word_1_54' title='bbox 910 875 1037 932; x_wconf 89' lang='lat' dir='ltr'><strong>contenti</strong></span> <span class='ocrx_word' id='word_1_55' title='bbox 1055 875 1122 933; x_wconf 88' lang='lat' dir='ltr'><strong>sine</strong></span> <span class='ocrx_word' id='word_1_56' title='bbox 1146 874 1191 934; x_wconf 89' lang='lat' dir='ltr'><strong>ad·</strong></span> 
     </span>
     <span class='ocr_line' id='line_1_9' title="bbox 199 956 1190 1035; baseline -0.006 -13"><span class='ocrx_word' id='word_1_57' title='bbox 199 964 329 1022; x_wconf 83' lang='lat' dir='ltr'><strong>versario</strong></span> <span class='ocrx_word' id='word_1_58' title='bbox 345 961 457 1027; x_wconf 82' lang='lat' dir='ltr'><strong>dicunt;</strong></span> <span class='ocrx_word' id='word_1_59' title='bbox 474 968 503 1017; x_wconf 89' lang='lat' dir='ltr'><strong>et</strong></span> <span class='ocrx_word' id='word_1_60' title='bbox 518 958 632 1018; x_wconf 88' lang='lat' dir='ltr'><strong>scilicet</strong></span> <span class='ocrx_word' id='word_1_61' title='bbox 651 957 740 1017; x_wconf 88' lang='lat' dir='ltr'><strong>multo</strong></span> <span class='ocrx_word' id='word_1_62' title='bbox 755 959 846 1034; x_wconf 79' lang='lat' dir='ltr'><strong>magis</strong></span> <span class='ocrx_word' id='word_1_63' title='bbox 861 958 890 1016; x_wconf 92' lang='lat' dir='ltr'><strong>in</strong></span> <span class='ocrx_word' id='word_1_64' title='bbox 908 956 1028 1032; x_wconf 90' lang='lat' dir='ltr'><strong>scholis,</strong></span> <span class='ocrx_word' id='word_1_65' title='bbox 1043 958 1072 1016; x_wconf 91' lang='lat' dir='ltr'><strong>in</strong></span> <span class='ocrx_word' id='word_1_66' title='bbox 1087 959 1190 1035; x_wconf 79' lang='lat' dir='ltr'><strong>quihus</strong></span> 
     </span>
     <span class='ocr_line' id='line_1_10' title="bbox 199 1042 1190 1116; baseline -0.007 -10"><span class='ocrx_word' id='word_1_67' title='bbox 199 1063 257 1106; x_wconf 88' lang='lat' dir='ltr'><strong>non</strong></span> <span class='ocrx_word' id='word_1_68' title='bbox 273 1045 367 1105; x_wconf 90' lang='lat' dir='ltr'><strong>solnm</strong></span> <span class='ocrx_word' id='word_1_69' title='bbox 383 1042 625 1103; x_wconf 78' lang='lat' dir='ltr'><strong>contradictiones</strong></span> <span class='ocrx_word' id='word_1_70' title='bbox 641 1044 821 1116; x_wconf 87' lang='lat' dir='ltr'><strong>omittuntur,</strong></span> <span class='ocrx_word' id='word_1_71' title='bbox 837 1059 936 1100; x_wconf 85' lang='lat' dir='ltr'><strong>verum</strong></span> <span class='ocrx_word' id='word_1_72' title='bbox 952 1042 1036 1101; x_wconf 89' lang='lat' dir='ltr'><strong>ctiam</strong></span> <span class='ocrx_word' id='word_1_73' title='bbox 1053 1045 1190 1101; x_wconf 87' lang='lat' dir='ltr'><strong>materiae</strong></span> 
     </span>
     <span class='ocr_line' id='line_1_11' title="bbox 200 1125 1190 1209; baseline -0.005 -20"><span class='ocrx_word' id='word_1_74' title='bbox 200 1131 281 1209; x_wconf 88' lang='lat' dir='ltr'><strong>ipsae</strong></span> <span class='ocrx_word' id='word_1_75' title='bbox 296 1131 339 1188; x_wconf 89' lang='lat' dir='ltr'><strong>sic</strong></span> <span class='ocrx_word' id='word_1_76' title='bbox 354 1128 525 1206; x_wconf 86' lang='lat' dir='ltr'><strong>plerumque</strong></span> <span class='ocrx_word' id='word_1_77' title='bbox 540 1126 702 1203; x_wconf 84' lang='lat' dir='ltr'><strong>hngnntnr,</strong></span> <span class='ocrx_word' id='word_1_78' title='bbox 718 1134 749 1184; x_wconf 88' lang='lat' dir='ltr'><strong>ut</strong></span> <span class='ocrx_word' id='word_1_79' title='bbox 763 1125 832 1184; x_wconf 87' lang='lat' dir='ltr'><strong>nihil</strong></span> <span class='ocrx_word' id='word_1_80' title='bbox 849 1125 906 1184; x_wconf 90' lang='lat' dir='ltr'><strong>dici</strong></span> <span class='ocrx_word' id='word_1_81' title='bbox 923 1142 977 1203; x_wconf 91' lang='lat' dir='ltr'><strong>pro</strong></span> <span class='ocrx_word' id='word_1_82' title='bbox 1000 1135 1084 1203; x_wconf 90' lang='lat' dir='ltr'><strong>parte</strong></span> <span class='ocrx_word' id='word_1_83' title='bbox 1099 1126 1190 1186; x_wconf 87' lang='lat' dir='ltr'><strong>altera</strong></span> 
     </span>
     <span class='ocr_line' id='line_1_12' title="bbox 159 1208 1191 1293; baseline -0.009 -18"><span class='ocrx_word' id='word_1_84' title='bbox 159 1214 302 1293; x_wconf 70' lang='lat' dir='ltr'><strong>bipossit.</strong></span> <span class='ocrx_word' id='word_1_85' title='bbox 344 1211 403 1271; x_wconf 78' lang='lat' dir='ltr'><strong>Alii</strong></span> <span class='ocrx_word' id='word_1_86' title='bbox 429 1210 576 1287; x_wconf 82' lang='lat' dir='ltr'><strong>diligentia</strong></span> <span class='ocrx_word' id='word_1_87' title='bbox 601 1210 676 1289; x_wconf 86' lang='lat' dir='ltr'><strong>lapsi</strong></span> <span class='ocrx_word' id='word_1_88' title='bbox 700 1208 797 1268; x_wconf 87' lang='lat' dir='ltr'><strong>verbis</strong></span> <span class='ocrx_word' id='word_1_89' title='bbox 824 1211 908 1269; x_wconf 89' lang='lat' dir='ltr'><strong>etiam</strong></span> <span class='ocrx_word' id='word_1_90' title='bbox 934 1208 983 1268; x_wconf 82' lang='lat' dir='ltr'><strong>vel</strong></span> <span class='ocrx_word' id='word_1_91' title='bbox 1008 1210 1191 1269; x_wconf 89' lang='lat' dir='ltr'><strong>sententiolis</strong></span> 
     </span>
     <span class='ocr_line' id='line_1_13' title="bbox 201 1291 1191 1373; baseline -0.005 -17"><span class='ocrx_word' id='word_1_92' title='bbox 201 1296 330 1357; x_wconf 91' lang='lat' dir='ltr'><strong>omnibus</strong></span> <span class='ocrx_word' id='word_1_93' title='bbox 353 1294 583 1373; x_wconf 88' lang='lat' dir='ltr'><strong>respondendum</strong></span> <span class='ocrx_word' id='word_1_94' title='bbox 606 1302 721 1372; x_wconf 89' lang='lat' dir='ltr'><strong>putant,</strong></span> <span class='ocrx_word' id='word_1_95' title='bbox 742 1291 819 1370; x_wconf 80' lang='lat' dir='ltr'><strong>quod</strong></span> <span class='ocrx_word' id='word_1_96' title='bbox 841 1302 886 1352; x_wconf 87' lang='lat' dir='ltr'><strong>est</strong></span> <span class='ocrx_word' id='word_1_97' title='bbox 903 1301 932 1352; x_wconf 88' lang='lat' dir='ltr'><strong>ct</strong></span> <span class='ocrx_word' id='word_1_98' title='bbox 947 1293 1083 1352; x_wconf 81' lang='lat' dir='ltr'><strong>inlinitum</strong></span> <span class='ocrx_word' id='word_1_99' title='bbox 1101 1303 1135 1353; x_wconf 86' lang='lat' dir='ltr'><strong>et</strong></span> <span class='ocrx_word' id='word_1_100' title='bbox 1149 1311 1191 1352; x_wconf 89' lang='lat' dir='ltr'><strong>su-</strong></span> 
     </span>
     <span class='ocr_line' id='line_1_14' title="bbox 201 1376 1191 1461; baseline -0.005 -21"><span class='ocrx_word' id='word_1_101' title='bbox 201 1398 389 1461; x_wconf 67' lang='lat' dir='ltr'><strong>pervacuum</strong></span> <span class='ocrx_word' id='word_1_102' title='bbox 413 1395 470 1437; x_wconf 94' lang='lat' dir='ltr'><strong>non</strong></span> <span class='ocrx_word' id='word_1_103' title='bbox 491 1379 564 1436; x_wconf 88' lang='lat' dir='ltr'><strong>enim</strong></span> <span class='ocrx_word' id='word_1_104' title='bbox 584 1396 671 1438; x_wconf 88' lang='lat' dir='ltr'><strong>cansa</strong></span> <span class='ocrx_word' id='word_1_105' title='bbox 686 1376 905 1455; x_wconf 82' lang='lat' dir='ltr'><strong>reprehenditur</strong></span> <span class='ocrx_word' id='word_1_106' title='bbox 922 1376 974 1435; x_wconf 90' lang='lat' dir='ltr'><strong>sed</strong></span> <span class='ocrx_word' id='word_1_107' title='bbox 992 1385 1085 1452; x_wconf 84' lang='lat' dir='ltr'><strong>actor,</strong></span> <span class='ocrx_word' id='word_1_108' title='bbox 1107 1395 1191 1455; x_wconf 85' lang='lat' dir='ltr'><strong>quem</strong></span> 
     </span>
     <span class='ocr_line' id='line_1_15' title="bbox 203 1459 1191 1542; baseline -0.007 -18"><span class='ocrx_word' id='word_1_109' title='bbox 203 1480 259 1542; x_wconf 78' lang='lat' dir='ltr'><strong>ego</strong></span> <span class='ocrx_word' id='word_1_110' title='bbox 281 1481 396 1540; x_wconf 87' lang='lat' dir='ltr'><strong>semper</strong></span> <span class='ocrx_word' id='word_1_111' title='bbox 415 1461 506 1521; x_wconf 87' lang='lat' dir='ltr'><strong>videri</strong></span> <span class='ocrx_word' id='word_1_112' title='bbox 527 1461 621 1521; x_wconf 89' lang='lat' dir='ltr'><strong>malim</strong></span> <span class='ocrx_word' id='word_1_113' title='bbox 639 1462 794 1535; x_wconf 90' lang='lat' dir='ltr'><strong>disertum,</strong></span> <span class='ocrx_word' id='word_1_114' title='bbox 816 1469 864 1535; x_wconf 87' lang='lat' dir='ltr'><strong>nt,</strong></span> <span class='ocrx_word' id='word_1_115' title='bbox 887 1461 912 1519; x_wconf 90' lang='lat' dir='ltr'><strong>si</strong></span> <span class='ocrx_word' id='word_1_116' title='bbox 931 1459 1035 1520; x_wconf 80' lang='lat' dir='ltr'><strong>dixerit</strong></span> <span class='ocrx_word' id='word_1_117' title='bbox 1055 1462 1138 1538; x_wconf 88' lang='lat' dir='ltr'><strong>quod</strong></span> <span class='ocrx_word' id='word_1_118' title='bbox 1153 1461 1191 1520; x_wconf 84' lang='lat' dir='ltr'><strong>rei</strong></span> 
     </span>
     <span class='ocr_line' id='line_1_16' title="bbox 202 1543 1189 1626; baseline -0.003 -19"><span class='ocrx_word' id='word_1_119' title='bbox 202 1548 310 1626; x_wconf 77' lang='lat' dir='ltr'><strong>prosit,</strong></span> <span class='ocrx_word' id='word_1_120' title='bbox 329 1547 434 1622; x_wconf 82' lang='lat' dir='ltr'><strong>ingenii</strong></span> <span class='ocrx_word' id='word_1_121' title='bbox 451 1545 584 1605; x_wconf 90' lang='lat' dir='ltr'><strong>credatur</strong></span> <span class='ocrx_word' id='word_1_122' title='bbox 601 1545 662 1605; x_wconf 88' lang='lat' dir='ltr'><strong>laus</strong></span> <span class='ocrx_word' id='word_1_123' title='bbox 679 1561 817 1604; x_wconf 89' lang='lat' dir='ltr'><strong>essenon</strong></span> <span class='ocrx_word' id='word_1_124' title='bbox 835 1562 956 1613; x_wconf 87' lang='lat' dir='ltr'><strong>causae;</strong></span> <span class='ocrx_word' id='word_1_125' title='bbox 978 1545 1003 1603; x_wconf 90' lang='lat' dir='ltr'><strong>si</strong></span> <span class='ocrx_word' id='word_1_126' title='bbox 1021 1545 1099 1604; x_wconf 83' lang='lat' dir='ltr'><strong>forte</strong></span> <span class='ocrx_word' id='word_1_127' title='bbox 1116 1543 1189 1623; x_wconf 85' lang='lat' dir='ltr'><strong>qnod</strong></span> 
     </span>
     <span class='ocr_line' id='line_1_17' title="bbox 160 1628 1189 1707; baseline -0.007 -16"><span class='ocrx_word' id='word_1_128' title='bbox 160 1631 307 1704; x_wconf 72' lang='lat' dir='ltr'><strong>eslcetot,</strong></span> <span class='ocrx_word' id='word_1_129' title='bbox 325 1647 430 1689; x_wconf 89' lang='lat' dir='ltr'><strong>causae</strong></span> <span class='ocrx_word' id='word_1_130' title='bbox 444 1647 501 1688; x_wconf 91' lang='lat' dir='ltr'><strong>non</strong></span> <span class='ocrx_word' id='word_1_131' title='bbox 511 1630 618 1707; x_wconf 81' lang='lat' dir='ltr'><strong>ingenii</strong></span> <span class='ocrx_word' id='word_1_132' title='bbox 631 1629 725 1707; x_wconf 91' lang='lat' dir='ltr'><strong>culpa.</strong></span> <span class='ocrx_word' id='word_1_133' title='bbox 754 1628 854 1705; x_wconf 87' lang='lat' dir='ltr'><strong>ltaque</strong></span> <span class='ocrx_word' id='word_1_134' title='bbox 867 1628 935 1688; x_wconf 91' lang='lat' dir='ltr'><strong>illae</strong></span> <span class='ocrx_word' id='word_1_135' title='bbox 946 1629 1189 1706; x_wconf 82' lang='lat' dir='ltr'><strong>reprehensiones</strong></span> 
     </span>
     <span class='ocr_line' id='line_1_18' title="bbox 202 1711 1188 1790; baseline -0.006 -14"><span class='ocrx_word' id='word_1_136' title='bbox 202 1723 250 1776; x_wconf 87' lang='lat' dir='ltr'><strong>aut</strong></span> <span class='ocrx_word' id='word_1_137' title='bbox 265 1713 465 1788; x_wconf 84' lang='lat' dir='ltr'><strong>obscuritatis,</strong></span> <span class='ocrx_word' id='word_1_138' title='bbox 486 1713 578 1790; x_wconf 86' lang='lat' dir='ltr'><strong>qualis</strong></span> <span class='ocrx_word' id='word_1_139' title='bbox 602 1714 631 1771; x_wconf 90' lang='lat' dir='ltr'><strong>in</strong></span> <span class='ocrx_word' id='word_1_140' title='bbox 654 1712 768 1773; x_wconf 85' lang='lat' dir='ltr'><strong>Rullum</strong></span> <span class='ocrx_word' id='word_1_141' title='bbox 785 1721 845 1787; x_wconf 88' lang='lat' dir='ltr'><strong>est,</strong></span> <span class='ocrx_word' id='word_1_142' title='bbox 872 1722 919 1783; x_wconf 87' lang='lat' dir='ltr'><strong>aut</strong></span> <span class='ocrx_word' id='word_1_143' title='bbox 939 1713 1075 1772; x_wconf 81' lang='lat' dir='ltr'><strong>infantiae</strong></span> <span class='ocrx_word' id='word_1_144' title='bbox 1098 1714 1128 1771; x_wconf 90' lang='lat' dir='ltr'><strong>in</strong></span> <span class='ocrx_word' id='word_1_145' title='bbox 1154 1711 1188 1771; x_wconf 90' lang='lat' dir='ltr'><strong>di·</strong></span> 
     </span>
     <span class='ocr_line' id='line_1_19' title="bbox 202 1795 1189 1876; baseline -0.007 -16"><span class='ocrx_word' id='word_1_146' title='bbox 202 1798 305 1872; x_wconf 90' lang='lat' dir='ltr'><strong>cendo,</strong></span> <span class='ocrx_word' id='word_1_147' title='bbox 322 1798 414 1876; x_wconf 87' lang='lat' dir='ltr'><strong>qualis</strong></span> <span class='ocrx_word' id='word_1_148' title='bbox 431 1799 460 1856; x_wconf 92' lang='lat' dir='ltr'><strong>in</strong></span> <span class='ocrx_word' id='word_1_149' title='bbox 475 1797 623 1872; x_wconf 84' lang='lat' dir='ltr'><strong>Pisonem,</strong></span> <span class='ocrx_word' id='word_1_150' title='bbox 646 1806 694 1856; x_wconf 88' lang='lat' dir='ltr'><strong>aut</strong></span> <span class='ocrx_word' id='word_1_151' title='bbox 717 1798 847 1855; x_wconf 88' lang='lat' dir='ltr'><strong>inscitiae</strong></span> <span class='ocrx_word' id='word_1_152' title='bbox 867 1815 962 1855; x_wconf 91' lang='lat' dir='ltr'><strong>rerum</strong></span> <span class='ocrx_word' id='word_1_153' title='bbox 978 1795 1189 1874; x_wconf 81' lang='lat' dir='ltr'><strong>verborumque</strong></span> 
     </span>
     <span class='ocr_line' id='line_1_20' title="bbox 202 1880 1190 1959; baseline -0.006 -17"><span class='ocrx_word' id='word_1_154' title='bbox 202 1894 231 1943; x_wconf 91' lang='lat' dir='ltr'><strong>et</strong></span> <span class='ocrx_word' id='word_1_155' title='bbox 247 1883 414 1941; x_wconf 89' lang='lat' dir='ltr'><strong>insulsitatis</strong></span> <span class='ocrx_word' id='word_1_156' title='bbox 436 1882 537 1957; x_wconf 92' lang='lat' dir='ltr'><strong>etiam,</strong></span> <span class='ocrx_word' id='word_1_157' title='bbox 565 1880 658 1959; x_wconf 89' lang='lat' dir='ltr'><strong>qualis</strong></span> <span class='ocrx_word' id='word_1_158' title='bbox 675 1882 703 1939; x_wconf 92' lang='lat' dir='ltr'><strong>in</strong></span> <span class='ocrx_word' id='word_1_159' title='bbox 718 1880 872 1940; x_wconf 86' lang='lat' dir='ltr'><strong>Antonium</strong></span> <span class='ocrx_word' id='word_1_160' title='bbox 889 1889 950 1956; x_wconf 90' lang='lat' dir='ltr'><strong>est,</strong></span> <span class='ocrx_word' id='word_1_161' title='bbox 974 1882 1068 1940; x_wconf 91' lang='lat' dir='ltr'><strong>animo</strong></span> <span class='ocrx_word' id='word_1_162' title='bbox 1093 1881 1190 1940; x_wconf 88' lang='lat' dir='ltr'><strong>dantur</strong></span> 
     </span>
     <span class='ocr_line' id='line_1_21' title="bbox 201 1965 1188 2044; baseline -0.006 -16"><span class='ocrx_word' id='word_1_163' title='bbox 201 1978 249 2029; x_wconf 91' lang='lat' dir='ltr'><strong>aut</strong></span> <span class='ocrx_word' id='word_1_164' title='bbox 262 1969 343 2027; x_wconf 88' lang='lat' dir='ltr'><strong>iustis</strong></span> <span class='ocrx_word' id='word_1_165' title='bbox 359 1967 444 2042; x_wconf 88' lang='lat' dir='ltr'><strong>odiis,</strong></span> <span class='ocrx_word' id='word_1_166' title='bbox 464 1975 586 2044; x_wconf 86' lang='lat' dir='ltr'><strong>suntque</strong></span> <span class='ocrx_word' id='word_1_167' title='bbox 602 1966 689 2026; x_wconf 88' lang='lat' dir='ltr'><strong>utiles</strong></span> <span class='ocrx_word' id='word_1_168' title='bbox 708 1965 743 2025; x_wconf 89' lang='lat' dir='ltr'><strong>ad</strong></span> <span class='ocrx_word' id='word_1_169' title='bbox 759 1966 968 2026; x_wconf 88' lang='lat' dir='ltr'><strong>conciliandum</strong></span> <span class='ocrx_word' id='word_1_170' title='bbox 983 1966 1036 2038; x_wconf 87' lang='lat' dir='ltr'><strong>iis,</strong></span> <span class='ocrx_word' id='word_1_171' title='bbox 1060 1982 1137 2042; x_wconf 88' lang='lat' dir='ltr'><strong>quos</strong></span> <span class='ocrx_word' id='word_1_172' title='bbox 1153 1966 1188 2022; x_wconf 89' lang='lat' dir='ltr'><strong>in·</strong></span> 
     </span>
     <span class='ocr_line' id='line_1_22' title="bbox 159 2048 1189 2128; baseline -0.008 -15"><span class='ocrx_word' id='word_1_173' title='bbox 159 2055 280 2113; x_wconf 81' lang='lat' dir='ltr'><strong>39visos</strong></span> <span class='ocrx_word' id='word_1_174' title='bbox 300 2052 400 2111; x_wconf 89' lang='lat' dir='ltr'><strong>lucere</strong></span> <span class='ocrx_word' id='word_1_175' title='bbox 429 2050 576 2124; x_wconf 86' lang='lat' dir='ltr'><strong>volneris,</strong></span> <span class='ocrx_word' id='word_1_176' title='bbox 604 2050 708 2109; x_wconf 90' lang='lat' dir='ltr'><strong>odium.</strong></span> <span class='ocrx_word' id='word_1_177' title='bbox 752 2048 819 2109; x_wconf 86' lang='lat' dir='ltr'><strong>Alia</strong></span> <span class='ocrx_word' id='word_1_178' title='bbox 845 2048 1038 2128; x_wconf 90' lang='lat' dir='ltr'><strong>respondendi</strong></span> <span class='ocrx_word' id='word_1_179' title='bbox 1063 2048 1189 2127; x_wconf 86' lang='lat' dir='ltr'><strong>patronis</strong></span> 
     </span>
     <span class='ocr_line' id='line_1_23' title="bbox 201 2132 1190 2212; baseline -0.006 -17"><span class='ocrx_word' id='word_1_180' title='bbox 201 2139 293 2203; x_wconf 88' lang='lat' dir='ltr'><strong>ratio;</strong></span> <span class='ocrx_word' id='word_1_181' title='bbox 316 2144 345 2193; x_wconf 91' lang='lat' dir='ltr'><strong>et</strong></span> <span class='ocrx_word' id='word_1_182' title='bbox 369 2133 520 2212; x_wconf 88' lang='lat' dir='ltr'><strong>aliquando</strong></span> <span class='ocrx_word' id='word_1_183' title='bbox 543 2143 637 2193; x_wconf 88' lang='lat' dir='ltr'><strong>tamen</strong></span> <span class='ocrx_word' id='word_1_184' title='bbox 660 2151 759 2193; x_wconf 88' lang='lat' dir='ltr'><strong>eorum</strong></span> <span class='ocrx_word' id='word_1_185' title='bbox 779 2149 837 2191; x_wconf 90' lang='lat' dir='ltr'><strong>non</strong></span> <span class='ocrx_word' id='word_1_186' title='bbox 856 2132 1049 2192; x_wconf 88' lang='lat' dir='ltr'><strong>oratiomodo</strong></span> <span class='ocrx_word' id='word_1_187' title='bbox 1068 2132 1190 2192; x_wconf 78' lang='lat' dir='ltr'><strong>sedvita</strong></span> 
     </span>
     <span class='ocr_line' id='line_1_24' title="bbox 202 2216 1189 2294; baseline -0.001 -15"><span class='ocrx_word' id='word_1_188' title='bbox 202 2221 298 2286; x_wconf 85' lang='lat' dir='ltr'><strong>etiam,</strong></span> <span class='ocrx_word' id='word_1_189' title='bbox 314 2218 410 2277; x_wconf 91' lang='lat' dir='ltr'><strong>vultus</strong></span> <span class='ocrx_word' id='word_1_190' title='bbox 421 2217 557 2294; x_wconf 89' lang='lat' dir='ltr'><strong>denique,</strong></span> <span class='ocrx_word' id='word_1_191' title='bbox 576 2219 719 2292; x_wconf 90' lang='lat' dir='ltr'><strong>incessus,</strong></span> <span class='ocrx_word' id='word_1_192' title='bbox 736 2216 849 2277; x_wconf 87' lang='lat' dir='ltr'><strong>habitus</strong></span> <span class='ocrx_word' id='word_1_193' title='bbox 860 2226 942 2277; x_wconf 90' lang='lat' dir='ltr'><strong>recte</strong></span> <span class='ocrx_word' id='word_1_194' title='bbox 958 2218 1084 2276; x_wconf 89' lang='lat' dir='ltr'><strong>incusari</strong></span> <span class='ocrx_word' id='word_1_195' title='bbox 1101 2217 1189 2278; x_wconf 81' lang='lat' dir='ltr'><strong>solet:</strong></span> 
     </span>
     <span class='ocr_line' id='line_1_25' title="bbox 133 2299 1190 2377; baseline -0.005 -15"><span class='ocrx_word' id='word_1_196' title='bbox 133 2325 135 2329; x_wconf 68' lang='grc'>’</span> <span class='ocrx_word' id='word_1_197' title='bbox 201 2311 232 2361; x_wconf 89' lang='lat' dir='ltr'><strong>ut</strong></span> <span class='ocrx_word' id='word_1_198' title='bbox 260 2301 398 2361; x_wconf 88' lang='lat' dir='ltr'><strong>adversus</strong></span> <span class='ocrx_word' id='word_1_199' title='bbox 425 2300 567 2374; x_wconf 83' lang='lat' dir='ltr'><strong>Quintium</strong></span> <span class='ocrx_word' id='word_1_200' title='bbox 595 2299 700 2361; x_wconf 82' lang='lat' dir='ltr'><strong>Cicero</strong></span> <span class='ocrx_word' id='word_1_201' title='bbox 727 2318 785 2360; x_wconf 92' lang='lat' dir='ltr'><strong>non</strong></span> <span class='ocrx_word' id='word_1_202' title='bbox 813 2300 887 2360; x_wconf 89' lang='lat' dir='ltr'><strong>haec</strong></span> <span class='ocrx_word' id='word_1_203' title='bbox 911 2301 1004 2359; x_wconf 90' lang='lat' dir='ltr'><strong>solum</strong></span> <span class='ocrx_word' id='word_1_204' title='bbox 1024 2300 1078 2359; x_wconf 90' lang='lat' dir='ltr'><strong>scd</strong></span> <span class='ocrx_word' id='word_1_205' title='bbox 1103 2301 1190 2377; x_wconf 88' lang='lat' dir='ltr'><strong>ipsam</strong></span> 
     </span>
     <span class='ocr_line' id='line_1_26' title="bbox 203 2383 1190 2463; baseline -0.005 -18"><span class='ocrx_word' id='word_1_206' title='bbox 203 2387 287 2445; x_wconf 90' lang='lat' dir='ltr'><strong>etiam</strong></span> <span class='ocrx_word' id='word_1_207' title='bbox 308 2393 487 2463; x_wconf 84' lang='lat' dir='ltr'><strong>praetextam</strong></span> <span class='ocrx_word' id='word_1_208' title='bbox 510 2384 663 2445; x_wconf 88' lang='lat' dir='ltr'><strong>demissam</strong></span> <span class='ocrx_word' id='word_1_209' title='bbox 684 2385 718 2445; x_wconf 89' lang='lat' dir='ltr'><strong>ad</strong></span> <span class='ocrx_word' id='word_1_210' title='bbox 738 2385 813 2444; x_wconf 86' lang='lat' dir='ltr'><strong>talos</strong></span> <span class='ocrx_word' id='word_1_211' title='bbox 832 2386 988 2444; x_wconf 89' lang='lat' dir='ltr'><strong>insectatus</strong></span> <span class='ocrx_word' id='word_1_212' title='bbox 1013 2392 1068 2442; x_wconf 92' lang='lat' dir='ltr'><strong>est.</strong></span> <span class='ocrx_word' id='word_1_213' title='bbox 1110 2383 1190 2443; x_wconf 88' lang='lat' dir='ltr'><strong>Pres-</strong></span> 
     </span>
     <span class='ocr_line' id='line_1_27' title="bbox 160 2465 1190 2541; baseline -0.003 -13"><span class='ocrx_word' id='word_1_214' title='bbox 160 2474 280 2528; x_wconf 69' lang='lat' dir='ltr'><strong>ibserat</strong></span> <span class='ocrx_word' id='word_1_215' title='bbox 298 2470 372 2527; x_wconf 89' lang='lat' dir='ltr'><strong>euim</strong></span> <span class='ocrx_word' id='word_1_216' title='bbox 389 2468 559 2529; x_wconf 91' lang='lat' dir='ltr'><strong>turbulentis</strong></span> <span class='ocrx_word' id='word_1_217' title='bbox 576 2468 756 2528; x_wconf 90' lang='lat' dir='ltr'><strong>contionibus</strong></span> <span class='ocrx_word' id='word_1_218' title='bbox 770 2466 930 2528; x_wconf 86' lang='lat' dir='ltr'><strong>Cluentium</strong></span> <span class='ocrx_word' id='word_1_219' title='bbox 944 2467 1086 2541; x_wconf 84' lang='lat' dir='ltr'><strong>Quintius.</strong></span> <span class='ocrx_word' id='word_1_220' title='bbox 1116 2465 1190 2526; x_wconf 89' lang='lat' dir='ltr'><strong>Nou·</strong></span> 
     </span>
     <span class='ocr_line' id='line_1_28' title="bbox 201 2551 1190 2631; baseline -0.002 -20"><span class='ocrx_word' id='word_1_221' title='bbox 201 2569 342 2629; x_wconf 89' lang='lat' dir='ltr'><strong>nunquam</strong></span> <span class='ocrx_word' id='word_1_222' title='bbox 356 2552 515 2611; x_wconf 87' lang='lat' dir='ltr'><strong>elevandae</strong></span> <span class='ocrx_word' id='word_1_223' title='bbox 532 2552 655 2612; x_wconf 86' lang='lat' dir='ltr'><strong>invidiae</strong></span> <span class='ocrx_word' id='word_1_224' title='bbox 674 2554 777 2631; x_wconf 78' lang='lat' dir='ltr'><strong>gratia,</strong></span> <span class='ocrx_word' id='word_1_225' title='bbox 792 2570 866 2630; x_wconf 81' lang='lat' dir='ltr'><strong>qnae</strong></span> <span class='ocrx_word' id='word_1_226' title='bbox 881 2553 1013 2631; x_wconf 88' lang='lat' dir='ltr'><strong>asperius</strong></span> <span class='ocrx_word' id='word_1_227' title='bbox 1026 2551 1102 2611; x_wconf 85' lang='lat' dir='ltr'><strong>dictu</strong></span> <span class='ocrx_word' id='word_1_228' title='bbox 1118 2559 1190 2623; x_wconf 80' lang='lat' dir='ltr'><strong>sunt,</strong></span> 
     </span>
     <span class='ocr_line' id='line_1_29' title="bbox 202 2634 1189 2711; baseline -0.003 -15"><span class='ocrx_word' id='word_1_229' title='bbox 202 2635 415 2711; x_wconf 88' lang='lat' dir='ltr'><strong>eluduntur,</strong></span> <span class='ocrx_word' id='word_1_230' title='bbox 438 2646 469 2694; x_wconf 89' lang='lat' dir='ltr'><strong>nt</strong></span> <span class='ocrx_word' id='word_1_231' title='bbox 483 2654 500 2695; x_wconf 91' lang='lat' dir='ltr'><strong>a</strong></span> <span class='ocrx_word' id='word_1_232' title='bbox 515 2634 660 2696; x_wconf 85' lang='lat' dir='ltr'><strong>Cicerone</strong></span> <span class='ocrx_word' id='word_1_233' title='bbox 678 2636 814 2696; x_wconf 86' lang='lat' dir='ltr'><strong>Triarius.</strong></span> <span class='ocrx_word' id='word_1_234' title='bbox 851 2635 922 2695; x_wconf 90' lang='lat' dir='ltr'><strong>Nam</strong></span> <span class='ocrx_word' id='word_1_235' title='bbox 944 2654 1008 2695; x_wconf 90' lang='lat' dir='ltr'><strong>cum</strong></span> <span class='ocrx_word' id='word_1_236' title='bbox 1026 2636 1131 2694; x_wconf 89' lang='lat' dir='ltr'><strong>Scauri</strong></span> <span class='ocrx_word' id='word_1_237' title='bbox 1148 2650 1189 2694; x_wconf 90' lang='lat' dir='ltr'><strong>co·</strong></span> 
     </span>
     <span class='ocr_line' id='line_1_30' title="bbox 202 2716 1188 2799; baseline -0.003 -18"><span class='ocrx_word' id='word_1_238' title='bbox 202 2721 311 2781; x_wconf 90' lang='lat' dir='ltr'><strong>lumnas</strong></span> <span class='ocrx_word' id='word_1_239' title='bbox 330 2737 385 2798; x_wconf 91' lang='lat' dir='ltr'><strong>per</strong></span> <span class='ocrx_word' id='word_1_240' title='bbox 404 2720 504 2778; x_wconf 90' lang='lat' dir='ltr'><strong>urbem</strong></span> <span class='ocrx_word' id='word_1_241' title='bbox 527 2720 664 2799; x_wconf 89' lang='lat' dir='ltr'><strong>planstris</strong></span> <span class='ocrx_word' id='word_1_242' title='bbox 685 2728 786 2780; x_wconf 86' lang='lat' dir='ltr'><strong>vectas</strong></span> <span class='ocrx_word' id='word_1_243' title='bbox 809 2737 876 2779; x_wconf 89' lang='lat' dir='ltr'><strong>esse</strong></span> <span class='ocrx_word' id='word_1_244' title='bbox 897 2718 984 2794; x_wconf 85' lang='lat' dir='ltr'><strong>dixit,</strong></span> <span class='ocrx_word' id='word_1_245' title='bbox 1005 2716 1072 2798; x_wconf 79' lang='lat' dir='ltr'><strong>Epo</strong></span> <span class='ocrx_word' id='word_1_246' title='bbox 1090 2736 1188 2797; x_wconf 83' lang='lat' dir='ltr'><strong>porro,</strong></span> 
     </span>
     <span class='ocr_line' id='line_1_31' title="bbox 201 2801 1188 2883; baseline 0.001 -20"><span class='ocrx_word' id='word_1_247' title='bbox 201 2805 301 2883; x_wconf 86' lang='lat' dir='ltr'><strong>inquit,</strong></span> <span class='ocrx_word' id='word_1_248' title='bbox 317 2806 370 2883; x_wconf 82' lang='lat' dir='ltr'><strong>pai</strong></span> <span class='ocrx_word' id='word_1_249' title='bbox 380 2801 519 2865; x_wconf 82' lang='lat' dir='ltr'><strong>Albanos</strong></span> <span class='ocrx_word' id='word_1_250' title='bbox 533 2805 630 2865; x_wconf 84' lang='lat' dir='ltr'><strong>ltobco</strong></span> <span class='ocrx_word' id='word_1_251' title='bbox 640 2805 805 2879; x_wconf 68' lang='lat' dir='ltr'><strong>colmanno,</strong></span> <span class='ocrx_word' id='word_1_252' title='bbox 822 2805 940 2864; x_wconf 80' lang='lat' dir='ltr'><strong>clitellis</strong></span> <span class='ocrx_word' id='word_1_253' title='bbox 953 2822 1008 2866; x_wconf 83' lang='lat' dir='ltr'><strong>eos</strong></span> <span class='ocrx_word' id='word_1_254' title='bbox 1018 2803 1188 2881; x_wconf 72' lang='lat' dir='ltr'><strong>opportuni.</strong></span> 
     </span>
     <span class='ocr_line' id='line_1_32' title="bbox 201 2886 1189 2966; baseline -0.004 -18"><span class='ocrx_word' id='word_1_255' title='bbox 201 2887 238 2948; x_wconf 84' lang='lat' dir='ltr'><strong>Et</strong></span> <span class='ocrx_word' id='word_1_256' title='bbox 257 2891 348 2966; x_wconf 82' lang='lat' dir='ltr'><strong>magis</strong></span> <span class='ocrx_word' id='word_1_257' title='bbox 367 2889 424 2948; x_wconf 91' lang='lat' dir='ltr'><strong>hoc</strong></span> <span class='ocrx_word' id='word_1_258' title='bbox 444 2889 473 2946; x_wconf 89' lang='lat' dir='ltr'><strong>in</strong></span> <span class='ocrx_word' id='word_1_259' title='bbox 494 2898 682 2948; x_wconf 87' lang='lat' dir='ltr'><strong>accusatores</strong></span> <span class='ocrx_word' id='word_1_260' title='bbox 698 2905 868 2948; x_wconf 86' lang='lat' dir='ltr'><strong>concessum</strong></span> <span class='ocrx_word' id='word_1_261' title='bbox 890 2895 950 2964; x_wconf 88' lang='lat' dir='ltr'><strong>est,</strong></span> <span class='ocrx_word' id='word_1_262' title='bbox 973 2886 1075 2964; x_wconf 80' lang='lat' dir='ltr'><strong>quihus</strong></span> <span class='ocrx_word' id='word_1_263' title='bbox 1098 2886 1189 2945; x_wconf 78' lang='lat' dir='ltr'><strong>cosm·</strong></span> 
     </span>
     <span class='ocr_line' id='line_1_33' title="bbox 160 2969 1189 3050; baseline -0.004 -19"><span class='ocrx_word' id='word_1_264' title='bbox 160 2979 193 3032; x_wconf 80' lang='lat'><strong>41</strong></span> <span class='ocrx_word' id='word_1_265' title='bbox 203 2973 271 3031; x_wconf 86' lang='lat' dir='ltr'><strong>clari</strong></span> <span class='ocrx_word' id='word_1_266' title='bbox 298 2972 452 3050; x_wconf 87' lang='lat' dir='ltr'><strong>aliquando</strong></span> <span class='ocrx_word' id='word_1_267' title='bbox 474 2972 626 3050; x_wconf 88' lang='lat' dir='ltr'><strong>patrocinii</strong></span> <span class='ocrx_word' id='word_1_268' title='bbox 648 2973 720 3032; x_wconf 86' lang='lat' dir='ltr'><strong>tides</strong></span> <span class='ocrx_word' id='word_1_269' title='bbox 744 2973 833 3049; x_wconf 81' lang='lat' dir='ltr'><strong>cogit.</strong></span> <span class='ocrx_word' id='word_1_270' title='bbox 878 2970 932 3031; x_wconf 91' lang='lat' dir='ltr'><strong>llla</strong></span> <span class='ocrx_word' id='word_1_271' title='bbox 956 2987 1028 3030; x_wconf 86' lang='lat' dir='ltr'><strong>vero</strong></span> <span class='ocrx_word' id='word_1_272' title='bbox 1054 2969 1189 3029; x_wconf 83' lang='lat' dir='ltr'><strong>adversos</strong></span> 
     </span>
     <span class='ocr_line' id='line_1_34' title="bbox 202 3052 1190 3134; baseline -0.006 -19"><span class='ocrx_word' id='word_1_273' title='bbox 202 3072 302 3115; x_wconf 89' lang='lat' dir='ltr'><strong>omues</strong></span> <span class='ocrx_word' id='word_1_274' title='bbox 325 3066 354 3115; x_wconf 88' lang='lat' dir='ltr'><strong>et</strong></span> <span class='ocrx_word' id='word_1_275' title='bbox 375 3064 494 3134; x_wconf 89' lang='lat' dir='ltr'><strong>recepta</strong></span> <span class='ocrx_word' id='word_1_276' title='bbox 519 3064 547 3114; x_wconf 89' lang='lat' dir='ltr'><strong>et</strong></span> <span class='ocrx_word' id='word_1_277' title='bbox 568 3073 626 3115; x_wconf 85' lang='lat' dir='ltr'><strong>non</strong></span> <span class='ocrx_word' id='word_1_278' title='bbox 646 3056 795 3115; x_wconf 89' lang='lat' dir='ltr'><strong>inhumana</strong></span> <span class='ocrx_word' id='word_1_279' title='bbox 821 3056 1010 3133; x_wconf 84' lang='lat' dir='ltr'><strong>conquestio,</strong></span> <span class='ocrx_word' id='word_1_280' title='bbox 1037 3055 1062 3112; x_wconf 91' lang='lat' dir='ltr'><strong>si</strong></span> <span class='ocrx_word' id='word_1_281' title='bbox 1090 3052 1190 3114; x_wconf 86' lang='lat' dir='ltr'><strong>callide</strong></span> 
     </span>
     <span class='ocr_line' id='line_1_35' title="bbox 161 3137 1190 3216; baseline -0.004 -17"><span class='ocrx_word' id='word_1_282' title='bbox 161 3138 269 3216; x_wconf 72' lang='lat' dir='ltr'><strong>dbqnid</strong></span> <span class='ocrx_word' id='word_1_283' title='bbox 285 3141 409 3214; x_wconf 89' lang='lat' dir='ltr'><strong>acuisse,</strong></span> <span class='ocrx_word' id='word_1_284' title='bbox 424 3139 584 3214; x_wconf 87' lang='lat' dir='ltr'><strong>breviasse,</strong></span> <span class='ocrx_word' id='word_1_285' title='bbox 601 3139 776 3199; x_wconf 86' lang='lat' dir='ltr'><strong>obscurasse</strong></span> <span class='ocrx_word' id='word_1_286' title='bbox 801 3139 949 3199; x_wconf 89' lang='lat' dir='ltr'><strong>distulisse</strong></span> <span class='ocrx_word' id='word_1_287' title='bbox 966 3138 1116 3198; x_wconf 74' lang='lat' dir='ltr'><strong>dicuntum·</strong></span> <span class='ocrx_word' id='word_1_288' title='bbox 1139 3137 1190 3196; x_wconf 88' lang='lat' dir='ltr'><strong>De·</strong></span> 
     </span>
     <span class='ocr_line' id='line_1_36' title="bbox 97 3220 1192 3302; baseline -0.004 -22"><span class='ocrx_word' id='word_1_289' title='bbox 97 3257 100 3262; x_wconf 67' lang='lat'><em>›</em></span> <span class='ocrx_word' id='word_1_290' title='bbox 202 3222 341 3281; x_wconf 84' lang='lat' dir='ltr'><strong>fensionis</strong></span> <span class='ocrx_word' id='word_1_291' title='bbox 362 3240 478 3300; x_wconf 85' lang='lat' dir='ltr'><strong>quoquc</strong></span> <span class='ocrx_word' id='word_1_292' title='bbox 499 3225 670 3301; x_wconf 89' lang='lat' dir='ltr'><strong>permutatio</strong></span> <span class='ocrx_word' id='word_1_293' title='bbox 688 3222 909 3302; x_wconf 84' lang='lat' dir='ltr'><strong>reprehenditur</strong></span> <span class='ocrx_word' id='word_1_294' title='bbox 922 3237 1028 3300; x_wconf 90' lang='lat' dir='ltr'><strong>saepe,</strong></span> <span class='ocrx_word' id='word_1_295' title='bbox 1048 3229 1080 3279; x_wconf 90' lang='lat' dir='ltr'><strong>ut</strong></span> <span class='ocrx_word' id='word_1_296' title='bbox 1100 3220 1192 3280; x_wconf 81' lang='lat' dir='ltr'><strong>Attim</strong></span> 
     </span>
     <span class='ocr_line' id='line_1_37' title="bbox 202 3303 1192 3384; baseline -0.007 -17"><span class='ocrx_word' id='word_1_297' title='bbox 202 3307 341 3367; x_wconf 86' lang='lat' dir='ltr'><strong>adversus</strong></span> <span class='ocrx_word' id='word_1_298' title='bbox 357 3303 529 3381; x_wconf 79' lang='lat' dir='ltr'><strong>Cluentium,</strong></span> <span class='ocrx_word' id='word_1_299' title='bbox 545 3306 708 3367; x_wconf 86' lang='lat' dir='ltr'><strong>Aeschines</strong></span> <span class='ocrx_word' id='word_1_300' title='bbox 724 3308 864 3367; x_wconf 85' lang='lat' dir='ltr'><strong>adversus</strong></span> <span class='ocrx_word' id='word_1_301' title='bbox 881 3304 1099 3384; x_wconf 86' lang='lat' dir='ltr'><strong>Ctesiphontem</strong></span> <span class='ocrx_word' id='word_1_302' title='bbox 1115 3303 1192 3373; x_wconf 86' lang='lat' dir='ltr'><strong>facit,</strong></span> 
     </span>
     <span class='ocr_line' id='line_1_38' title="bbox 204 3377 1193 3469; baseline -0.004 -18"><span class='ocrx_word' id='word_1_303' title='bbox 204 3408 268 3451; x_wconf 89' lang='lat' dir='ltr'><strong>cum</strong></span> <span class='ocrx_word' id='word_1_304' title='bbox 285 3389 336 3449; x_wconf 86' lang='lat' dir='ltr'><strong>illc</strong></span> <span class='ocrx_word' id='word_1_305' title='bbox 352 3387 523 3449; x_wconf 81' lang='lat' dir='ltr'><strong>Ciceronem</strong></span> <span class='ocrx_word' id='word_1_306' title='bbox 541 3389 609 3469; x_wconf 83' lang='lat' dir='ltr'><strong>lege</strong></span> <span class='ocrx_word' id='word_1_307' title='bbox 626 3409 742 3450; x_wconf 80' lang='lat' dir='ltr'><strong>usurum</strong></span> <span class='ocrx_word' id='word_1_308' title='bbox 755 3390 859 3468; x_wconf 82' lang='lat' dir='ltr'><strong>modu,</strong></span> <span class='ocrx_word' id='word_1_309' title='bbox 875 3389 923 3450; x_wconf 91' lang='lat' dir='ltr'><strong>hic</strong></span> <span class='ocrx_word' id='word_1_310' title='bbox 938 3377 1054 3450; x_wconf 86' lang='lat' dir='ltr'><strong>micime&#39;</strong></span> <span class='ocrx_word' id='word_1_311' title='bbox 1071 3388 1108 3448; x_wconf 88' lang='lat' dir='ltr'><strong>de</strong></span> <span class='ocrx_word' id='word_1_312' title='bbox 1129 3388 1193 3463; x_wconf 76' lang='lat' dir='ltr'><strong>lege</strong></span> 
     </span>
     <span class='ocr_line' id='line_1_39' title="bbox 202 3471 722 3553; baseline 0 -18"><span class='ocrx_word' id='word_1_313' title='bbox 202 3474 341 3535; x_wconf 85' lang='lat' dir='ltr'><strong>dicturum</strong></span> <span class='ocrx_word' id='word_1_314' title='bbox 354 3471 569 3534; x_wconf 83' lang='lat' dir='ltr'><strong>Demosthenen</strong></span> <span class='ocrx_word' id='word_1_315' title='bbox 584 3476 722 3553; x_wconf 84' lang='lat' dir='ltr'><strong>queritur.</strong></span> 
     </span>
    </p>
   </div>
   <div class='ocr_carea' id='block_1_4' title="bbox 0 0 1222 3925">
    <p class='ocr_par' dir='ltr' id='par_1_4' title="bbox 0 0 1222 3925">
     <span class='ocr_line' id='line_1_40' title="bbox 0 0 1222 3925; baseline 0 0"><span class='ocrx_word' id='word_1_316' title='bbox 0 0 1222 3925; x_wconf 95' lang='lat' dir='ltr'><strong> </strong></span> 
     </span>
    </p>
   </div>
  </div>
 </body>
</html>
