2434 3925
166 181 229 247 284
477 197 513 244 n.
527 195 605 243 rna.
620 194 838 260 cumanorum

459 349 502 399 Did
521 350 637 401 lUDiGIO
656 351 698 400 ET
717 347 872 404 CONSILIO.

248 430 285 491 V.
314 430 365 492 His
387 448 440 509 pro
462 443 560 493 nostra
583 433 722 493 facultate
744 434 873 492 tractatis
897 449 954 492 non
981 434 1174 498 dubitassem

165 518 287 576 transire
305 518 432 594 protinus
448 518 484 576 ad
500 518 734 595 dispositionem,
757 534 832 593 quae
853 517 952 576 ordine
974 520 1039 596 ipso
1061 524 1173 598 sequi·

165 608 228 675 tur,
250 602 303 659 uisi
322 618 457 676 vererer,
479 618 531 677 ne,
554 602 687 679 quoniam
704 601 834 674 inerunt,
857 603 904 677 qui
925 603 1104 662 iudicium
1122 606 1170 663 in·

165 686 291 743 ventioni
314 684 538 760 subiungerent,
563 686 739 762 praeterisse
765 683 841 743 buno
862 685 957 743 iocum
986 687 1168 764 quibusdam

164 768 289 843 viderer,
307 770 432 845 quirnea
448 768 561 846 quidem
579 769 714 846 opinione
725 768 799 827 adeo
816 768 943 846 partibus
961 773 1059 848 operis
1075 771 1167 830 burins

166 851 295 910 omnibns
319 868 466 910 connexus
490 870 524 911 ac
546 854 650 911 mixtus
669 861 731 928 est,
749 861 779 911 ut
794 870 831 911 nc
846 870 862 911 a
878 857 1026 912 sententiis
1044 855 1166 931 quidem

166 943 214 994 aut
234 935 331 994 verbis
352 935 454 994 saltem
476 936 596 1012 singuiis
618 938 710 1014 possit
731 937 877 1013 separari,
899 955 953 996 nec
975 939 1066 1013 magis
1098 948 1164 997 arte

136 1019 285 1079 btraditur
308 1036 390 1096 quam
414 1027 515 1095 gustus
539 1029 587 1078 ant
608 1020 690 1079 odor.
727 1020 856 1097 ideoque
871 1037 940 1096 nos,
961 1022 1028 1098 quid
1045 1023 1075 1079 iu
1091 1040 1164 1099 qua·

160 1120 221 1184 pue
242 1120 274 1161 re
298 1104 475 1181 sequendum
496 1100 711 1181 cavendumque
730 1106 782 1179 sit,
805 1105 941 1163 docemus
964 1123 998 1164 ao
1018 1106 1164 1184 deinceps

165 1184 349 1262 docebimus,
370 1196 400 1246 ut
422 1187 458 1246 ad
483 1205 517 1246 ea
538 1188 671 1247 iudicium
687 1187 833 1264 dirigatur.
868 1188 1044 1266 Praecipiam
1060 1191 1163 1265 igitur,

164 1289 216 1344 ne,
241 1270 319 1347 quod
340 1270 416 1329 eiiici
441 1288 497 1329 non
518 1280 632 1348 potest,
649 1272 865 1348 aggrediamur,
880 1282 911 1331 ut
929 1275 1072 1332 contraria
1085 1276 1163 1332 vite·

164 1373 225 1412 mus
242 1363 271 1412 et
286 1356 453 1429 communia,
466 1373 501 1413 ne
514 1355 580 1432 quid
592 1356 620 1413 iu
636 1355 799 1433 eloquendo
813 1361 987 1434 corruptum,
1004 1356 1162 1416 obscurum

165 1434 222 1498 sit?
237 1436 390 1498 Reieratur
405 1448 521 1516 oportet
538 1439 573 1498 ad
588 1458 701 1514 seusus,
719 1441 766 1517 qui
783 1456 840 1497 non
857 1439 1006 1499 docentur.

138 1533 155 1586 3
249 1522 312 1581 Nec
333 1521 450 1582 multum
472 1540 488 1581 a
512 1522 616 1582 iudicio
642 1523 730 1582 credo
745 1523 851 1582 distare
874 1524 1086 1597 consilium,
1106 1525 1162 1581 nisi

167 1607 244 1684 quod
259 1606 329 1665 iilud
345 1606 562 1666 ostendentibus
585 1626 618 1666 se
639 1607 726 1666 rebus
742 1607 909 1681 adhibetur,
932 1607 987 1666 boc
1002 1607 1160 1666 latentibus

166 1698 195 1749 et
212 1699 259 1750 aut
274 1691 386 1749 omnino
403 1691 526 1750 nondum
549 1694 674 1769 repertis
696 1700 743 1750 aut
764 1691 865 1751 dubiis.
895 1690 932 1750 Et
947 1691 1079 1749 iudicium
1100 1691 1159 1749 ire·

166 1775 351 1851 quentissime
375 1784 483 1832 certum
504 1783 564 1849 est,
591 1775 740 1834 consilium
763 1792 834 1833 vero
858 1783 902 1834 est
924 1777 997 1835 ratio
1019 1775 1161 1851 quaedam

165 1859 223 1917 alte
242 1860 331 1936 petita
349 1866 377 1917 et
392 1857 561 1936 plerumque
576 1860 660 1937 plura
674 1860 857 1937 perpendens
880 1868 909 1917 et
925 1876 1092 1936 comparans
1109 1858 1159 1916 ha-

139 1942 296 2020 dbeusque
318 1945 345 2001 iu
366 1960 398 2001 se
422 1951 450 2002 et
472 1945 664 2003 inventionem
687 1951 715 2002 et
737 1943 946 2003 iudicationem.
984 1942 1041 2002 Sed
1062 1961 1098 2001 ne
1121 1941 1160 2001 de

165 2029 222 2087 hoo
240 2028 353 2104 quidem
369 2036 526 2106 praecepta
548 2029 576 2085 in
594 2030 757 2087 universnm
774 2026 953 2105 expectanda
974 2035 1045 2085 sunt.
1083 2024 1160 2085 Nam

167 2131 204 2172 ex
224 2129 256 2170 re
278 2112 414 2185 sumitur,
437 2113 517 2169 cuius
541 2111 624 2171 locus
648 2121 714 2170 aute
744 2113 885 2170 actionem
907 2119 951 2170 est
976 2111 1158 2187 frequenter;
1212 2181 1213 2194 χ

165 2213 229 2254 uam
252 2191 356 2253 Cicero
378 2212 486 2253 summo
511 2195 633 2254 consilio
654 2195 767 2254 videtur
787 2196 817 2254 in
836 2195 957 2254 Verrem
976 2194 1024 2253 rel
1045 2202 1158 2252 coutra-
1212 2215 1213 2218 ¹

165 2280 236 2338 here
252 2286 382 2355 tempora
399 2278 511 2338 dicendi
523 2279 659 2339 maluisse
678 2297 761 2357 quarn
776 2281 804 2337 in
817 2297 880 2338 eum
897 2297 1008 2352 annum,
1028 2294 1083 2355 quo
1097 2288 1159 2337 erat

138 2360 387 2435 cononandus
406 2362 506 2421 consul
527 2363 654 2438 iuturus,
678 2363 817 2422 incidere.
854 2362 891 2421 Et
908 2365 936 2421 in
951 2364 1022 2440 ipsis
1041 2363 1157 2420 actioni·

167 2446 219 2504 bus
235 2447 354 2523 primum
372 2463 406 2505 ac
422 2449 648 2523 potentissimum
671 2447 780 2505 obtinet
801 2447 910 2515 iocum;
932 2464 1014 2520 nam,
1037 2445 1103 2523 qnid
1117 2447 1157 2504 di·

168 2529 303 2604 cendum,
324 2530 390 2608 quid
407 2530 572 2605 tacendum,
592 2532 658 2609 quid
675 2530 861 2590 differendum
879 2532 932 2605 sit,
950 2532 1069 2606 exigere
1091 2546 1157 2588 con·

166 2613 224 2673 silii
239 2621 300 2680 est;
316 2631 424 2689 negare
440 2616 477 2673 sit
488 2616 557 2674 satis
570 2632 605 2674 an
618 2614 787 2689 deiendere,
804 2614 852 2672 ubi
863 2616 1014 2713 prooemio
1026 2613 1156 2672 utendum

167 2707 197 2757 et
212 2696 299 2776 quali,
319 2698 524 2757 narrandumne
541 2707 570 2757 et
585 2698 765 2777 quomodo,
757 2716 818 2757 rnre
834 2700 913 2775 prius
929 2698 1108 2775 pugnandum
1123 2716 1155 2756 an

154 2798 278 2874 aequo,
303 2782 350 2859 qui
366 2783 403 2841 sit
418 2783 489 2857 ordo
503 2782 686 2858 utilissimus,
710 2791 768 2841 tum
781 2799 880 2841 omnes
898 2782 1031 2856 colores,
1055 2799 1154 2859 aspere

139 2853 203 2936 6'an
226 2865 332 2925 leniter
363 2884 398 2925 an
420 2869 504 2925 etiam
535 2868 696 2925 summisse
707 2866 785 2943 ioqui
811 2867 955 2943 expediat.
1003 2865 1062 2925 Sed
1086 2865 1154 2924 baeu

168 2966 294 3027 qnoque,
311 2959 341 3010 ut
359 2951 480 3028 quisque
495 2968 598 3028 passus
615 2960 660 3009 est
675 2951 758 3009 locus
768 2952 960 3025 ,monuimus,
983 2950 1136 3027 idemque'
1128 2967 1154 3007 rn

167 3033 280 3111 reliqua
294 3043 376 3112 parte
392 3035 545 3102 iaciemus;
567 3052 659 3112 pauca
679 3043 775 3094 tamen
796 3034 921 3110 exempli
937 3036 1029 3109 gratia
1047 3051 1152 3111 ponam,

169 3117 271 3194 quibus
281 3117 458 3177 manifestius
471 3128 619 3195 appareat,
637 3118 704 3197 quid
716 3120 763 3194 sit,
780 3118 857 3196 quod
869 3119 1057 3178 demonstrari
1072 3133 1153 3214 posse

141 3203 336 3280 7praeceptis
358 3220 415 3261 nou
437 3202 569 3261 arbitror
613 3202 754 3261 Laudatur
778 3203 927 3261 consilium
947 3193 1152 3273 Demosthenis,
1208 3227 1211 3236 ·

170 3284 340 3361 quodcum
362 3285 495 3345 suaderet
510 3285 617 3344 bellum
629 3286 852 3345 Atheniensibus
867 3304 966 3364 parum
981 3286 1008 3346 id
1019 3301 1154 3367 prospere

170 3370 316 3447 expertis,
338 3369 407 3428 nihii
429 3370 521 3429 adbuc
543 3369 648 3429 iactum
664 3388 731 3428 esse
746 3372 857 3430 ratione
873 3379 1026 3436 monstrat:
1048 3376 1154 3447 poterat

170 3457 244 3515 enim
260 3454 404 3514 emendari
419 3454 613 3532 negligentia;
631 3462 676 3530 at,
694 3456 719 3513 si
732 3454 801 3513 nibil
819 3462 898 3515 esset
914 3464 1047 3531 erratum,
1062 3452 1152 3512 melio·
1209 3461 1213 3578 p
