2434 3925
165 199 227 262 234
277 288 284 303 δ
474 212 844 279 u.snn.oumu1n1nn1

165 378 283 429 oratore
295 368 421 428 acutior:
443 367 590 447 Suscepto
604 369 692 445 bello,
712 367 841 445 Caesar,
852 377 937 448 peste
947 369 1011 430 inm
1023 372 1126 433 eham
1137 391 1173 433 es

160 462 255 534 porte
265 471 386 530 mspno.
412 452 556 513 Praedixit
567 455 656 512 enim:
672 451 824 525 Quantum
835 462 942 532 potero
952 473 1029 514 once
1041 463 1171 516 conteu-

166 539 254 611 dom,
274 543 307 597 nt
322 537 455 615 populnm
475 537 531 597 hoc
547 536 704 598 Romam
718 539 877 600 exaudiat.
908 537 1027 598 Paulum
1045 539 1172 604 inferior
1195 546 1196 609 j

163 631 193 681 et
209 619 319 680 hahens
333 620 440 698 aliquid
455 621 511 679 iam
525 620 723 680 iucunditatis:
741 618 823 692 Quia
838 622 916 683 enim
931 623 1090 698 tonsilis,
1114 622 1169 684 Tu·

105 714 155 770 167
163 706 246 782 bero,
259 705 292 764 in
306 707 374 765 acie
391 702 575 765 Pharsalico
587 705 713 782 plautius
727 706 860 783 opstat?
890 705 1005 764 Plenius
1023 706 1131 768 adhuc
1146 717 1169 766 et
1195 744 1196 751 .

161 789 266 849 leutius
280 789 406 866 ideoque
422 787 550 847 dulcius:
572 787 611 848 lu
627 796 713 850 coetu
726 807 799 850 oero
810 790 915 867 populi
925 789 1045 850 Roman
1059 792 1169 869 inspo-
1195 854 1196 859 ,

144 875 233 934 tium
246 873 401 950 poblicum
412 891 534 949 percus.
559 871 749 933 Producenda
764 875 858 932 omnia
872 873 1100 951 trahendaeque
1114 885 1168 935 tum
1195 866 1196 907 ³

160 956 282 1016 vocales
310 955 543 1034 aperiendaeque
570 965 634 1016 srrnt
659 957 769 1015 lauces.
803 956 938 1016 Pleniore
963 966 1063 1017 tamen
1094 958 1168 1019 haec
1195 982 1196 1003 r

161 1041 253 1101 canali
269 1039 372 1099 linunt:
400 1037 474 1116 Vos,
497 1037 612 1101 Albani
624 1041 731 1100 tumuli
747 1049 843 1119 atque
859 1042 930 1103 loci.
971 1039 1032 1099 lam
1057 1045 1167 1103 candui

160 1125 293 1204 quiddam
310 1123 416 1184 hahent
431 1127 596 1202 sensimque
612 1126 827 1202 resupinantur:
843 1124 933 1186 Sacc
949 1131 1044 1201 atque
1058 1129 1168 1188 solita

71 1212 73 1215 ’
101 1219 152 1274 168
159 1211 247 1272 dines
260 1210 328 1270 voci
343 1211 537 1286 respondeat.
568 1206 655 1268 Tales
675 1218 740 1269 sunt
762 1208 830 1268 illae
845 1208 1049 1268 inclinationes
1064 1213 1166 1284 vocis,

158 1310 230 1372 quas
244 1286 367 1351 invicem
383 1291 595 1352 Demosthenes
613 1301 699 1371 atque
715 1292 877 1352 Aeschines
895 1291 1090 1370 exprobrant,
1110 1312 1166 1354 non

157 1378 224 1437 ideo
241 1375 463 1454 improbandae;
487 1394 549 1435 cum
567 1378 643 1435 enim
658 1378 780 1455 uterque
802 1377 885 1436 alteri
903 1376 1036 1436 obiiciat:
1061 1378 1164 1454 palam

158 1469 203 1520 est
225 1470 375 1538 utrumque
400 1459 519 1519 fecisse.
554 1459 626 1519 Nam
654 1478 750 1538 neque
776 1460 827 1520 ille
851 1478 906 1539 per
929 1459 1117 1523 Marathonis
1138 1472 1165 1522 et

157 1545 336 1606 Plataearum
360 1552 389 1603 et
413 1543 564 1604 Salaminis
586 1553 821 1623 propugnatores
842 1554 924 1604 recto
948 1560 1021 1603 sono
1041 1546 1161 1619 inravit,

105 1634 212 1688 totnec
233 1627 284 1687 ille
307 1626 423 1710 Thebas
445 1622 580 1687 sermone
603 1628 729 1688 deflevit.
764 1626 818 1688 Est
838 1628 882 1709 his
904 1628 1019 1688 diversa
1044 1646 1113 1689 vox
1134 1638 1162 1689 et

157 1730 251 1791 paene
268 1721 349 1771 extra
366 1729 520 1788 organum,
544 1713 588 1771 cui
606 1710 709 1771 Graeci
729 1728 833 1771 nomen
854 1712 1050 1771 amaritudinis
1065 1713 1158 1774 dede·

156 1805 231 1870 runt,
251 1796 462 1873 supermodum
477 1814 512 1856 ac
523 1813 617 1874 paene
633 1805 760 1855 naturam
775 1796 858 1855 vocis
874 1796 1012 1856 humanae
1030 1797 1157 1856 acerba:
1195 1830 1196 1879 q

159 1878 238 1952 Quin
260 1881 449 1956 compescitis
466 1898 569 1941 nocem
588 1880 697 1957 mium,
715 1881 848 1941 indicem
864 1880 1024 1954 studione,
1050 1888 1156 1942 testem
1195 1896 1196 1899 ’

155 1965 343 2044 paucitatis?
367 1964 427 2024 Sed
441 1966 480 2040 id,
497 1964 574 2042 quod
590 1964 737 2024 excedere
751 1965 866 2026 modum
882 1965 952 2039 diui,
966 1965 994 2023 in
1005 1964 1056 2024 illa
1070 1975 1154 2044 parte

101 2050 247 2127 lioprima
270 2059 327 2108 est:
355 2046 434 2122 Quin
450 2050 649 2128 compescitis.
677 2046 836 2127 Epilogus,
859 2042 883 2107 si
908 2050 1153 2109 enumerationem
1195 2105 1196 2132 q

156 2151 251 2192 rerum
266 2132 364 2209 hahet,
381 2133 527 2193 desiderat
542 2132 683 2212 quandam
698 2134 879 2192 concisorum
894 2133 1152 2199 continuationem
1195 2171 1196 2202 n

157 2217 180 2275 si
198 2217 234 2276 ad
250 2216 437 2277 concitandos
458 2218 569 2277 iudices
593 2225 638 2276 est
652 2217 901 2277 accommodatus:
923 2216 1031 2293 aliquid
1050 2220 1151 2293 exiis,

157 2318 231 2378 qnae
253 2319 339 2380 supra
360 2301 433 2369 dixi;
462 2303 487 2360 si
500 2301 685 2380 placandos:
709 2300 871 2360 inclinatam
893 2301 1034 2378 quandam
1048 2300 1152 2361 lenita·

155 2392 227 2452 tem;
255 2386 279 2442 si
296 2386 494 2446 misericordia
516 2384 756 2445 commovendos:
783 2384 890 2444 ilerum
910 2385 992 2444 vocis
1017 2392 1046 2444 et
1067 2384 1152 2446 flehi·
1195 2397 1196 2466 ς

156 2468 212 2526 lem
235 2470 419 2544 suavitatem,
447 2487 502 2547 qua
525 2469 682 2547 praecipue
704 2469 872 2545 franguntur
892 2468 992 2543 animi,
1014 2486 1151 2548 quaeque

156 2560 201 2610 est
218 2554 339 2611 maxime
357 2554 503 2612 naturalis.
534 2552 605 2613 Nam
622 2554 706 2612 etiam
724 2552 813 2612 orhos
828 2552 986 2631 viduasque
1001 2552 1108 2613 videas
1124 2555 1151 2611 in

99 2636 226 2713 lilipsis
253 2636 401 2695 funeribus
431 2654 538 2695 canoro
567 2636 690 2714 quodam
717 2637 803 2696 modo
831 2636 1055 2715 proclamantes.
1098 2636 1150 2697 Hic
1195 2629 1196 2694 Ῐ

156 2721 242 2780 etiam
257 2721 337 2780 lusca
353 2721 402 2781 illa
416 2737 491 2797 vox,
515 2721 630 2799 qualem
645 2718 750 2780 Cicero
771 2719 860 2780 luisse
882 2722 910 2779 iu
924 2719 1051 2779 Antonio
1069 2720 1148 2796 dicit,

154 2806 225 2864 mire
246 2805 350 2873 iaciet;
374 2804 462 2865 habet
482 2807 556 2863 enirn
578 2805 606 2863 in
622 2822 671 2879 se,
697 2804 774 2882 quod
788 2806 936 2864 imitamur.
967 2802 1088 2881 Duplex
1106 2814 1149 2863 est

154 2896 249 2948 tamen
268 2890 432 2964 miseratio,
445 2888 544 2948 altera
565 2906 628 2947 curn
649 2888 768 2964 invidia,
792 2888 884 2967 qualis
903 2887 990 2948 modo
1011 2887 1092 2947 dicta
1114 2889 1148 2949 de
1195 2903 1196 2966 ζ

154 2971 520 3047 damnationePhilodami,
547 2971 639 3032 altera
665 2991 729 3032 cnm
750 2972 956 3049 deprecatione
982 2972 1147 3032 demissior.

98 3058 147 3113 lii
158 3053 265 3132 Quare,
284 3058 455 3116 etiamsi-est
470 3058 497 3114 iu
514 3056 572 3116 illis
588 3072 704 3134 quoque
718 3064 815 3116 cantus
827 3055 993 3115 ohscurior:
1008 3053 1048 3115 In
1059 3065 1147 3119 coetu

156 3157 229 3200 cero
241 3143 348 3218 populi
362 3140 510 3208 Ronmni;
524 3156 581 3200 non
597 3139 759 3200 enimhaec
775 3140 893 3198 rixantis
909 3137 995 3198 modo
1014 3138 1103 3209 dixit;
1119 3148 1147 3200 et
1195 3215 1196 3218 Ἴ

160 3220 233 3298 Vos,
250 3221 363 3285 Albani
377 3225 502 3293 tumuli‚·
524 3226 687 3299 nonenim,
706 3226 786 3302 quasi
807 3224 973 3283 inclamaret
992 3232 1041 3281 aut
1055 3232 1144 3284 testa·

153 3316 250 3383 retur,
268 3306 381 3367 locutus
399 3316 458 3366 est:
479 3317 573 3369 tamen
589 3309 696 3368 inlicito
712 3309 803 3385 magis
819 3307 868 3367 illa
888 3306 964 3366 llexa
980 3314 1009 3365 et
1023 3307 1144 3367 circum·

153 3391 238 3451 ducta
254 3400 332 3450 suut:
348 3388 398 3452 Me
410 3391 564 3464 miseram,
581 3411 628 3452 sne
641 3393 800 3470 infelicem,
817 3400 846 3449 et
861 3389 943 3463 Quid
952 3392 1143 3468 respondedo

153 3476 258 3538 liberis
273 3476 371 3536 meis?
388 3483 417 3535 et
434 3473 592 3536 lienoccre
606 3482 640 3535 tu
654 3493 700 3539 me
713 3477 746 3537 in
759 3476 896 3554 patriam
907 3475 1042 3553 potuisti
1059 3472 1141 3550 mtto,
