2434 3925
164 239 222 299 134
470 247 506 293 ru.
524 246 600 293 usa.
618 245 837 303 consummar

159 408 289 465 vivemus
312 399 465 478 aliquando
487 398 649 475 laudamus,
675 399 727 458 ssd
749 399 826 476 quod
847 416 910 458 rara
931 398 1004 459 haec
1027 404 1145 462 occasio

160 498 221 563 est,
242 496 273 546 ut
292 485 396 545 referri
418 485 529 561 possint
549 481 635 541 divini
655 483 782 543 honores
804 491 833 541 et
848 483 966 542 decreta
982 493 1017 543 et.
1027 485 1145 562 publice

119 583 153 636 18
161 581 272 631 statuae
294 570 479 629 constitutae.
530 565 608 624 luter
634 585 708 644 quae
733 568 940 625 numeraverim
967 569 1146 644 ingeniorum

159 661 357 727 monumenta,
374 668 447 729 quae
465 649 590 709 saeculis
606 650 806 727 probarentur.
837 648 909 710 Nam
924 652 1053 728 quidam,
1071 656 1146 712 sicut

158 738 330 811 Menander,
357 737 476 794 iustiora
503 742 686 811 posterorum
708 752 790 812 quam
816 752 885 793 suae
911 737 1012 794 aetatis
1040 735 1145 796 iudicia

158 832 223 882 sunt
244 820 401 881 consecuti.
445 816 577 876 Allerunt
602 817 714 878 laudem
740 815 823 877 liberi
850 818 1032 895 parentibus,
1058 819 1146 879 urbes

159 903 371 979 conditoribus,
387 902 478 981 leges
500 901 655 978 latoribus,
681 911 758 961 artes
787 902 982 961 inventoribus
1010 920 1068 963 nec
1089 921 1147 962 uon

157 992 285 1049 instituta
307 1003 422 1066 quoque
440 985 621 1059 auctoribus,
647 987 687 1044 uti
709 1003 726 1045 a
745 984 836 1045 Numa
857 986 987 1046 traditum
1008 987 1080 1047 deos
1097 1004 1146 1049 co·

159 1074 238 1151 lere,
254 1092 270 1133 a
287 1070 436 1132 Publicola
451 1068 546 1129 lasccs
562 1069 674 1147 populo
691 1072 876 1128 summittere.

117 1165 150 1221 19
240 1156 296 1230 Qui
321 1156 410 1213 omnis
436 1155 520 1212 etiam
542 1155 570 1211 iu
590 1154 871 1231 vituperatione
899 1152 971 1214 ordo
992 1155 1148 1232 constabit,

158 1250 266 1302 tantum
287 1241 316 1299 in
339 1239 491 1298 diuersum:
535 1235 606 1296 Nam
628 1246 657 1296 et
683 1236 827 1315 turpitudo
849 1240 966 1313 generis
987 1238 1148 1317 opprobrio

159 1326 254 1383 multis
274 1323 343 1397 luit,
368 1330 397 1380 et
419 1320 557 1397 quosdam
574 1320 690 1380 claritas
707 1323 770 1399 ipsa
790 1323 917 1380 notiores
937 1323 1014 1381 circa
1034 1324 1103 1381 vitia
1120 1333 1149 1383 et

159 1411 267 1467 invisos
282 1406 374 1482 magis
391 1404 476 1479 lecit,
500 1413 529 1463 et
550 1406 578 1464 in
593 1403 777 1481 quibusdam,
800 1413 830 1463 ut
850 1407 878 1464 in
898 1404 1000 1466 Paride
1015 1406 1150 1465 traditum

159 1500 220 1567 est,
248 1490 397 1568 praedicta
420 1489 580 1565 pernicies,
607 1497 636 1547 et
663 1489 794 1566 corporis
821 1506 857 1547 ac
877 1489 1007 1548 lortunae
1031 1489 1149 1566 quibus·

160 1575 224 1635 dum
240 1573 314 1633 mala
330 1580 541 1650 contemptum,
562 1575 636 1630 sicut
657 1571 822 1646 Thersitae,
841 1572 1013 1650 adquisiere,
1031 1573 1149 1650 quibus·

160 1658 225 1718 dam
246 1657 323 1717 bona
343 1657 419 1714 vitiis
435 1664 569 1733 corrupta
586 1656 680 1715 odium
697 1655 867 1730 attulerunt,
890 1665 920 1714 ut
938 1655 1025 1716 Nirea
1046 1656 1149 1717 imbel-

117 1741 232 1817 sotem,
256 1740 421 1801 Plisthenen
442 1740 614 1817 impudicum
635 1757 651 1799 a
670 1741 765 1818 poetis
786 1741 960 1817 accepimus.
1009 1737 1045 1798 Et
1064 1742 1150 1799 animi

158 1826 277 1885 totidem
297 1826 380 1898 vitia,
408 1832 478 1900 quot
497 1825 618 1882 virtutes
640 1832 721 1899 sunt,
748 1841 802 1882 nec
824 1826 914 1882 minus
937 1842 1021 1901 quam
1044 1825 1071 1881 in
1088 1824 1148 1882 lau·

159 1909 241 1971 dibus
263 1908 370 1987 duplici
390 1908 502 1968 ratione
525 1915 689 1967 tractantur.
733 1905 771 1966 Et
796 1916 863 1985 post
887 1916 1007 1967 mortem
1035 1908 1148 1969 adiecta

160 1992 327 2072 quibusdam
342 1994 495 2069 ignominia
511 2000 571 2067 est,
594 2001 625 2051 ut
647 1990 770 2066 Maelio,
792 1993 871 2050 cuius
897 1991 995 2051 domus
1013 1991 1078 2051 solo
1100 2011 1148 2051 ae·

161 2087 260 2156 quata,
284 2074 442 2154 Marcoque
457 2074 579 2148 blaulio,
602 2077 682 2134 cuius
697 2092 902 2153 praenomena
923 2075 1028 2135 lamilia
1050 2078 1148 2153 inpo-

117 2171 151 2223 21
159 2171 265 2220 sterum
281 2169 445 2238 exemptum
461 2168 514 2218 est.
534 2158 587 2229 ,itu
601 2167 736 2237 parentes
751 2159 890 2218 malorum
908 2160 1026 2219 odimus.
1053 2158 1092 2218 Et
1103 2166 1148 2218 est

160 2242 355 2305 conditoribus
377 2241 487 2301 urbium
508 2242 629 2318 infame,
659 2244 837 2303 contraxisse
858 2242 981 2320 aliquam
1003 2244 1148 2319 pernicio·

160 2346 220 2387 sam
238 2328 343 2386 ceteris
361 2335 488 2402 gentem,
505 2325 596 2403 qualis
613 2334 657 2385 est
671 2328 778 2404 primus
789 2325 921 2385 Iudaicae
935 2326 1147 2403 superstitionis

160 2419 276 2477 auctor;
303 2419 332 2472 et
350 2408 543 2469 Gracchorum
557 2408 641 2486 leges
656 2410 780 2476 invisae;
807 2418 835 2468 et
854 2411 878 2467 si
897 2409 973 2487 quod
989 2418 1033 2468 est
1050 2427 1147 2468 exem·

160 2493 240 2574 plum
252 2493 380 2554 deforme
397 2495 523 2571 posteris
539 2494 681 2568 traditum,
698 2493 784 2571 quale
800 2492 967 2552 libidinosus
983 2496 1027 2551 vir
1042 2492 1148 2552 Perses

118 2581 189 2640 tuln
210 2577 329 2637 muliere
346 2574 440 2637 Samia
456 2578 604 2636 instituere
626 2594 711 2636 ausus
727 2577 830 2636 dicitur
844 2578 961 2655 primus.
993 2576 1052 2636 Sed
1066 2577 1094 2633 in
1105 2577 1148 2633 ui·

144 2660 291 2742 ,ventibus
312 2678 427 2739 quoque
449 2660 552 2719 iudicia
575 2660 716 2720 hominurn
733 2658 812 2718 velut
829 2668 993 2737 argumenta
1009 2668 1073 2718 sunt
1087 2676 1147 2718 mo·

159 2765 236 2820 rum,
261 2753 290 2803 et
310 2745 403 2805 honos
422 2753 470 2804 aut
493 2746 644 2821 ignominia
665 2760 762 2803 veram
786 2761 853 2802 csse
873 2743 986 2804 laudern
1005 2743 1053 2802 vel
1073 2745 1148 2802 vitu·

160 2830 340 2908 perationem
360 2827 473 2906 probat.
571 2849 574 2854 ·

119 2919 155 2973 23
242 2912 388 2971 Interesse
404 2921 497 2971 tamen
511 2910 686 2971 Aristoteles
700 2918 796 2989 putat,
811 2910 859 2970 ubi
876 2910 1000 2988 quidque
1016 2908 1149 2969 laudetur

162 3005 210 3055 aut
226 2997 414 3074 vituperetur.
458 2993 530 3054 Nam
545 2994 694 3072 plurimum
709 2994 815 3070 refert,
839 2996 886 3073 qui
906 2996 962 3053 sint
976 2993 1148 3053 audientium

162 3096 272 3154 mores,
289 3098 361 3157 quae
375 3079 490 3156 publice
506 3087 624 3156 receptu
642 3080 809 3157 persuasio,
827 3087 856 3137 ut
871 3077 919 3137 illa
936 3078 1057 3137 maxime
1072 3094 1149 3154 quae

162 3160 284 3241 probant
300 3180 365 3221 esse
381 3165 408 3221 in
424 3180 478 3238 eo,
498 3164 544 3240 qui
559 3161 735 3236 laudabitur,
753 3162 885 3236 credant,
900 3171 948 3220 aut
964 3163 992 3220 in
1008 3176 1062 3235 eo,
1079 3177 1148 3220 con·
1204 3178 1209 3185 ·

162 3254 206 3304 tra
229 3263 313 3322 quem
333 3246 477 3321 dicemus,
502 3263 536 3306 ea
558 3263 632 3324 quae
655 3245 784 3305 oderunt.
829 3245 872 3305 Ita
892 3262 949 3304 non
965 3243 1079 3303 dubium
1096 3245 1149 3303 erit

121 3328 311 3404 tliudicium,
328 3330 405 3406 quod
420 3330 577 3389 orationem
591 3330 797 3406 praecesserit.
835 3328 966 3405 lpsorum
981 3329 1066 3387 etiam
1082 3346 1148 3406 per·

164 3412 310 3472 miscenda
337 3411 399 3471 laus
428 3430 559 3491 semper,
584 3430 648 3471 uam
672 3413 700 3472 id
726 3411 877 3471 benivolos
905 3411 988 3479 lacit;
1015 3413 1148 3489 quotiens

210 3515 258 3556 ‘em
273 3496 334 3555 lieri
351 3496 474 3574 poterit,
499 3513 562 3557 cum
582 3498 719 3557 materiae
737 3495 857 3557 utilitate
872 3495 1023 3574 iungenda.
1055 3493 1148 3556 blinus
