2434 3925
125 129 184 194 1³2
441 138 804 201 remunerationum

122 315 206 379 mam
228 298 253 356 si
267 296 360 356 omnia
380 294 469 355 verba
485 310 539 354 suo
555 295 612 354 fine
628 295 791 362 eludantur;
818 302 848 353 et
862 310 1067 372 nonnunquam
1082 295 1133 356 bi·
1198 354 1199 357 ,

121 383 187 443 ulca
202 383 286 442 etiam
301 382 405 441 decent
420 379 586 458 iaciuntque
601 379 742 458 ampliora
764 377 917 456 quaedam:
938 387 969 437 ut
983 377 1134 441 Pulchro

120 468 254 529 oratioue
269 474 350 529 ncta.
382 463 453 523 Tum
467 464 574 539 longae
592 480 646 540 per
660 481 695 521 se
712 471 743 522 et
756 463 838 522 velut
858 463 972 540 opimae
987 462 1132 537 syllabae
1198 536 1199 545 ἵ

121 550 228 628 aliquid
241 550 325 609 etiam
334 549 419 608 medii
430 549 569 627 temporis
581 548 655 605 inter
664 546 802 620 vocales,
821 547 903 625 quasi
916 547 1131 621 intersistatnr,

78 642 112 697 37
120 643 274 694 assumunt.
326 632 390 706 Qua
409 633 446 692 de
470 651 503 692 re
532 641 596 690 utar
625 629 775 690 Ciceronis
804 630 985 708 potissimum
1009 631 1130 690 verbis.

120 718 236 793 Habet,
254 718 362 794 inquit,
382 717 434 778 ille
454 725 599 793 tuaquom
615 715 717 776 Motus
737 723 766 776 et
785 733 955 777 macareus
969 717 1132 777 vocalium
1198 756 1199 805 p

120 804 207 864 molle
223 803 387 880 quiddam,
403 809 431 862 et
446 803 526 878 quod
538 801 654 861 iudicet
666 817 728 861 noo
739 800 895 877 inpactum
905 800 1132 879 neplipeutiam

121 890 160 948 de
174 905 210 949 re
225 887 354 947 donanis
366 887 465 964 mapis
479 904 570 964 quom
585 886 625 945 de
638 885 742 945 uerbis
754 884 935 945 loborantis.

204 968 339 1030 Ceterum
351 978 544 1029 consonantes
557 985 690 1047 quoque,
708 985 863 1045 earumque
874 969 1031 1046 praecipue
1045 986 1129 1045 quae

120 1064 185 1114 sunt
206 1055 389 1132 asperiores,
412 1056 441 1112 in
463 1055 650 1114 commissura
669 1051 824 1111 verborum
840 1052 984 1127 rixantur,
1005 1059 1037 1110 ut
1059 1053 1128 1111 siS

120 1139 217 1199 ultima
239 1156 302 1198 oum
323 1136 351 1197 X
369 1138 500 1216 proxima
521 1136 676 1213 confligat:
697 1153 817 1214 quarum
839 1137 949 1196 tristior
969 1137 1074 1210 etiam,
1097 1138 1127 1194 si

78 1223 203 1282 38binae
219 1221 407 1298 collidantur,
423 1222 529 1281 stridor
543 1230 603 1296 est,
625 1229 656 1279 ut
671 1217 733 1280 Ars
746 1221 927 1281 modiorum.
970 1218 1053 1293 Quae
1069 1219 1129 1279 init

120 1324 207 1367 causa
228 1314 257 1365 et
277 1305 397 1380 Servio,
420 1305 543 1380 uldini,
564 1304 777 1365 subtrahendae
792 1305 813 1363 S
828 1303 960 1378 litterae,
984 1305 1127 1381 quotiens
1198 1322 1199 1329 ¹

119 1391 218 1451 ultima
240 1398 321 1448 esset
344 1389 457 1467 aliaque
482 1398 661 1449 consonante
681 1389 895 1465 susciperetur;
920 1388 998 1467 quod
1017 1406 1125 1466 repre·

119 1474 219 1535 hendit
232 1473 383 1549 Luranius,
399 1472 525 1534 Messala
540 1473 678 1533 defendit.
711 1472 783 1532 Nam
800 1490 896 1550 neque
909 1472 1047 1532 Lucilium
1069 1491 1125 1551 pu·

119 1566 179 1617 tant
202 1558 241 1616 nti
261 1557 362 1617 eadem
377 1558 492 1633 ultima,
516 1575 580 1617 oum
596 1556 665 1617 dicit
684 1554 871 1618 Aeserninus
889 1558 949 1636 fuit
962 1565 992 1616 et
1009 1554 1127 1635 dipsas

119 1644 262 1720 osopum
287 1650 316 1699 et
331 1638 437 1700 Cicero
458 1643 487 1701 in
503 1640 630 1701 Oratore·
646 1641 746 1718 plures
768 1641 950 1718 antiquorum
970 1640 1057 1700 tradit
1078 1643 1125 1700 sle

77 1726 245 1789 caloratos.
287 1723 357 1785 lnde
370 1727 569 1805 temperare,
584 1726 797 1802 pomeridiem,
812 1734 842 1783 et
852 1724 902 1783 illa
918 1723 1050 1784 Censorii
1066 1722 1123 1784 (ia-

120 1811 195 1869 tonis
208 1808 285 1871 Dice
299 1810 395 1885 donc,
411 1827 505 1889 aeque
519 1808 549 1868 lli
564 1809 661 1869 littera
675 1809 703 1866 in
724 1807 883 1868 Emollita.
926 1807 1008 1881 Quae
1026 1811 1055 1867 in
1071 1827 1123 1868 ve·

119 1892 229 1954 teribus
245 1892 325 1953 libris
340 1902 456 1973 reperta
472 1902 582 1953 mutare
598 1894 723 1971 imperiti
734 1893 846 1969 solent,
863 1900 893 1951 et
906 1892 972 1952 dum
987 1891 1122 1952 librario·

77 1989 179 2041 torum
201 1979 337 2037 inscctari
357 1979 458 2038 volunt
476 1979 668 2053 inscientiam,
700 1995 780 2038 suam
802 1977 984 2037 confitentur.
1031 1976 1122 2057 Atqui

119 2062 220 2122 eadem
241 2061 292 2121 illa
311 2062 423 2138 littera,
449 2064 582 2140 quotiens
597 2062 697 2122 ultima
711 2070 756 2120 est
777 2070 808 2121 et
820 2061 954 2122 vocalem
968 2061 1051 2121 verbi
1073 2080 1121 2120 se-

119 2146 232 2225 quentis
248 2148 287 2204 ita
303 2146 459 2222 contingit,
481 2155 512 2205 ut
532 2148 561 2205 in
578 2161 642 2206 eam
655 2146 779 2205 transire
793 2147 904 2224 possit,
920 2147 1033 2205 etiamsi
1048 2148 1120 2206 sori·

118 2229 210 2304 bitur,
228 2237 323 2288 tamen
338 2248 438 2307 pamm
451 2231 634 2309 exprimitur,
656 2238 687 2288 ut
704 2226 830 2291 diuitum
842 2230 894 2291 ille
915 2238 945 2289 et
967 2228 1120 2302 Quantum

119 2321 203 2381 erum
224 2313 299 2372 adeo
321 2322 352 2372 ut
366 2331 459 2391 paene
478 2313 625 2374 cuiusdam
645 2330 739 2373 novae
758 2313 872 2373 litterae
888 2330 990 2373 sonum
1006 2313 1117 2373 reddat.

118 2395 222 2476 Neque
245 2397 320 2456 enirn
341 2398 473 2457 eximitur
494 2397 548 2458 sed
562 2397 736 2458 obscuratur
757 2407 787 2457 et
802 2406 909 2457 tantum
926 2398 1022 2475 aliqua
1046 2400 1120 2457 inter

76 2480 188 2541 liduas
210 2480 331 2539 vocales
350 2480 430 2541 velut
454 2490 522 2541 nota
545 2490 607 2556 est,
632 2499 669 2541 ne
692 2483 775 2559 ipsae
801 2491 915 2541 coeant.
959 2480 1118 2542 Videndum

119 2566 219 2640 etiam,
238 2581 275 2622 ne
293 2563 425 2640 syllabae
439 2564 521 2624 verbi
537 2566 642 2643 prioris
660 2557 776 2625 ultimae
793 2567 849 2626 sint
870 2568 979 2645 primae
995 2583 1118 2643 sequen·

118 2649 164 2707 tis.
207 2647 239 2708 ld
254 2666 290 2707 ne
308 2649 371 2727 quis
386 2650 517 2727 praecipi
533 2651 668 2725 miretur,
686 2648 822 2709 Ciceroni
842 2652 871 2709 in
891 2650 1024 2729 epistolis
1040 2652 1117 2710 exci-

118 2733 173 2793 dit:
189 2732 253 2795 lies
264 2734 337 2793 utili
349 2734 467 2795 incisae
479 2734 565 2795 cisae
577 2741 662 2810 suot,
677 2731 781 2795 Brute.
826 2733 864 2794 Et
878 2735 906 2793 in
923 2735 1064 2794 carmine:

271 2815 495 2896 Osortuoutum
505 2826 611 2879 nutam
625 2837 672 2878 me
687 2815 815 2879 Cosssde
830 2818 966 2882 itanum.

77 2898 210 2960 labriam
221 2901 441 2978 monosyllaba,
455 2904 481 2961 si
496 2901 578 2980 plura
593 2910 679 2976 sunt,
689 2901 765 2962 male
781 2902 1035 2966 continuabuntur,
1052 2904 1116 2980 quia
1198 2949 1199 2974 ,

119 3001 243 3044 neeesse
270 2995 316 3045 est
338 2987 510 3065 compositio
531 2985 627 3045 multis
655 2984 793 3045 clausulis
820 2988 938 3047 concisa
964 2985 1113 3046 subsultet.
1198 2977 1199 3052 J

118 3065 247 3144 ldeoquo
269 3072 354 3129 etiam
371 3070 499 3129 brevium
515 3069 672 3129 verborum
693 3087 728 3128 ac
754 3072 897 3129 nominum
916 3071 1030 3130 vitanda
1049 3087 1114 3129 con-

118 3151 236 3210 tinuatio
249 3161 278 3211 et
293 3170 330 3212 ex
346 3154 462 3214 diverso
478 3163 594 3231 quoque
607 3153 777 3229 longorum,
793 3154 877 3215 allent
889 3155 963 3213 eninr
978 3154 1115 3232 quandum

119 3234 233 3294 dicendi
255 3236 424 3296 tarditatem.
469 3236 523 3298 llla
545 3254 661 3315 qaoque
677 3239 746 3297 vitia
763 3246 829 3297 sunt
850 3238 979 3298 eiusdem
994 3239 1069 3311 loci,
1090 3239 1113 3297 si

120 3319 251 3378 cadentia
263 3319 393 3378 similiter
404 3329 433 3380 et
448 3321 578 3381 similiter
594 3321 753 3381 desinentia
769 3322 915 3381 et‘eodem
929 3322 1015 3382 modo
1028 3322 1112 3382 decli·

77 3408 182 3465 adnata
203 3402 292 3464 multa
315 3404 474 3480 iunguntur.
519 3403 563 3464 Ne
584 3404 678 3464 verba
694 3405 809 3483 quidem
823 3406 921 3465 verbis
938 3415 989 3465 aut
1003 3407 1111 3466 nomina
