2434 3925
156 243 214 306 122
472 261 509 308 ιι.
521 259 600 308 run.
613 260 833 321 curnammru

152 410 359 495 quomodo?
350 432 379 474 ιιι
390 413 478 494 rebus
494 417 704 514 coniecturam,
722 416 799 492 quod
817 437 871 475 aaa
868 405 1032 518 ’cicinum
1046 426 1145 495 uocat,

152 509 182 560 et
197 499 380 576 qualitatem,
400 507 429 557 et
444 497 617 573 linitionem,
642 501 687 558 cui
702 515 806 557 nomen
821 499 868 559 dat
883 522 939 560 κατ
937 489 1094 578 ’devotam
1116 511 1146 562 et

151 584 187 644 ad
207 582 323 659 aliquid
359 580 441 642 Unde
463 583 563 642 stilla
585 582 688 641 divisio
712 590 773 657 est,
798 583 853 642 alia
875 601 942 644 esse
962 586 1071 662 scripta
1088 586 1145 645 alia

109 668 298 744 38inscripta.
336 662 441 726 Gelsus
458 663 612 725 Cornelius
634 666 706 725 duos
726 668 840 744 etipse
860 667 931 727 iecit
948 676 1038 727 status
1053 686 1143 744 gene·

150 751 247 825 rales,
274 767 309 809 an
333 747 391 809 sit?
420 752 505 829 quale
532 746 589 809 sit?
616 749 707 809 Priori
733 749 856 810 subiecit
877 751 1049 827 linitionem,
1077 756 1145 831 quia

150 852 244 912 aeque
264 842 434 911 quaeratur,
458 852 493 894 an
513 827 552 893 nt
572 834 749 911 sacrilegus,
773 836 820 911 qui
844 835 912 895 nihil
933 853 967 894 se
989 837 1143 896 sustulisse

149 919 186 980 de
203 918 311 996 templo
332 917 416 994 dicit,
442 919 536 996 etqui
555 919 694 1016 privatam
713 921 863 996 pecuniam
881 919 1034 979 confitetur
1048 930 1143 980 sustu·

149 1001 229 1062 lisse.
268 1000 469 1073 Qualitatem
460 1020 489 1061 ιιι
503 1020 564 1062 rem
583 1010 612 1060 et
629 1003 766 1079 scriptum
782 1002 892 1062 diuidit.
928 1004 1043 1081 Scripto
1061 1013 1143 1081 quat·

148 1094 214 1145 tuor
239 1094 337 1163 partes
360 1085 492 1162 legales,
520 1086 640 1146 exclusa
664 1086 868 1155 translatione;
902 1090 1087 1164 quantitatem
1114 1098 1144 1148 et

106 1170 250 1239 sumentis
272 1171 469 1246 quaestionem
491 1172 675 1229 coniecturae
698 1169 831 1229 subiecit.
868 1169 921 1229 Est
937 1173 1021 1230 etiam
1036 1172 1094 1231 alia
1114 1174 1143 1231 in

148 1257 221 1315 duos
243 1252 387 1312 dividendi
410 1262 499 1313 status
520 1255 611 1328 ratio,
635 1271 709 1331 quae
732 1253 834 1330 docet,
858 1263 906 1316 aut
926 1255 963 1314 de
984 1255 1143 1315 substantia

149 1338 376 1400 controversiam
389 1355 467 1413 esse,
484 1346 532 1397 aut
544 1338 581 1396 dc
597 1337 749 1414 qualitate;
766 1340 858 1415 ipsam
872 1356 961 1417 porro
977 1339 1144 1416 qualitatem

105 1432 196 1490 noant
215 1424 244 1482 in
265 1437 374 1481 summo
394 1438 505 1498 genere
527 1423 688 1481 consistere
710 1423 804 1481 autin
826 1421 1059 1482 succedentibus.
1095 1424 1143 1484 De

148 1506 305 1565 substantia
329 1512 375 1564 est
395 1507 570 1565 coniectura.
609 1505 750 1579 Quaestio
775 1508 848 1565 enim
871 1514 1009 1572 tractatur
1028 1508 1087 1582 rei,
1106 1526 1143 1568 au

147 1590 224 1649 facta
246 1586 303 1648 sit?
330 1605 367 1650 au
387 1586 455 1649 fiat?
482 1607 518 1650 an
543 1590 637 1648 lutura
664 1586 721 1648 sit?
748 1589 888 1650 interdum
915 1593 1000 1650 etiam
1020 1593 1142 1659 meutis;

147 1673 234 1750 idque
258 1673 378 1750 melius,
407 1690 490 1751 quam
512 1674 589 1751 quod
611 1675 647 1734 iis
670 1674 794 1752 placuit,
819 1675 867 1751 qui
892 1683 995 1734 statum
1018 1675 1142 1734 eundem

147 1757 216 1817 facti
231 1760 464 1834 nominaverunt,
484 1767 617 1836 tauquam
637 1756 674 1817 de
688 1759 846 1835 praeterito
864 1766 970 1817 tantum
990 1768 1019 1818 et
1033 1767 1142 1818 tautum

104 1852 137 1907 41
148 1840 184 1900 de
203 1841 281 1901 facto
304 1851 500 1919 quaereretur.
538 1841 607 1901 Pars
625 1838 788 1919 qualitatis,
812 1859 888 1920 quae
908 1851 954 1902 est
972 1843 1009 1903 de
1030 1860 1141 1903 summo

146 1944 266 2004 genere,
284 1942 350 1986 raro
366 1928 394 1986 in
410 1926 542 1987 iudicium
554 1929 642 2002 venit,
660 1925 746 2004 quale
762 1934 817 2001 est,
835 1927 908 1988 idne
921 1929 961 1988 sit
973 1928 1140 2004 honestum,

147 2013 230 2088 quod
249 2012 338 2088 culpo
359 2013 526 2080 laudatum·
553 2011 768 2071 succedentium
791 2018 886 2070 autem
906 2012 982 2071 aliae
1004 2011 1040 2071 de
1062 2028 1139 2071 com-

145 2097 220 2153 muni
237 2095 448 2173 appellatione,
471 2104 502 2154 ut
522 2097 600 2156 atne
621 2096 806 2172 sacrilegus,
829 2097 881 2172 qui
895 2097 1059 2173 pecuniam
1073 2098 1142 2174 pri·

144 2187 248 2240 uotum
269 2196 309 2240 ec
330 2179 439 2257 templo
457 2179 581 2257 furatus
602 2181 670 2240 est?
695 2187 743 2238 aut
763 2179 801 2238 de
820 2197 853 2238 re
874 2179 1068 2253 denominata,
1090 2179 1139 2239 ubi

147 2262 296 2321 etiactum
311 2278 378 2321 esse
395 2270 504 2322 certum
520 2271 635 2322 estnec
654 2262 812 2338 dubitatur,
837 2262 904 2341 quid
924 2265 977 2339 sit,
1000 2264 1077 2342 quod
1097 2263 1138 2322 la·

147 2352 223 2405 ctum
238 2353 292 2404 est.
328 2342 380 2405 Gui
397 2344 546 2406 subiacent
563 2364 662 2406 omnes
678 2348 715 2407 de
729 2347 875 2422 honestis,
898 2347 996 2422 iustis,
1020 2346 1138 2407 utilibus

103 2429 343 2506 &quaestiones
381 2429 432 2489 llis
448 2432 533 2490 etiam
548 2433 639 2491 ceteri
654 2426 745 2490 status
761 2432 901 2490 contineri
915 2431 1056 2506 dicuutur,
1072 2433 1138 2509 quia

147 2520 176 2572 et
191 2514 332 2589 quantitas
348 2514 434 2574 modo
451 2515 487 2574 ad
501 2517 696 2574 coniecturam
711 2514 868 2590 referatur,
890 2523 921 2574 ut
935 2513 1075 2577 Maioma
1091 2516 1141 2575 sol

146 2612 236 2675 quom
251 2599 358 2658 terro?
376 2598 461 2658 modo
477 2597 511 2657 ad
526 2599 700 2676 qualitatem,
718 2597 840 2672 Quanto
851 2617 952 2677 poeno
966 2599 1139 2677 quempiam

146 2688 295 2759 quantove
312 2684 450 2759 proemio
468 2685 508 2744 sil
527 2683 614 2761 offici
632 2684 768 2745 iustum?
791 2692 820 2742 et
836 2682 985 2743 translatio
1003 2691 1139 2741 versetur

104 2766 224 2831 43circa
241 2765 424 2843 qualitatem,
447 2775 477 2825 et
498 2765 625 2826 delinitio
647 2784 715 2846 pars
736 2768 774 2826 sit
794 2767 1001 2834 translationis;
1023 2768 1090 2844 quin
1107 2775 1140 2825 et

144 2851 308 2911 contrariae
325 2850 408 2927 leges
429 2859 459 2909 et
474 2852 689 2910 ratiocinativus
703 2859 809 2926 status,
829 2850 858 2911 id
878 2860 923 2910 est
937 2851 1137 2927 syllogismos,

148 2941 177 2991 et
192 2933 361 3013 plerumque
375 2936 526 3023 scripti
490 2944 519 2994 et
533 2935 688 2995 voluntatis
709 2951 802 3034 aequo
819 2938 955 3002 nitentum
974 2934 1043 3011 (nisi
1058 2932 1138 3011 quod

145 3015 193 3075 hic
208 3019 309 3077 tertius
325 3018 477 3096 aliquando
494 3000 689 3079 coniecturam
701 3020 823 3096 accipit,
840 3018 908 3097 quid
922 3019 1045 3078 senserit
1059 3017 1137 3094 legis

147 3102 338 3182 constitutor)
369 3103 581 3202 ambiguitatem
606 3119 679 3162 vero
706 3122 823 3181 semper
851 3104 1017 3162 coniectura
1042 3101 1136 3179 expli·

147 3185 207 3244 cari
221 3198 345 3244 necesse
361 3188 414 3261 sit,
434 3188 516 3265 quia,
535 3205 598 3246 curu
615 3189 652 3246 sit
665 3186 861 3261 manifestum,
883 3185 1038 3246 uerborum
1051 3184 1135 3245 intel·

144 3266 252 3328 lectum
267 3286 335 3327 esse
350 3268 509 3347 duplicem,
530 3270 567 3330 de
583 3270 648 3330 sola
665 3273 811 3348 quaeritur
826 3271 984 3331 voluntate.

103 3358 139 3413 44
202 3351 399 3430 ΑρΙιιιίιιιίι
417 3362 492 3414 tres
514 3363 579 3413 sunt
592 3355 662 3414 lacti
677 3354 832 3431 generales
855 3364 963 3454 status,
986 3352 1089 3432 quibus
1106 3360 1136 3412 et

117 3418 295 3496 cicerum
311 3434 434 3496 Oratore
451 3439 554 3513 utitur,
575 3448 605 3497 et
626 3441 734 3515 omnia,
757 3456 831 3516 quae
851 3441 945 3499 autin
966 3447 1135 3499 controver-

146 3520 217 3582 siam
236 3529 285 3582 aut
304 3522 333 3582 iu
350 3523 563 3583 contentionem
579 3525 711 3603 veniant,
734 3525 875 3585 contineri
890 3532 987 3605 putat,
998 3517 1134 3584 Sitne?
