2434 3925
337 179 426 227 man.
440 175 799 244 commonuerunt.
1024 166 1062 227 71

47 354 153 414 nem,
176 345 205 396 et
227 344 326 395 cetera
342 332 517 402 huiuamodi;
540 350 594 410 per
616 350 715 392 omnes
731 333 805 392 enim
827 332 941 409 liguros
948 334 1065 394 tractari

48 430 179 502 potest.
218 418 292 479 litut
314 417 441 477 notabile
463 434 501 476 ex
524 415 673 479 diversis:
687 414 771 477 Mars
790 419 903 478 misero
925 437 985 479 ooo
1007 426 1063 495 ert,

49 507 177 567 aditae
190 503 235 564 od
252 510 375 563 mortem
390 510 435 562 est
448 502 548 561 mirer.
583 500 629 558 Ac
650 509 749 560 rectae
765 499 879 578 quidem
896 510 960 560 sunt
975 502 1063 562 talea·
1076 514 1093 567 6

113 587 191 649 Tam
206 587 291 647 deest
304 603 413 661 ooaro,
428 587 511 661 qood
526 584 733 660 aetermam
755 583 838 661 qood
846 603 906 645 aaa
921 586 1020 647 tabet

53 672 129 734 Sed
146 671 284 731 maiorem
299 670 356 728 vim
371 669 514 746 accipiunt
533 676 562 727 et
576 668 732 727 mutatione
748 668 874 745 figurae,
891 676 921 727 ut

256 751 357 831 Usque
371 753 489 814 adeone
506 753 584 813 mori
597 753 742 813 miseram
762 754 828 813 eat?
842 786 884 797 —

55 840 167 902 aerina
191 837 248 897 hoc
269 838 344 896 enim
365 852 449 913 quam
468 852 522 913 per
544 852 593 911 so,
622 833 708 897 More
730 836 844 897 mirera
863 855 923 898 ooo
944 847 1008 906 eet,·
1036 848 1064 914 et

55 922 258 985 translatione
273 938 290 980 a
309 918 449 979 communi
469 918 504 978 ad
522 919 678 998 propriam.
713 919 795 996 Nam,
813 922 1063 997 caesareorum,

56 1005 192 1069 Nocere
215 1005 309 1084 facile
334 1011 395 1078 ert,
416 1004 566 1082 prodesse
595 1003 739 1080 difficile:
767 1004 963 1064 vehementius
989 1006 1064 1084 apud

61 1089 205 1150 Ovidium
221 1088 323 1148 Medea
340 1087 419 1162 dicit,

197 1171 334 1234 Sercore
345 1172 450 1250 potam·
466 1173 603 1251 perdere
617 1188 659 1232 ao
673 1173 802 1249 poesim,
825 1174 940 1252 ropac?

59 1258 167 1319 Vertit
182 1257 217 1317 ad
239 1270 393 1335 personam
408 1253 531 1315 Cicero:
555 1253 640 1316 Ntttt
656 1256 763 1333 habet,
781 1252 909 1332 Caesar,
928 1275 985 1318 ceo
997 1257 1091 1336 for-7

62 1352 148 1405 tarra
162 1350 216 1401 toa
231 1342 339 1415 maior,
355 1355 447 1417 qoam
459 1347 492 1400 ct
504 1341 625 1418 poenior
640 1358 699 1400 occ
712 1348 825 1402 actara
840 1342 1064 1419 melios‚'qaam

61 1434 103 1489 ut
125 1426 202 1486 celis
220 1442 348 1485 serrare
368 1425 635 1501 quamplurimos.
679 1422 736 1498 lta,
758 1441 833 1501 quae
856 1433 938 1484 erant
956 1442 1061 1501 rerum,

62 1509 190 1589 propria
206 1508 275 1567 iecit
292 1506 423 1566 hominis
461 1505 494 1565 ln
515 1506 572 1566 hoo
593 1524 703 1583 genere
725 1508 942 1568 custodiendum
964 1518 1009 1569 est
1033 1518 1063 1569 et

63 1593 114 1668 id,
138 1592 215 1670 quot
230 1592 355 1669 ubique,
375 1607 412 1649 ne
428 1589 549 1649 crebrae
564 1591 635 1666 sint,
662 1607 699 1649 ne
719 1591 813 1669 palam
834 1591 937 1690 falsae,
960 1592 1062 1673 quales
1160 1629 1165 1636 ·

64 1677 241 1754 frequenter
261 1674 336 1736 ab'
318 1693 352 1733 ns
372 1674 517 1749 dicuntur,
541 1675 589 1751 qui
611 1672 684 1733 haec
704 1666 852 1736 καθολικὰ
872 1686 993 1751 vocant,
1021 1686 1060 1754 et,

66 1759 208 1840 quidquid
228 1776 282 1838 pro
305 1776 392 1819 cauea
412 1757 540 1832 videtur,
561 1759 643 1837 quasi
665 1757 849 1818 indubitatum
865 1762 1061 1858 pronuntiant:

67 1853 101 1904 et
122 1861 158 1903 ne
178 1844 284 1922 passim
305 1850 335 1902 et
351 1860 367 1903 a
382 1858 554 1920 quocunque
572 1841 712 1900 dicantur.
751 1840 843 1919 Magis
863 1844 937 1901 enirn
958 1843 1090 1907 decent8

68 1944 144 2004 eos,
164 1928 192 1987 in
207 1925 310 2006 quibas
324 1934 370 1987 est
385 1926 557 2002 auctoritas,
578 1933 609 1985 ut
631 1926 674 1986 rei
697 1925 808 2004 pondua
831 1926 914 1985 etiam
936 1944 1062 2005 persona

68 2011 229 2073 confirmet.
267 2009 338 2084 Quis
359 2012 434 2070 enim
455 2011 529 2071 ierat
545 2028 664 2088 puerum
688 2020 736 2070 aut
755 2010 1000 2071 adolescentulum
1015 2021 1063 2071 aut

69 2097 158 2157 etiam
173 2095 340 2173 ignobilem,
361 2096 388 2154 ei
401 2095 508 2154 iudicet
526 2095 555 2153 in
571 2094 693 2154 dicendo
710 2103 739 2155 et
754 2094 962 2174 quodammodo
978 2112 1060 2174 prae-

70 2180 99 2240 οἱ
120 2176 182 2240 iat?

99 2198 119 2259 p
154 2260 391 2338 Enthymema
412 2279 528 2340 quoque
544 2269 589 2321 est
604 2277 702 2338 omne,
726 2262 803 2340 qnod
817 2272 912 2324 mente
928 2262 1089 2342 concepi-9

68 2365 148 2415 mum
163 2349 281 2426 proprie
297 2354 390 2407 tamen
405 2344 524 2421 dicitur,.
534 2363 608 2423 quae
624 2355 669 2405 eot
683 2348 825 2407 sententia
846 2366 884 2407 ex
899 2349 1061 2423 contrariis,

70 2438 228 2510 propterea
250 2430 327 2507 qnod
350 2429 475 2490 eminere
498 2431 572 2489 inter
592 2440 706 2490 ceterae
727 2431 857 2507 videtur,
877 2440 908 2491 nt
921 2430 1061 2491 Homerus

73 2522 176 2592 poeta,
198 2513 266 2573 arbo
281 2512 381 2572 Roma.
426 2513 473 2573 De
493 2512 549 2573 hoc
568 2514 597 2572 in
612 2515 786 2591 argumentis
802 2517 871 2575 eatis
887 2515 990 2576 dictum
1006 2524 1059 2574 est.

72 2596 137 2657 Non
150 2615 266 2676 semper
282 2606 376 2657 autem
397 2597 432 2657 ad
451 2596 651 2676 probationem
672 2598 822 2658 adhibetur
843 2598 896 2658 ned
910 2598 1103 2676 aliquandolo

74 2682 269 2742 adornatum:
287 2678 421 2754 Qoorom
440 2683 534 2760 ipitor
554 2684 739 2760 impunitos,
757 2679 891 2759 Coeaor,
912 2692 983 2744 tooe
1000 2683 1061 2743 cie·

73 2767 200 2827 marotiae
214 2767 284 2826 lacn
298 2772 352 2840 eat,
372 2784 476 2827 eorum
490 2773 519 2826 te
532 2766 669 2844 ipsoram
690 2766 734 2827 od
748 2768 957 2828 crudelitatem
971 2772 1062 2826 occet

73 2850 190 2910 oratio?
215 2848 280 2908 Non
295 2850 361 2926 quia
375 2850 413 2907 ait
427 2851 500 2908 ratio
517 2848 678 2925 dissimilis,
700 2849 753 2910 sed
774 2851 840 2928 quia
856 2851 910 2908 iam
925 2847 1059 2926 perolio,

73 2940 104 2991 nt
116 2932 142 2991 id
157 2934 289 2992 iniustum
303 2942 467 3011 appareret,
485 2931 619 2992 effectum
635 2941 706 2993 erat.
736 2931 774 2992 lit
785 2932 879 2992 addita
892 2933 921 2991 in
932 2931 1097 2995 clausalall

74 3025 118 3076 est
143 3014 369 3094 epiphonematis
393 3015 479 3076 modo
505 3032 562 3074 non
586 3024 643 3076 tam
667 3016 799 3095 probatio
824 3032 909 3093 qnam
934 3023 1060 3075 extrema

74 3102 152 3177 qnasi
172 3099 326 3160 insultatio.
361 3098 415 3160 Est
431 3101 506 3160 enim
522 3100 712 3180 epiphonema
727 3101 770 3159 rei
785 3107 916 3160 narratae
929 3098 978 3160 vel
991 3116 1058 3178 pro-

74 3181 155 3243 batae
169 3202 276 3244 summa
295 3184 477 3244 acclamatio:

179 3265 296 3329 Tantae
309 3269 394 3329 motio
407 3276 477 3329 erot
490 3266 661 3329 Romanam
677 3266 810 3328 condere
822 3268 959 3345 pectem!

77 3346 191 3413 Facere
213 3352 292 3412 enim
304 3352 421 3429 probor
438 3352 617 3413 adolescere
635 3350 808 3429 periculose
830 3366 921 3429 qoam
940 3351 1062 3448 perpeti

78 3436 203 3512 turpiter
216 3435 330 3496 maluit.
371 3432 424 3494 aa
440 3444 485 3511 et,
507 3434 584 3513 quod
608 3433 770 3513 appellatur
791 3451 808 3495 a
826 3437 908 3495 novis
924 3428 1059 3511 νόημα,
1067 3442 1101 3496 ta
