2434 3925
304 219 395 269 unsa.
409 219 638 268 baudolenus.
651 218 743 287 x1‚s.
770 266 773 271 ,
966 206 1027 268 203

3 385 109 441 scunt
121 384 152 437 et
163 373 320 454 quamlibet
331 374 422 453 longo
436 375 539 434 itinere
550 374 673 435 deducta
684 375 719 435 ad
731 384 863 436 assuetas
874 375 929 435 sibi
941 377 1029 436 sedes

3 470 217 525 revertuntur.
253 455 348 532 Quid?
376 476 434 518 non
458 458 532 518 baec
550 459 688 518 uarietas
709 461 779 519 mira
800 470 862 535 est,
891 461 1029 520 excidere

3 546 175 628 proxima,
201 552 303 603 vetera
330 539 506 603 inhaerere?
537 541 737 602 hesternorum
760 546 943 603 immemores
966 554 1029 604 acta

3 630 171 712 pueritiae
186 623 358 688 recordari?
391 623 485 699 Quid?
512 626 589 705 quod
613 626 753 704 quaedam
771 629 910 704 requisita
931 645 964 686 se
980 633 1056 689 ool

3 713 136 776 cultant
152 720 182 772 et
197 711 300 771 eadem
315 710 390 770 forte
406 707 595 769 succurrunt?
611 728 666 770 nec
680 720 775 770 manet
791 727 908 788 semper
922 728 1029 771 memo·

3 801 65 860 ria
86 794 311 875 sed'aliquando
330 795 416 854 etiam
432 790 526 853 redit?
557 792 726 854 Nesciretur
740 804 851 869 tamen,
868 794 1031 873 quantavis

4 890 108 943 esset
123 881 203 955 eius,
225 887 329 958 quanta
345 878 477 938 divinitas
492 877 558 953 illa,
580 879 634 937 nisi
651 877 708 937 boe
723 878 817 937 lumen
832 878 932 938 orandi
950 887 1030 937 extu·

4 968 121 1028 iisset.
153 962 219 1023 Non
240 964 314 1022 enim
333 968 433 1022 rerum
450 962 537 1021 modo
557 962 610 1021 sed
633 963 718 1022 etiam
732 960 887 1022 verborum
903 962 1060 1022 ordinem&

9 1056 170 1131 praestat,
186 1065 243 1106 nec
258 1065 294 1106 ea
310 1063 402 1125 pauca
417 1047 546 1104 contexit
561 1045 614 1105 sed
631 1046 714 1106 durat
728 1047 867 1123 propein
884 1046 1030 1119 inlinitum,

9 1143 50 1195 et
67 1134 98 1191 in
109 1131 285 1208 longissimis
300 1130 460 1190 actionibus
475 1131 554 1208 prius
566 1129 701 1189 audiendi
719 1131 854 1208 patientia
870 1147 952 1207 quam
970 1146 1029 1187 me·

11 1217 138 1278 moriae
151 1215 224 1275 lides
237 1214 344 1275 delicit.
372 1212 457 1286 Quod
473 1222 503 1273 st
517 1215 611 1291 ipsum
626 1222 822 1289 argumentum
836 1223 891 1288 est,
909 1212 1030 1272 subesse
1043 1220 1060 1274 9

13 1311 121 1362 artem
143 1298 433 1377 aliquamiuvarique
456 1298 568 1357 ratione
590 1306 733 1357 naturam:
756 1314 819 1356 cum
846 1296 933 1356 iidem
954 1296 1031 1356 docti

12 1387 130 1446 iacere
143 1382 223 1457 illud,
239 1382 346 1441 indocti
358 1382 597 1459 inexercitatique
613 1397 670 1440 non
685 1382 837 1459 possimus.
865 1378 1032 1458 Quanquam

14 1467 146 1529 invenio
169 1466 244 1545 apud
259 1464 423 1540 Platonem,
449 1463 566 1524 obstare
591 1466 748 1524 memoriae
763 1482 843 1524 usum
859 1464 1031 1528 litterarum;

17 1550 170 1613 videlicet
185 1550 317 1627 quoniam
333 1549 393 1624 illa,
409 1565 483 1627 quae
500 1549 616 1627 scriptis
631 1550 823 1626 reposuimus,
839 1547 918 1607 velut
935 1556 1030 1607 custo·

19 1637 93 1697 dire
109 1633 266 1693 desinimus
281 1641 310 1693 et
323 1634 387 1711 ipsa
403 1632 557 1692 securitate
573 1631 745 1691 dimittimus.
772 1631 835 1691 Nec
851 1630 964 1690 dubium
977 1638 1031 1704 est,
1041 1641 1074 1693 10

21 1720 100 1799 quin
123 1717 273 1795 plurimum
296 1718 325 1776 in
346 1717 401 1776 bae
421 1724 505 1793 parte
526 1715 624 1775 valeat
643 1717 746 1775 mentis
768 1716 887 1775 intentio
910 1724 939 1774 et
952 1713 1032 1772 velut

21 1804 111 1863 acies
128 1801 261 1861 luminum
276 1817 293 1859 a
308 1810 466 1879 prospectu
482 1817 588 1874 rerum,
608 1817 680 1877 quas
693 1801 828 1873 intuetur,
844 1814 900 1856 non
917 1814 1030 1856 aversa.

22 1887 115 1947 Unde
139 1885 258 1958 accidit,
281 1893 311 1943 ut
333 1902 407 1963 quae
431 1883 603 1961 perplures
625 1883 688 1943 dies
710 1883 860 1944 scribimus
882 1879 1031 1964 ediscendi

23 1987 131 2044 causa,
150 1971 287 2048 cogitatio
304 1970 367 2046 ipsa
385 1970 540 2028 contineat.

119 2052 248 2112 Artem
274 2062 367 2112 autem
389 2053 588 2112 memoriae
609 2052 717 2129 primus
744 2051 907 2111 ostendisse
930 2049 1072 2110 diciturll

24 2135 207 2200 Simonides.
244 2133 332 2195 Cuius
351 2135 467 2213 vulgata
489 2135 586 2196 fabula
611 2144 670 2195 est:
698 2153 761 2194 curn
780 2135 869 2213 pugili
894 2139 1031 2193 coronato

26 2238 160 2295 carmen,
177 2220 262 2299 quale
279 2219 413 2297 componi
426 2219 585 2279 victoribus
601 2219 688 2292 solet,
706 2219 843 2278 mercede
860 2227 944 2296 pacta
962 2216 1031 2277 sori·

28 2307 158 2386 psisset,
181 2304 351 2380 abnegatam
375 2304 402 2362 ei
416 2304 558 2380 pecuniae
583 2312 710 2381 partem,
737 2302 814 2380 quod
836 2319 917 2362 more
938 2300 1033 2378 poetis

29 2389 268 2467 frequentissimo
284 2388 433 2463 digressus
447 2388 476 2445 in
494 2386 595 2446 laudes
613 2384 742 2445 Castoris
763 2404 798 2447 ac
811 2385 938 2445 Pollucis
953 2384 1033 2443 exie·

19 2482 89 2534 rat.
127 2470 312 2551 Quapropter
332 2479 444 2550 partem
465 2469 502 2530 ab
522 2471 557 2529 iis
578 2477 698 2549 petere,
721 2487 841 2548 quorum
861 2469 938 2528 iacta
955 2467 1033 2527 eele-

33 2558 165 2636 brasset,
186 2555 349 2616 iubebatur.
381 2554 419 2613 Et
434 2547 654 2632 persolverunt,
677 2562 707 2613 ut
726 2553 857 2614 traditum
880 2561 934 2612 est.
964 2549 1075 2611 Namlb

36 2657 102 2701 cum
122 2649 202 2699 esset
222 2639 332 2716 grande
353 2639 513 2699 convivium
532 2639 560 2697 in
581 2637 722 2696 bonorem
742 2638 871 2698 eiusdem
894 2636 1033 2695 victoriae

37 2732 123 2800 atque
148 2723 292 2783 adbibitus
316 2723 343 2782 ei
372 2739 483 2782 coenae
510 2720 688 2782 Simonides:
718 2725 815 2781 nuntio
841 2728 887 2780 est
912 2719 1034 2789 excitos,

39 2806 115 2885 quod
133 2823 198 2867 eum
217 2806 274 2866 duo
295 2808 416 2865 iuvenes
438 2807 521 2884 equis
542 2806 656 2868 advecti
671 2805 838 2866 desiderare
855 2804 992 2862 maiorem
1006 2800 1035 2857 in

38 2889 151 2949 modum
166 2890 343 2950 dicebantur.
370 2889 406 2949 Et
421 2876 489 2948 illos
503 2889 617 2967 quidem
633 2907 690 2948 non
704 2890 822 2962 invenit,
838 2887 926 2946 luisse
941 2893 1036 2943 tamen
1127 2888 1130 2894 ’

40 2982 138 3051 gratos
156 2991 226 3049 erga
242 2992 275 3033 se
291 2974 363 3033 deos
379 2975 458 3033 exitu
476 2974 626 3051 comperit.
657 2971 729 3032 Nam
743 2972 791 3031 vix
805 2987 842 3029 eo
860 2969 933 3028 ultra
949 2969 1078 3029 timeare

41 3074 173 3134 egresso,
188 3058 340 3116 triclinium
354 3057 423 3118 illud
439 3074 525 3135 supra
543 3058 680 3116 sondrae
697 3057 805 3116 corruit
820 3057 906 3131 atque
916 3053 956 3112 ita
968 3068 1035 3111 con·

41 3140 120 3214 ludit,
136 3149 166 3199 ut
180 3157 237 3199 non
251 3158 302 3201 ora
316 3141 401 3201 modo
418 3158 626 3220 oppressorum
642 3140 693 3199 sed
708 3137 834 3198 membra
848 3137 930 3196 etiarn
943 3136 1037 3195 omnia

41 3225 221 3302 requirentes
238 3223 465 3301 adsepulturam
484 3225 639 3303 propinqui
659 3223 735 3281 nulla
757 3231 824 3281 nota
844 3230 964 3299 possent
979 3220 1035 3280 dis·

43 3309 173 3369 cernere.
201 3306 272 3366 Tum
290 3308 451 3368 Simonides
466 3309 569 3368 dieitur
582 3324 693 3366 memor
708 3307 820 3381 ordine,
838 3321 895 3383 quo
914 3306 1036 3382 quisque

44 3390 235 3466 discubuerat,
253 3406 378 3468 corpora
393 3393 451 3451 suis
466 3391 639 3452 reddidisse.
666 3389 719 3449 Est
736 3399 830 3450 autem
846 3406 948 3465 magna
965 3389 1038 3470 inter
1046 3392 1079 3447 14

45 3484 176 3537 austeres
198 3475 360 3552 dissensio,
381 3474 527 3536 Glaucone
551 3473 684 3551 Carystio
707 3491 742 3535 an
757 3473 890 3534 Leocrati
907 3489 942 3532 aa
959 3471 1035 3546 Aga·
