2434 3925
341 216 430 266 tuor.
446 217 594 267 neuros.
610 216 785 286 ure.1x,3.
1000 207 1058 271 117

63 381 98 432 et
118 371 266 450 deinceps.
295 369 350 431 Illa
369 387 441 431 vero
460 371 536 450 apud
552 368 723 432 Ciceronem
740 376 809 434 mira
825 374 977 451 figurarum
990 379 1102 441 mix-40
1130 416 1136 443 ,

62 466 131 515 ture
146 454 384 533 deprehenditur,
409 456 437 513 in
453 472 508 531 qua
528 464 557 514 et
576 458 667 534 primo
683 456 773 516 verbo
790 457 878 534 longo
894 469 962 538 post
975 464 1060 519 inter·

62 537 145 600 vallo
160 539 301 599 redditum
316 547 361 597 est
377 539 519 614 ultimum,
541 548 570 598 et
585 540 678 599 media
692 540 789 618 primis
806 548 834 600 et
849 544 948 603 modiis
963 544 1060 604 ultima

64 631 243 699 congruunt:
271 620 410 685 Vestrum
433 624 496 684 ium
517 622 566 683 bio
589 624 705 701 [aetum
726 625 978 703 deprehenditur,
1000 626 1060 689 Po·

62 715 131 769 tres
148 707 328 784 conscripti,
346 726 406 768 non
421 724 535 775 meum·
556 725 596 767 oo
616 709 851 784 pnieierrimom
871 713 992 787 quidem
1011 713 1061 789 fo«

65 799 164 867 dom,
184 809 305 867 oerum,
326 798 359 850 ut
379 791 462 866 diet,
482 809 542 852 noo
559 809 656 852 meum
670 793 726 852 sed
743 799 884 853 oestrum.
910 793 990 854 Hane
1005 795 1103 860 ire-41

66 876 248 953 quentiorem
261 875 462 951 repetitionem
475 866 590 952 πλοκὴν
605 883 727 948 vocant,
750 893 824 952 quae
840 876 870 935 ut
886 895 923 936 ex
937 879 1061 956 permix-

64 960 106 1018 tis
121 958 236 1035 figuris,
254 966 385 1036 utsupra
400 957 474 1031 dixi,
494 967 583 1036 utque
598 977 631 1017 se
646 958 732 1019 babet
745 960 869 1035 epistola
886 961 921 1020 ad
936 962 1061 1036 Brutum,

65 1038 136 1119 Epo
147 1060 215 1102 oeni
224 1043 256 1101 in
265 1044 398 1120 pretinm
413 1042 559 1103 redierim
569 1061 638 1103 etim
650 1041 748 1120 Appio
761 1040 905 1120 Claudio,
923 1054 951 1107 et
961 1047 1063 1106 redie-

65 1128 129 1186 rim
146 1143 205 1203 per
222 1123 276 1185 Cn.
293 1123 478 1204 Pompeium,
502 1135 600 1204 stepo
618 1145 691 1205 erpo
706 1145 775 1187 cum
786 1128 938 1188 redierim.
981 1128 1018 1188 Et
1037 1129 1105 1193 inm

66 1210 170 1270 iisdem
179 1211 327 1268 sententiis
340 1200 534 1270 crebrioribus
545 1220 652 1270 mutata
663 1210 901 1271 declinationibus
913 1215 1064 1276 iteratione

67 1293 240 1353 verborum:
263 1302 293 1353 ut
308 1294 384 1373 apud
402 1294 540 1369 bernium,

479 1411 522 1425 -
539 1375 639 1457 Usque
653 1378 770 1441 adeone

132 1457 223 1522 Scire
239 1467 324 1521 teum
336 1461 411 1522 oiiiii
429 1469 484 1537 esi,
504 1464 565 1522 uisi
584 1471 613 1523 te
632 1464 713 1523 seire
729 1463 787 1524 ime
805 1464 885 1523 seioi
905 1464 1004 1523 aiter?

70 1541 110 1604 Et
132 1545 207 1621 apud
232 1542 417 1605 Ciceronem:
446 1544 552 1624 Neque
575 1548 654 1606 enim
677 1553 818 1623 poterant
843 1546 959 1607 iudicio
987 1553 1017 1607 ei
1036 1546 1067 1607 tu·

71 1629 231 1704 damnari,
253 1630 305 1707 qui
324 1630 514 1692 iudicabant.
557 1629 616 1688 Sed
631 1647 733 1688 sensus
748 1646 863 1708 quoque
881 1632 950 1703 toti,
968 1634 1108 1707 quem-43

71 1711 221 1773 admodum
239 1720 414 1789 coeperunt,
432 1712 579 1772 desinunt:
603 1711 690 1774 Venit
706 1731 747 1773 eo
765 1709 849 1774 Asia.
890 1711 954 1774 Hoe
967 1716 1067 1790 ipsum

71 1814 164 1876 quom
186 1797 315 1857 meum?
333 1833 336 1837 .
351 1794 501 1858 Tribunus
514 1797 705 1875 plebiseeeit
726 1814 765 1856 eir
779 1793 864 1856 Asia.
907 1794 941 1855 lu
964 1796 1066 1855 eadem

71 1889 166 1941 tamen
192 1879 313 1958 periodo
338 1887 367 1940 et
391 1879 510 1940 verbum
533 1881 660 1940 ultimum
679 1880 771 1958 primo
791 1880 932 1953 refertur,
953 1880 1068 1938 tertium
1149 1953 1152 1959 .

71 1966 170 2025 iamin
185 1980 335 2038 sermone,
353 1965 495 2025 adiectum
512 1973 557 2023 est
572 1967 660 2024 enim:
683 1961 892 2026 Vesontionem
905 1966 994 2024 osuit.
1022 1961 1066 2022 lu·

72 2048 157 2108 terim
171 2049 311 2106 sententia
327 2049 430 2108 eodem
440 2050 580 2125 repetitur
590 2047 744 2108 verborum
756 2048 872 2107 ordine:
889 2044 970 2119 Quid
984 2044 1067 2108 Cieo-

72 2149 175 2192 meoes
190 2132 297 2210 (neem
312 2133 429 2209 potuit?
465 2129 534 2193 Non
554 2135 632 2194 enim
652 2149 775 2209 possem
790 2148 969 2210 quenquam
991 2131 1068 2190 insi·

73 2215 193 2277 nidore
212 2216 301 2293 [uiso
345 2213 442 2291 Quid,
466 2217 606 2295 inquom,
631 2214 803 2277 Cleomenes
825 2215 932 2293 faeere
951 2213 1068 2291 potuit?

72 2298 181 2359 Prioris
197 2300 357 2359 sententiae
371 2298 489 2359 uerbum
506 2300 633 2359 ultimum
654 2317 688 2359 ae
708 2300 856 2376 sequentis
871 2300 990 2375 primurn
1010 2296 1066 2356 ire·
1076 2304 1111 2359 44

74 2391 197 2462 quenter
205 2391 251 2442 est
257 2383 342 2459 idem,
349 2400 406 2460 quo
414 2383 527 2461 quidem
539 2384 687 2444 sohernate
697 2391 925 2460 utunturpoetae
936 2382 1067 2460 saepius:

157 2462 315 2543 Pierides,
334 2485 389 2529 eos
402 2468 480 2530 baec
497 2468 620 2546 (acidis
640 2468 774 2527 mmmn
795 2465 891 2541 Goiio,

158 2548 270 2634 dailo,
283 2551 370 2611 euius
389 2569 476 2612 amor
489 2558 605 2612 tantum
621 2552 694 2612 mibi
712 2552 823 2612 erescit
836 2552 867 2610 iu
886 2550 987 2609 torus.

75 2631 136 2693 Sed
148 2651 185 2693 ue
200 2642 332 2694 oratores
348 2635 462 2712 quidem
477 2652 557 2695 raro:
577 2634 636 2696 Hie
652 2644 752 2696 tomen
765 2636 856 2702 diuiti
870 2633 965 2693 oioit?
982 2631 1071 2691 imam

72 2734 148 2780 vero
169 2719 259 2779 eiiam
278 2721 310 2779 io
330 2724 466 2779 senatum
484 2722 573 2780 uenit.
614 2718 795 2797 Aliquando,
812 2719 885 2777 sieut
900 2717 929 2774 in
946 2714 1112 2790 gemina-45

74 2801 156 2861 tione
174 2800 329 2861 verborum
348 2801 485 2878 diximus,
508 2804 586 2862 initia
608 2820 724 2879 quoque
742 2811 771 2861 et
789 2797 935 2860 clausulae
956 2804 1070 2855 senten-

74 2884 177 2943 tiarum
197 2884 261 2944 aliis
283 2884 336 2944 sed
357 2902 414 2944 non
434 2885 491 2944 alio
513 2885 696 2946 tendentibus
709 2883 808 2945 ierbis
824 2885 899 2942 inter
913 2898 946 2939 se
966 2894 1071 2938 eonsu-

73 2975 154 3028 nant.
195 2966 276 3028 luitis
290 2968 347 3029 boe
361 2969 462 3031 modo:
479 2968 661 3031 Dediderim
677 2969 825 3047 perieulis
842 2965 993 3038 omnibus,
1014 2963 1071 3024 ob·

73 3053 196 3113 mrim
219 3053 355 3129 insidiis,
385 3054 547 3114 obiecerim
569 3055 716 3115 invidiae.
771 3050 880 3109 Rursus
906 3046 1071 3107 clausulae:

74 3135 183 3196 ibidem
199 3138 310 3211 statim,
334 3136 394 3199 Vos
408 3139 486 3198 enim
502 3139 666 3212 statuistis,
680 3134 926 3198 possedendum
939 3131 1073 3205 dixistis,

74 3236 132 3280 eos
143 3219 313 3281 iudicastis.
356 3220 419 3281 Hoo
439 3221 488 3281 alii
503 3220 707 3298 συνὼνυμίαν,
725 3217 773 3277 alii
789 3218 1005 3277 disiunctionem
1020 3229 1071 3272 vo·

77 3309 159 3371 oaut;
181 3311 348 3381 utrumque,
367 3306 477 3364 etiarnsi
491 3313 536 3363 est
551 3304 711 3379 diversum,
727 3310 823 3369 reete3
845 3318 908 3359 uam
925 3306 969 3358 est
983 3299 1072 3355 nomi·

77 3403 145 3445 num
168 3386 243 3446 idem
267 3386 485 3462 significantium
506 3389 661 3466 separatio.
714 3383 932 3461 Congregantur
957 3396 1072 3459 qnoque

78 3468 169 3530 verba
180 3468 253 3530 idem
265 3469 455 3547 significantia
493 3469 798 3544 odiosissimum,
814 3465 962 3541 Catilina,
978 3481 1074 3542 perpe
