2434 3925
178 137 240 200 240
519 153 556 203 ιι.
575 151 654 202 ιιι.
676 150 898 215 oomummur

177 324 377 387 nonnunquam
396 308 502 370 excidit
521 309 585 388 ipsa
605 307 757 368 simulatio.
788 309 859 371 inde
876 311 1059 373 immodeste
1081 331 1167 393 propo

136 402 171 457 13
178 402 258 466 nunt,
274 395 336 452 sine
352 394 463 471 pudore
479 393 629 454 affirmant.
659 394 795 471 Sequitur
810 396 898 471 iniis,
916 414 990 474 quae
1010 407 1126 458 eertum
1139 407 1168 458 est

179 476 256 537 sitici
271 493 328 535 non
344 493 452 555 posse,
475 477 614 538 deformis
633 479 791 555 pertinacia
809 487 839 538 et
860 480 956 539 irritus
973 481 1079 541 labor.
1116 482 1167 542 Non

107 548 118 571 ⁸
177 562 300 633 sicutin
322 562 425 621 vitain
448 563 543 621 causis
566 577 684 641 quoqne
706 579 776 639 opes
799 562 944 641 improbas
959 563 1090 626 habent.
1119 566 1167 625 Fre·

178 652 301 722 quenter
325 653 420 712 autem
440 645 561 722 accidit,
588 653 620 704 ut
645 645 688 705 bis
711 647 797 705 etiam
821 665 892 707 vera
917 648 1094 710 dicentibus
1115 650 1165 710 ido

178 728 262 804 desit,
277 729 467 829 videaturque
481 728 546 788 talis
562 728 720 789 advocatus
735 730 829 790 malae
845 749 950 791 causae
966 743 1166 833 argumentpn

136 822 170 875 14
264 811 347 873 Nunc
368 813 445 874 do
426 832 461 872 ns
483 812 634 873 dicendum
657 821 719 888 est,
743 815 906 892 quaemihi
928 819 1013 895 qnasi
1033 806 1179 917 comptu,

180 900 259 957 tione
277 896 397 976 quadam
413 897 494 974 vulgi
515 897 665 956 reclamari
684 897 826 958 videntur.
857 898 963 959 Orator
978 919 1061 979 ergo
1079 902 1179 962 Demo

176 982 294 1042 otbenes
319 978 465 1041 nonfuit?
488 983 566 1059 atqui
586 981 690 1040 malurn
712 984 803 1041 virum
825 986 1003 1062 accepimus.
1045 985 1116 1046 Non
1135 982 1179 1075 dii

176 1062 268 1126 cero?
284 1066 361 1143 atqui
375 1065 458 1125 buius
474 1081 590 1164 quoqne
605 1082 701 1124 mores
716 1066 797 1126 multi
812 1067 1081 1146 reprehenderunt.
1110 1068 1166 1143 Quid

176 1146 281 1228 agam?
296 1167 398 1227 magna
413 1166 548 1228 responsu
540 1149 669 1210 invidia
684 1150 832 1213 subeunda
848 1160 903 1228 est,
919 1153 1104 1230 mitigandae
1119 1160 1166 1212 sunt

133 1236 254 1312 15prius
270 1251 366 1294 aures.
397 1231 467 1294 tlibi
485 1234 563 1293 enim
585 1251 641 1293 neo
657 1233 871 1295 Demosthenes
892 1245 950 1297 tam
966 1240 1055 1314 gravi
1072 1254 1165 1297 morun

176 1319 278 1395 dignus
293 1318 407 1380 videtur
420 1317 543 1393 invidia,
567 1327 598 1377 ut
621 1318 733 1394 omnia,
759 1337 834 1398 quae
856 1320 885 1380 in
907 1339 972 1380 enm
994 1321 1034 1381 ab
1059 1322 1165 1382 inimicia

176 1410 317 1479 congesta
331 1410 410 1476 sunt,
434 1401 567 1478 credam,
590 1420 653 1464 cum
675 1403 866 1481 pulcherrima
884 1406 946 1465 eius
960 1406 989 1464 in
1005 1423 1042 1465 re
1063 1405 1164 1485 publica

134 1492 168 1549 16
176 1484 296 1547 consilia
313 1495 352 1545 -et
377 1485 462 1545 tinem
488 1487 565 1546 ritae
594 1486 702 1546 clarum
727 1486 837 1564 iegam3
875 1506 930 1548 nec
953 1488 1060 1549 Marco
1086 1488 1164 1549 Tullio

176 1569 305 1630 defuisse
321 1569 407 1631 video
429 1570 459 1629 in
480 1569 538 1630 nlla
554 1580 637 1649 parte
652 1572 723 1632 civis
739 1571 838 1650 optimi
852 1571 1043 1633 voluntatem.
1086 1572 1162 1632 'reso

174 1655 270 1714 monio
283 1663 328 1714 est
340 1662 420 1714 actus
434 1652 613 1714 nobilissime
632 1655 806 1731 consolatos,
823 1657 1009 1733 integerrime
1026 1655 1163 1735 provincia

175 1737 367 1799 administrata
390 1746 419 1798 et
442 1738 607 1816 repudiatus
630 1740 853 1816 vigintiviratus,
877 1750 907 1800 et
923 1740 1062 1801 civilibus
1080 1740 1159 1803 tetta

116 1833 135 1903 ’1
175 1823 293 1902 quaein
309 1831 434 1882 aetatem
449 1823 511 1882 eius
526 1823 696 1899 gravissima
710 1823 880 1900 inciderunt,
898 1843 993 1904 neque
1009 1844 1068 1904 spe
1083 1839 1161 1901 neque

173 1915 250 1967 metu
269 1906 432 1967 declinatus
448 1907 574 1983 animus,
597 1924 655 1987 qno
677 1908 768 1968 minus
791 1910 906 1988 optimis
925 1927 958 1970 se
973 1910 1122 1988 partibus,
1140 1904 1159 1965 id

134 1996 166 2052 17
175 2001 220 2051 est
235 1991 278 2052 rei
292 1991 443 2071 publicae,
465 1993 608 2069 iungeret.
645 1991 746 2053 Parum
766 1994 849 2053 fortis
863 1994 977 2055 videtur
992 1994 1158 2073 quibusdam,

175 2075 278 2156 quibus
306 2076 413 2154 optime
438 2075 590 2154 respondit
614 2078 693 2155 ipse,
722 2096 783 2139 non
804 2097 837 2140 sc
859 2079 997 2140 noudum
1017 2081 1054 2141 im
1077 2075 1158 2140 soto·

171 2160 367 2240 piendiaaed
379 2162 412 2222 io
424 2161 628 2238 providendis
640 2162 808 2239 periculi&
836 2162 913 2240 quod
929 2161 1069 2240 probavit
1082 2167 1158 2222 morte

132 2249 167 2303 18
175 2261 290 2323 quoque
307 2245 387 2323 ipsa,
412 2262 496 2323 quam
511 2246 759 2323 praestantissimo
775 2248 905 2324 suscepit
919 2246 1023 2307 auimo.
1065 2240 1158 2320 Quodsi

175 2327 266 2388 detuit
279 2328 325 2388 bis
340 2329 408 2387 viris
426 2346 534 2387 summa
548 2331 654 2388 virtus:
682 2331 725 2389 sio
739 2330 962 2429 quaerentibus,
985 2349 1022 2391 an
1041 2339 1157 2392 oratores

173 2411 295 2487 inerint,
319 2411 522 2491 respondebo
548 2413 693 2491 quomodo
709 2414 816 2490 Stoici,
837 2415 862 2473 si
885 2415 1115 2492 interrogentur,
1130 2426 1157 2469 ιι

174 2497 291 2575 sapiens
314 2494 412 2572 Zeno,
433 2514 469 2556 an
491 2494 665 2574 Cleanthes,
689 2514 724 2557 an
741 2496 938 2577 Chrysippus,
964 2497 1155 2578 respondent

174 2577 304 2659 Mapooc
324 2581 446 2658 quidem
460 2581 528 2641 ilios
549 2600 590 2643 oc
603 2583 810 2658 venerabiies,
829 2601 889 2644 ooo
902 2593 1003 2644 tomen
1016 2585 1067 2659 id,
1091 2575 1156 2660 quod

131 2669 286 2726 19coturc
304 2664 432 2728 domimo
451 2683 599 2726 summum
622 2666 729 2743 babet,
757 2675 943 2729 cormecutoa
977 2665 1051 2728 Nam
1073 2661 1154 2734 etPr-

173 2750 312 2826 thagoras
333 2766 391 2808 non
413 2749 574 2827 sapientem
597 2768 646 2826 se,
673 2750 773 2829 utqui
795 2759 860 2810 ante
880 2769 945 2812 eum
966 2750 1095 2824 fuerunt,
1114 2740 1154 2805 scd

173 2834 332 2894 studiosum
357 2834 517 2912 sapientiae
540 2835 640 2895 vocari
665 2834 765 2894 voluit.
802 2833 868 2911 Ego
894 2844 990 2898 tammo
1014 2831 1154 2895 secundun

173 2934 353 2978 communem
378 2918 515 2996 loquendi
541 2917 777 2980 consuetudinem
804 2936 895 2998 saepe
921 2920 979 2980 dixi
1006 2919 1152 2993 dicamque,

173 3001 335 3079 perfectum
351 3011 496 3063 oratorem
513 3020 581 3063 esse
598 2999 784 3071 Ciceronem
801 3012 831 3063 nt
850 3004 958 3063 amicos
974 3012 1004 3062 et
1017 2996 1152 3063 bonosvi·

173 3102 223 3143 ros
239 3095 268 3145 et
288 3086 527 3186 prudentissimos
545 3087 665 3147 dioimns
680 3087 786 3163 vulgo,
809 3103 929 3165 qnorum
947 3086 1059 3147 nibil
1031 3087 1084 3146 msi
1099 3096 1150 3162 pet·

173 3168 252 3232 tecte
277 3170 400 3250 sapienti
424 3169 515 3231 datur.
547 3170 607 3232 Sed
628 3188 692 3230 cnm
711 3173 830 3249 proprie
853 3180 882 3231 et
904 3170 939 3231 ad
961 3171 1056 3248 legem
1076 3170 1151 3246 ipsun

173 3254 304 3312 veritatis
322 3255 497 3332 loquendum
512 3256 582 3315 orit:
605 3272 669 3315 eum
690 3272 826 3332 quaeram
849 3264 1009 3331 oratorem,
1031 3269 1109 3332 quem
1128 3252 1149 3304 ei

130 3337 223 3400 toille
250 3337 417 3416 quaerebat.
453 3338 622 3416 Quanquam
649 3338 724 3398 eninr
747 3340 864 3399 stetisse
888 3339 981 3417 ipsum
1003 3340 1032 3399 in
1050 3332 1148 3408 fastigio

173 3422 282 3500 fateor,
299 3439 334 3484 ao
349 3423 414 3499 vix,
431 3422 498 3501 quid
519 3423 603 3489 adiici
619 3423 761 3504 potuerit,
784 3424 914 3501 invenio,
930 3422 1054 3486 fortusse
1067 3423 1146 3480 inven-
