2434 3925
155 114 213 178 152
496 127 533 174 m.
549 125 628 177 unu.
641 126 860 186 commum

109 282 226 348 tafalso
242 281 400 348 existimat;
425 290 454 341 et
468 279 562 343 Pollio
580 289 611 341 et
622 279 748 344 Messala
763 281 953 345 deleuderuut
968 285 1120 364 eosdem,
1139 295 1168 348 et

151 367 235 428 nobis
262 368 360 445 pueris
390 366 518 442 insigues
543 382 597 444 pro
625 365 775 426 Voluseno
800 363 904 426 Catulo
929 366 1050 429 Domitii
1081 370 1162 446 Aer,

151 450 246 529 Crispi
261 450 406 524 Passieni,
427 449 539 510 Decimi
559 448 650 510 Laelii
673 451 820 511 orationes
841 450 1017 512 ferebantur.
1050 453 1162 534 Neque

149 535 178 597 id
193 535 287 594 statim
302 534 411 611 legenti
425 552 596 612 persuasum
611 535 658 610 sit,
677 536 787 610 omnia,
808 552 883 613 quae
899 537 999 614 optimi
1016 548 1160 598 auctores

150 619 291 694 dixerint,
313 620 411 697 utique
436 635 503 677 esse
525 617 667 697 perlecta.
707 617 778 678 Nam
801 628 831 678 et
851 618 983 679 labuntur
997 621 1158 700 aliquando

150 713 179 765 et
202 704 283 762 oneri
309 703 414 763 cedunt
436 711 465 762 et
486 702 837 779 indulgentiugeuiorum
859 720 975 763 suorum
997 706 1156 785 voluptati,

148 806 204 848 neo
219 805 335 864 semper
347 787 494 846 intendunt
515 787 652 863 animum,
674 803 874 865 nonnunquam
893 787 1069 864 fatigantur;
1093 808 1157 850 cum

150 869 284 947 Ciceroni
298 872 453 931 dormitare
470 871 581 931 interim
596 869 824 947 Demosthenes,
844 871 963 932 Horatio
979 891 1055 932 vero
1071 876 1156 935 etiam

106 956 288 1019 baldomerus
307 957 372 1033 ipse
388 954 529 1014 videatur.
564 954 670 1014 Summi
688 956 763 1015 enim
783 964 864 1030 suut,
889 955 1018 1015 homines
1045 966 1154 1031 tamen,

148 1041 311 1117 acciditque
334 1039 394 1116 his,
419 1039 483 1117 qui,
507 1039 645 1116 quidquid
661 1039 737 1116 apud
752 1039 820 1099 illos
835 1050 1018 1116 repererunt,
1036 1041 1154 1102 dicendi

148 1124 245 1200 legem
260 1131 375 1201 putant,
399 1132 429 1182 ut
444 1124 590 1185 deteriora
611 1124 770 1198 imitentur,
794 1123 838 1201 (id
861 1125 935 1183 enim
959 1133 1005 1184 est
1020 1125 1152 1205 facilius)

148 1226 183 1268 ac
198 1227 231 1267 se
247 1207 359 1280 abunde
376 1207 485 1266 similes
497 1197 651 1285 putent,'si
666 1209 734 1266 vitia
746 1225 913 1284 magnorum
925 1219 1151 1286 consequantur.

105 1290 281 1358 26Modesto
303 1301 398 1351 tamen
419 1300 448 1350 et
471 1292 683 1368 circumspecto
707 1291 813 1351 iudicio
835 1291 872 1352 de
893 1295 977 1352 tantis
996 1295 1068 1352 viria
1086 1310 1151 1372 pro·

147 1377 329 1437 nuntiandum
349 1385 409 1450 est,
431 1392 484 1449 ne,
505 1375 582 1453 quod
604 1374 754 1454 plerisque
778 1376 897 1452 accidit,
925 1377 1060 1437 damnent
1080 1396 1152 1457 quaa

147 1476 205 1520 non
219 1461 391 1537 intelligunt.
426 1458 471 1519 Ac
485 1461 509 1518 si
525 1477 650 1519 necesse
666 1468 711 1519 est
726 1461 754 1519 in
769 1460 890 1521 alteram
905 1478 1005 1520 errare
1020 1472 1150 1539 partem:
1204 1538 1205 1543 η

148 1546 241 1605 omnia
257 1561 356 1604 eorum
374 1543 537 1622 legentibus
552 1544 673 1622 placere
688 1561 772 1622 quam
792 1544 880 1604 multa
894 1545 1073 1625 displicere,
1094 1564 1150 1607 ma·

148 1628 258 1689 luerim.

104 1722 139 1780 π
229 1712 381 1772 Plurimum
400 1710 468 1771 dicit
487 1713 595 1771 oratori
614 1712 748 1771 conferre
764 1711 979 1790 Theophrastus
994 1712 1150 1774 lectionem

148 1806 354 1875 poetarum,
380 1796 518 1873 multique
540 1797 603 1855 eius
625 1796 760 1856 iudicium
780 1807 953 1876 sequuntur;
980 1816 1078 1875 neque
1102 1801 1148 1858 im·

146 1883 259 1941 merito.
293 1879 424 1958 Namque
447 1880 482 1941 ab
503 1880 547 1940 his
568 1881 597 1939 iu
620 1880 707 1939 rebus
723 1882 840 1958 spiritus
858 1891 887 1940 et
903 1881 932 1938 in
946 1881 1044 1941 verbis
1061 1882 1147 1942 subli-

146 1968 229 2026 mitas
245 1975 274 2025 et
289 1968 316 2024 in
328 1965 481 2025 affectibus
492 1974 586 2025 motus
599 1967 690 2024 omnis
702 1966 768 2025 etin
779 1968 912 2043 personis
928 1965 1019 2026 decor
1030 1969 1146 2044 petitur,

147 2051 363 2129 praecipueque
392 2049 473 2109 velut
500 2051 596 2109 attrita
628 2049 772 2109 cotidiano
805 2059 871 2110 actu
897 2050 1008 2109 forensi
1034 2053 1146 2129 ingenia

148 2136 256 2213 optime
278 2153 373 2194 rerum
389 2134 486 2193 talium
507 2133 647 2194 blanditia
668 2143 847 2211 reparantur.
888 2134 1018 2212 Ideoque
1040 2137 1070 2193 in
1095 2136 1146 2195 hac

104 2218 274 2284 aslectione
291 2216 396 2278 Cicero
421 2217 662 2296 requiescendum
683 2226 772 2295 putat.
810 2216 1022 2279 Meminerimus
1043 2228 1143 2294 tamen,

147 2319 204 2362 non
220 2321 274 2381 per
295 2303 388 2362 omnia
404 2312 507 2380 poetas
530 2319 597 2362 esse
621 2304 729 2362 oratori
749 2303 915 2381 sequendos
935 2319 991 2362 nec
1013 2303 1144 2364 libertate

145 2386 371 2446 verbornmssnec
393 2386 509 2447 licentia
527 2386 698 2463 figurarum
718 2405 811 2463 genus
828 2388 1012 2447 ostentationi
1031 2404 1143 2467 compa·

146 2479 238 2530 ratum
254 2480 283 2530 et
301 2479 419 2549 praeter
434 2471 478 2544 id,
507 2470 585 2549 quod
608 2471 701 2531 solam
728 2473 800 2549 petit
826 2471 1005 2549 voluptatem
1027 2489 1142 2550 eamque

147 2555 231 2614 etiam
243 2554 377 2632 lingendo
391 2571 448 2613 non
465 2553 538 2614 laisa
548 2555 634 2615 modo
650 2554 800 2615 sedetiam
814 2554 953 2633 quaedam
969 2555 1142 2615 incredibilia

104 2648 290 2715 aosectatur,
311 2638 473 2717 patrocinio
496 2641 618 2717 quoque'
633 2638 730 2717 aliquo
751 2640 858 2701 iuvari:
880 2640 957 2716 quod
979 2639 1096 2717 alligata
1110 2639 1143 2700 ad

147 2734 255 2784 certam
271 2724 377 2802 pedum
391 2723 596 2783 necessitatem
618 2740 675 2782 uon
697 2741 813 2802 semper
831 2724 871 2783 uti
891 2725 1017 2801 propriis
1040 2725 1140 2802 possit,
1186 2755 1205 2771 «

145 2807 199 2867 sed
214 2808 335 2886 depulsa
350 2816 431 2867 recta
446 2807 492 2865 via
509 2809 678 2867 necessario
701 2808 738 2867 ad
758 2807 914 2886 eloquendi
935 2806 1073 2885 quaedam
1095 2808 1139 2868 de

146 2893 287 2952 verticula
300 2892 457 2969 confugiat,
473 2909 528 2951 nec
545 2900 655 2951 mutare
672 2891 811 2969 quaedam
823 2891 909 2951 modo
924 2892 1014 2951 verba
1029 2891 1081 2951 sed
1094 2910 1138 2952 ex·
1204 2951 1205 2958 ,

145 2975 282 3053 tendere,
301 2979 468 3054 corripere,
487 2985 676 3051 convertere,
695 2975 823 3036 dividere
840 2985 977 3054 cogatur;
999 2992 1051 3034 nos
1072 2991 1138 3037 uero

146 3070 269 3120 armatos
294 3071 372 3121 stare
395 3062 423 3120 in
446 3061 510 3120 acie
532 3070 561 3119 et
582 3062 697 3120 summis
719 3060 756 3120 de
776 3059 864 3119 rebus
885 3061 1046 3120 decernere
1062 3069 1090 3119 et
1104 3059 1136 3120 ad

103 3144 295 3211 scriotoriam
311 3147 370 3204 niti.
398 3144 502 3224 Neque
524 3160 596 3221 ergo
622 3162 700 3204 arma
721 3144 857 3222 squalere
880 3146 937 3204 situ
959 3162 993 3204 ac
1014 3143 1137 3221 rubigine

145 3226 242 3303 uelim,
256 3228 308 3288 sed
328 3229 473 3306 fulgorem
488 3231 585 3288 inesse
603 3230 650 3307 qui
665 3237 789 3305 terreat,
812 3229 904 3308 qualis
920 3237 966 3288 est
981 3229 1064 3302 ierri,
1084 3243 1135 3307 quo

145 3329 225 3370 meus
234 3313 315 3371 simul
326 3314 463 3392 visusque
475 3314 708 3390 praestringitur3
720 3330 778 3371 non
788 3313 881 3393 qualis
893 3312 1134 3392 auriargentiqua,

146 3393 269 3456 imbellis
286 3405 316 3455 et
329 3398 425 3475 potius
440 3396 557 3459 habenti
572 3396 767 3477 periculosus.
