<?xml version="1.0" encoding="UTF-8"?>
<!DOCTYPE html PUBLIC "-//W3C//DTD XHTML 1.0 Transitional//EN"
    "http://www.w3.org/TR/xhtml1/DTD/xhtml1-transitional.dtd">
<html xmlns="http://www.w3.org/1999/xhtml" xml:lang="en" lang="en">
 <head>
  <title>
</title>
<meta http-equiv="Content-Type" content="text/html;charset=utf-8" />
  <meta name='ocr-system' content='tesseract 3.04.00' />
  <meta name='ocr-capabilities' content='ocr_page ocr_carea ocr_par ocr_line ocrx_word'/>
</head>
<body>
  <div class='ocr_page' id='page_1' title='image "./mfabiiquintilia08bonngoog_0333.png"; bbox 0 0 2434 3925; ppageno 0'>
   <div class='ocr_carea' id='block_1_1' title="bbox 323 211 1045 287">
    <p class='ocr_par' dir='ltr' id='par_1_1' title="bbox 323 211 1045 287">
     <span class='ocr_line' id='line_1_1' title="bbox 323 211 1045 287; baseline 0.015 -20"><span class='ocrx_word' id='word_1_1' title='bbox 323 216 760 287; x_wconf 77' lang='lat' dir='ltr'>msr.onauonn1nv,1e.</span> <span class='ocrx_word' id='word_1_2' title='bbox 982 211 1045 278; x_wconf 78' lang='grc'>239</span> 
     </span>
    </p>
   </div>
   <div class='ocr_carea' id='block_1_2' title="bbox 47 371 1044 628">
    <p class='ocr_par' dir='ltr' id='par_1_2' title="bbox 47 371 1044 628">
     <span class='ocr_line' id='line_1_2' title="bbox 131 371 1044 454; baseline 0.008 -19"><span class='ocrx_word' id='word_1_3' title='bbox 131 371 352 435; x_wconf 85' lang='lat' dir='ltr'>Declamatores</span> <span class='ocrx_word' id='word_1_4' title='bbox 372 389 443 433; x_wconf 85' lang='lat' dir='ltr'>vero</span> <span class='ocrx_word' id='word_1_5' title='bbox 466 374 593 452; x_wconf 81' lang='lat' dir='ltr'>inprimis</span> <span class='ocrx_word' id='word_1_6' title='bbox 619 384 684 434; x_wconf 85' lang='lat' dir='ltr'>sunt</span> <span class='ocrx_word' id='word_1_7' title='bbox 704 376 892 454; x_wconf 89' lang='lat' dir='ltr'>admonendi,</span> <span class='ocrx_word' id='word_1_8' title='bbox 918 397 956 442; x_wconf 84' lang='lat' dir='ltr'>ne</span> <span class='ocrx_word' id='word_1_9' title='bbox 975 397 1044 442; x_wconf 92' lang='lat' dir='ltr'>con·</span> 
     </span>
     <span class='ocr_line' id='line_1_3' title="bbox 47 458 1043 544; baseline 0.006 -24"><span class='ocrx_word' id='word_1_10' title='bbox 47 459 237 520; x_wconf 87' lang='lat' dir='ltr'>tradictiones</span> <span class='ocrx_word' id='word_1_11' title='bbox 253 475 303 517; x_wconf 87' lang='lat' dir='ltr'>eas</span> <span class='ocrx_word' id='word_1_12' title='bbox 321 466 444 536; x_wconf 89' lang='lat' dir='ltr'>ponant,</span> <span class='ocrx_word' id='word_1_13' title='bbox 472 458 574 534; x_wconf 87' lang='lat' dir='ltr'>quibus</span> <span class='ocrx_word' id='word_1_14' title='bbox 598 459 733 518; x_wconf 79' lang='lat' dir='ltr'>facillime</span> <span class='ocrx_word' id='word_1_15' title='bbox 750 463 921 540; x_wconf 89' lang='lat' dir='ltr'>responderi</span> <span class='ocrx_word' id='word_1_16' title='bbox 939 467 1043 544; x_wconf 78' lang='lat' dir='ltr'>possit,</span> 
     </span>
     <span class='ocr_line' id='line_1_4' title="bbox 47 540 1044 628; baseline 0.008 -26"><span class='ocrx_word' id='word_1_17' title='bbox 47 561 104 602; x_wconf 92' lang='lat' dir='ltr'>neu</span> <span class='ocrx_word' id='word_1_18' title='bbox 120 543 175 601; x_wconf 93' lang='lat' dir='ltr'>sibi</span> <span class='ocrx_word' id='word_1_19' title='bbox 191 540 306 601; x_wconf 90' lang='lat' dir='ltr'>stultum</span> <span class='ocrx_word' id='word_1_20' title='bbox 325 541 521 603; x_wconf 82' lang='lat' dir='ltr'>aduersarium</span> <span class='ocrx_word' id='word_1_21' title='bbox 542 542 659 618; x_wconf 77' lang='lat' dir='ltr'>lingant.</span> <span class='ocrx_word' id='word_1_22' title='bbox 691 541 823 604; x_wconf 82' lang='lat' dir='ltr'>Facimus</span> <span class='ocrx_word' id='word_1_23' title='bbox 838 557 949 625; x_wconf 85' lang='lat' dir='ltr'>autem,</span> <span class='ocrx_word' id='word_1_24' title='bbox 967 550 1044 628; x_wconf 90' lang='lat' dir='ltr'>quod</span> 
     </span>
    </p>
   </div>
   <div class='ocr_carea' id='block_1_3' title="bbox 42 624 1115 3557">
    <p class='ocr_par' dir='ltr' id='par_1_3' title="bbox 45 624 1044 854">
     <span class='ocr_line' id='line_1_5' title="bbox 46 624 1043 708; baseline 0.008 -23"><span class='ocrx_word' id='word_1_25' title='bbox 46 628 170 686; x_wconf 85' lang='lat' dir='ltr'>maxime</span> <span class='ocrx_word' id='word_1_26' title='bbox 185 625 291 685; x_wconf 79' lang='lat' dir='ltr'>uberes</span> <span class='ocrx_word' id='word_1_27' title='bbox 309 624 366 685; x_wconf 91' lang='lat' dir='ltr'>loci</span> <span class='ocrx_word' id='word_1_28' title='bbox 383 625 599 703; x_wconf 74' lang='lat' dir='ltr'>popularesque</span> <span class='ocrx_word' id='word_1_29' title='bbox 615 628 775 688; x_wconf 77' lang='lat' dir='ltr'>sententiae</span> <span class='ocrx_word' id='word_1_30' title='bbox 792 642 961 708; x_wconf 83' lang='lat' dir='ltr'>nascuntur,</span> <span class='ocrx_word' id='word_1_31' title='bbox 984 652 1043 694; x_wconf 92' lang='lat' dir='ltr'>ma·</span> 
     </span>
     <span class='ocr_line' id='line_1_6' title="bbox 45 709 1044 790; baseline 0.007 -20"><span class='ocrx_word' id='word_1_32' title='bbox 45 711 148 770; x_wconf 88' lang='lat' dir='ltr'>teriam</span> <span class='ocrx_word' id='word_1_33' title='bbox 167 709 280 769; x_wconf 86' lang='lat' dir='ltr'>dicendi</span> <span class='ocrx_word' id='word_1_34' title='bbox 294 709 393 784; x_wconf 88' lang='lat' dir='ltr'>nobis,</span> <span class='ocrx_word' id='word_1_35' title='bbox 413 710 490 787; x_wconf 91' lang='lat' dir='ltr'>quod</span> <span class='ocrx_word' id='word_1_36' title='bbox 508 709 658 786; x_wconf 84' lang='lat' dir='ltr'>uolumus,</span> <span class='ocrx_word' id='word_1_37' title='bbox 679 712 865 790; x_wconf 71' lang='lat' dir='ltr'>ducentibus,</span> <span class='ocrx_word' id='word_1_38' title='bbox 889 724 920 775; x_wconf 91' lang='lat' dir='ltr'>nt</span> <span class='ocrx_word' id='word_1_39' title='bbox 934 733 991 776; x_wconf 92' lang='lat' dir='ltr'>non</span> <span class='ocrx_word' id='word_1_40' title='bbox 1006 720 1044 777; x_wconf 87' lang='lat' dir='ltr'>sit</span> 
     </span>
     <span class='ocr_line' id='line_1_7' title="bbox 45 794 349 854; baseline -0.007 0"><span class='ocrx_word' id='word_1_41' title='bbox 45 794 95 854; x_wconf 92' lang='lat' dir='ltr'>ille</span> <span class='ocrx_word' id='word_1_42' title='bbox 111 794 219 854; x_wconf 87' lang='lat' dir='ltr'>inutilis</span> <span class='ocrx_word' id='word_1_43' title='bbox 232 811 349 852; x_wconf 88' lang='lat' dir='ltr'>versus:</span> 
     </span>
    </p>

    <p class='ocr_par' dir='ltr' id='par_1_4' title="bbox 42 875 1115 3557">
     <span class='ocr_line' id='line_1_8' title="bbox 94 875 995 960; baseline 0.006 -23"><span class='ocrx_word' id='word_1_44' title='bbox 94 875 165 939; x_wconf 83' lang='lat' dir='ltr'>Non</span> <span class='ocrx_word' id='word_1_45' title='bbox 183 878 264 938; x_wconf 86' lang='lat' dir='ltr'>male</span> <span class='ocrx_word' id='word_1_46' title='bbox 283 877 455 954; x_wconf 74' lang='lat' dir='ltr'>respondit,</span> <span class='ocrx_word' id='word_1_47' title='bbox 477 878 557 938; x_wconf 86' lang='lat' dir='ltr'>mule</span> <span class='ocrx_word' id='word_1_48' title='bbox 578 879 657 938; x_wconf 84' lang='lat' dir='ltr'>enim</span> <span class='ocrx_word' id='word_1_49' title='bbox 674 879 764 955; x_wconf 87' lang='lat' dir='ltr'>prior</span> <span class='ocrx_word' id='word_1_50' title='bbox 784 881 836 942; x_wconf 84' lang='lat' dir='ltr'>ille</span> <span class='ocrx_word' id='word_1_51' title='bbox 858 891 995 960; x_wconf 78' lang='lat' dir='ltr'>reparat.</span> 
     </span>
     <span class='ocr_line' id='line_1_9' title="bbox 43 960 1086 1044; baseline 0.003 -22"><span class='ocrx_word' id='word_1_52' title='bbox 43 960 142 1022; x_wconf 76' lang='lat' dir='ltr'>Fallet</span> <span class='ocrx_word' id='word_1_53' title='bbox 157 961 231 1021; x_wconf 86' lang='lat' dir='ltr'>baec</span> <span class='ocrx_word' id='word_1_54' title='bbox 246 977 299 1020; x_wconf 91' lang='lat' dir='ltr'>nos</span> <span class='ocrx_word' id='word_1_55' title='bbox 313 963 341 1019; x_wconf 93' lang='lat' dir='ltr'>in</span> <span class='ocrx_word' id='word_1_56' title='bbox 358 961 423 1039; x_wconf 80' lang='lat' dir='ltr'>loro</span> <span class='ocrx_word' id='word_1_57' title='bbox 440 961 640 1036; x_wconf 86' lang='lat' dir='ltr'>consuetudo,</span> <span class='ocrx_word' id='word_1_58' title='bbox 657 961 704 1020; x_wconf 93' lang='lat' dir='ltr'>ubi</span> <span class='ocrx_word' id='word_1_59' title='bbox 721 963 899 1040; x_wconf 87' lang='lat' dir='ltr'>adversario,</span> <span class='ocrx_word' id='word_1_60' title='bbox 916 982 972 1024; x_wconf 89' lang='lat' dir='ltr'>non</span> <span class='ocrx_word' id='word_1_61' title='bbox 987 967 1086 1044; x_wconf 74' lang='lat' dir='ltr'>ipsias</span> 
     </span>
     <span class='ocr_line' id='line_1_10' title="bbox 43 1043 1042 1123; baseline 0.004 -18"><span class='ocrx_word' id='word_1_62' title='bbox 43 1045 130 1105; x_wconf 91' lang='lat' dir='ltr'>nobis</span> <span class='ocrx_word' id='word_1_63' title='bbox 142 1044 391 1122; x_wconf 78' lang='lat' dir='ltr'>respondebimus.</span> <span class='ocrx_word' id='word_1_64' title='bbox 416 1043 504 1103; x_wconf 81' lang='lat' dir='ltr'>Aiunt</span> <span class='ocrx_word' id='word_1_65' title='bbox 515 1044 624 1104; x_wconf 76' lang='lat' dir='ltr'>Attium</span> <span class='ocrx_word' id='word_1_66' title='bbox 640 1047 856 1123; x_wconf 78' lang='lat' dir='ltr'>interrogatum,</span> <span class='ocrx_word' id='word_1_67' title='bbox 874 1067 926 1109; x_wconf 90' lang='lat' dir='ltr'>cur</span> <span class='ocrx_word' id='word_1_68' title='bbox 939 1068 1042 1110; x_wconf 86' lang='lat' dir='ltr'>causas</span> 
     </span>
     <span class='ocr_line' id='line_1_11' title="bbox 43 1127 1041 1212; baseline 0.005 -24"><span class='ocrx_word' id='word_1_69' title='bbox 43 1146 105 1189; x_wconf 92' lang='lat' dir='ltr'>non</span> <span class='ocrx_word' id='word_1_70' title='bbox 114 1138 226 1205; x_wconf 75' lang='lat' dir='ltr'>ageret,</span> <span class='ocrx_word' id='word_1_71' title='bbox 240 1146 304 1188; x_wconf 91' lang='lat' dir='ltr'>cum</span> <span class='ocrx_word' id='word_1_72' title='bbox 314 1127 389 1206; x_wconf 89' lang='lat' dir='ltr'>apud</span> <span class='ocrx_word' id='word_1_73' title='bbox 402 1146 465 1187; x_wconf 92' lang='lat' dir='ltr'>eum</span> <span class='ocrx_word' id='word_1_74' title='bbox 483 1132 511 1187; x_wconf 91' lang='lat' dir='ltr'>in</span> <span class='ocrx_word' id='word_1_75' title='bbox 522 1132 681 1204; x_wconf 79' lang='lat' dir='ltr'>tragoediis</span> <span class='ocrx_word' id='word_1_76' title='bbox 694 1139 770 1191; x_wconf 88' lang='lat' dir='ltr'>tanta</span> <span class='ocrx_word' id='word_1_77' title='bbox 787 1134 830 1190; x_wconf 84' lang='lat' dir='ltr'>vis</span> <span class='ocrx_word' id='word_1_78' title='bbox 843 1142 922 1192; x_wconf 88' lang='lat' dir='ltr'>esset</span> <span class='ocrx_word' id='word_1_79' title='bbox 934 1136 1041 1212; x_wconf 88' lang='lat' dir='ltr'>optime</span> 
     </span>
     <span class='ocr_line' id='line_1_12' title="bbox 42 1212 1041 1292; baseline 0.003 -19"><span class='ocrx_word' id='word_1_80' title='bbox 42 1212 253 1290; x_wconf 87' lang='lat' dir='ltr'>respondendi,</span> <span class='ocrx_word' id='word_1_81' title='bbox 275 1213 349 1279; x_wconf 82' lang='lat' dir='ltr'>banc</span> <span class='ocrx_word' id='word_1_82' title='bbox 365 1212 528 1273; x_wconf 82' lang='lat' dir='ltr'>reddidisse</span> <span class='ocrx_word' id='word_1_83' title='bbox 546 1216 704 1289; x_wconf 87' lang='lat' dir='ltr'>rationem,</span> <span class='ocrx_word' id='word_1_84' title='bbox 729 1216 806 1292; x_wconf 95' lang='lat' dir='ltr'>quod</span> <span class='ocrx_word' id='word_1_85' title='bbox 827 1217 887 1276; x_wconf 92' lang='lat' dir='ltr'>illic</span> <span class='ocrx_word' id='word_1_86' title='bbox 908 1235 943 1276; x_wconf 89' lang='lat' dir='ltr'>ea</span> <span class='ocrx_word' id='word_1_87' title='bbox 964 1218 1041 1278; x_wconf 91' lang='lat' dir='ltr'>dice·</span> 
     </span>
     <span class='ocr_line' id='line_1_13' title="bbox 43 1296 1041 1376; baseline 0.004 -19"><span class='ocrx_word' id='word_1_88' title='bbox 43 1305 164 1371; x_wconf 86' lang='lat' dir='ltr'>rentur,</span> <span class='ocrx_word' id='word_1_89' title='bbox 186 1314 260 1373; x_wconf 88' lang='lat' dir='ltr'>quae</span> <span class='ocrx_word' id='word_1_90' title='bbox 280 1298 344 1374; x_wconf 88' lang='lat' dir='ltr'>ipse</span> <span class='ocrx_word' id='word_1_91' title='bbox 362 1296 471 1371; x_wconf 83' lang='lat' dir='ltr'>vellet,</span> <span class='ocrx_word' id='word_1_92' title='bbox 495 1297 524 1353; x_wconf 90' lang='lat' dir='ltr'>in</span> <span class='ocrx_word' id='word_1_93' title='bbox 544 1297 610 1356; x_wconf 87' lang='lat' dir='ltr'>loro</span> <span class='ocrx_word' id='word_1_94' title='bbox 637 1299 739 1358; x_wconf 92' lang='lat' dir='ltr'>dicturi</span> <span class='ocrx_word' id='word_1_95' title='bbox 757 1300 914 1361; x_wconf 84' lang='lat' dir='ltr'>adversarii</span> <span class='ocrx_word' id='word_1_96' title='bbox 932 1310 1041 1376; x_wconf 88' lang='lat' dir='ltr'>essent,</span> 
     </span>
     <span class='ocr_line' id='line_1_14' title="bbox 44 1379 1085 1459; baseline 0.004 -19"><span class='ocrx_word' id='word_1_97' title='bbox 44 1398 122 1459; x_wconf 87' lang='lat' dir='ltr'>quae</span> <span class='ocrx_word' id='word_1_98' title='bbox 139 1382 252 1440; x_wconf 87' lang='lat' dir='ltr'>minime</span> <span class='ocrx_word' id='word_1_99' title='bbox 266 1380 367 1440; x_wconf 87' lang='lat' dir='ltr'>vellet.</span> <span class='ocrx_word' id='word_1_100' title='bbox 401 1379 563 1440; x_wconf 89' lang='lat' dir='ltr'>Ridiculum</span> <span class='ocrx_word' id='word_1_101' title='bbox 580 1390 625 1440; x_wconf 88' lang='lat' dir='ltr'>est</span> <span class='ocrx_word' id='word_1_102' title='bbox 641 1399 713 1458; x_wconf 83' lang='lat' dir='ltr'>ergo</span> <span class='ocrx_word' id='word_1_103' title='bbox 729 1385 758 1442; x_wconf 91' lang='lat' dir='ltr'>in</span> <span class='ocrx_word' id='word_1_104' title='bbox 775 1385 1085 1458; x_wconf 77' lang='lat' dir='ltr'>exercitationibus,l=l</span> 
     </span>
     <span class='ocr_line' id='line_1_15' title="bbox 44 1464 1042 1546; baseline 0.005 -23"><span class='ocrx_word' id='word_1_105' title='bbox 44 1481 123 1543; x_wconf 90' lang='lat' dir='ltr'>quae</span> <span class='ocrx_word' id='word_1_106' title='bbox 152 1464 218 1523; x_wconf 83' lang='lat' dir='ltr'>foro</span> <span class='ocrx_word' id='word_1_107' title='bbox 248 1473 471 1542; x_wconf 85' lang='lat' dir='ltr'>praeparantur,</span> <span class='ocrx_word' id='word_1_108' title='bbox 497 1466 577 1541; x_wconf 92' lang='lat' dir='ltr'>prius</span> <span class='ocrx_word' id='word_1_109' title='bbox 603 1468 750 1541; x_wconf 78' lang='lat' dir='ltr'>cogitare,</span> <span class='ocrx_word' id='word_1_110' title='bbox 766 1469 844 1544; x_wconf 89' lang='lat' dir='ltr'>-quid</span> <span class='ocrx_word' id='word_1_111' title='bbox 870 1470 1042 1546; x_wconf 90' lang='lat' dir='ltr'>responderi</span> 
     </span>
     <span class='ocr_line' id='line_1_16' title="bbox 45 1548 1042 1630; baseline 0.005 -24"><span class='ocrx_word' id='word_1_112' title='bbox 45 1566 134 1626; x_wconf 91' lang='lat' dir='ltr'>quam</span> <span class='ocrx_word' id='word_1_113' title='bbox 149 1548 215 1625; x_wconf 93' lang='lat' dir='ltr'>quid</span> <span class='ocrx_word' id='word_1_114' title='bbox 232 1566 269 1608; x_wconf 81' lang='lat' dir='ltr'>ex</span> <span class='ocrx_word' id='word_1_115' title='bbox 283 1548 400 1608; x_wconf 86' lang='lat' dir='ltr'>diverso</span> <span class='ocrx_word' id='word_1_116' title='bbox 415 1548 473 1607; x_wconf 91' lang='lat' dir='ltr'>dici</span> <span class='ocrx_word' id='word_1_117' title='bbox 491 1551 593 1625; x_wconf 88' lang='lat' dir='ltr'>possit.</span> <span class='ocrx_word' id='word_1_118' title='bbox 630 1549 667 1609; x_wconf 88' lang='lat' dir='ltr'>Et</span> <span class='ocrx_word' id='word_1_119' title='bbox 685 1549 777 1609; x_wconf 89' lang='lat' dir='ltr'>bonus</span> <span class='ocrx_word' id='word_1_120' title='bbox 794 1562 970 1630; x_wconf 89' lang='lat' dir='ltr'>praeceptor</span> <span class='ocrx_word' id='word_1_121' title='bbox 984 1570 1042 1613; x_wconf 90' lang='lat' dir='ltr'>non</span> 
     </span>
     <span class='ocr_line' id='line_1_17' title="bbox 43 1631 1041 1713; baseline 0.006 -23"><span class='ocrx_word' id='word_1_122' title='bbox 43 1633 139 1691; x_wconf 86' lang='lat' dir='ltr'>minus</span> <span class='ocrx_word' id='word_1_123' title='bbox 155 1631 271 1691; x_wconf 79' lang='lat' dir='ltr'>laudare</span> <span class='ocrx_word' id='word_1_124' title='bbox 289 1632 460 1709; x_wconf 89' lang='lat' dir='ltr'>discipulum</span> <span class='ocrx_word' id='word_1_125' title='bbox 478 1632 576 1707; x_wconf 87' lang='lat' dir='ltr'>debet,</span> <span class='ocrx_word' id='word_1_126' title='bbox 593 1635 617 1692; x_wconf 92' lang='lat' dir='ltr'>si</span> <span class='ocrx_word' id='word_1_127' title='bbox 633 1634 701 1711; x_wconf 90' lang='lat' dir='ltr'>quid</span> <span class='ocrx_word' id='word_1_128' title='bbox 717 1650 769 1710; x_wconf 94' lang='lat' dir='ltr'>pro</span> <span class='ocrx_word' id='word_1_129' title='bbox 786 1635 901 1694; x_wconf 85' lang='lat' dir='ltr'>diversa</span> <span class='ocrx_word' id='word_1_130' title='bbox 918 1639 1041 1713; x_wconf 88' lang='lat' dir='ltr'>quamsi</span> 
     </span>
     <span class='ocr_line' id='line_1_18' title="bbox 43 1714 1083 1794; baseline 0.004 -21"><span class='ocrx_word' id='word_1_131' title='bbox 43 1714 115 1794; x_wconf 92' lang='lat' dir='ltr'>quid</span> <span class='ocrx_word' id='word_1_132' title='bbox 131 1733 183 1792; x_wconf 96' lang='lat' dir='ltr'>pro</span> <span class='ocrx_word' id='word_1_133' title='bbox 200 1734 251 1775; x_wconf 89' lang='lat' dir='ltr'>sua</span> <span class='ocrx_word' id='word_1_134' title='bbox 267 1725 349 1794; x_wconf 90' lang='lat' dir='ltr'>parte</span> <span class='ocrx_word' id='word_1_135' title='bbox 364 1718 469 1776; x_wconf 88' lang='lat' dir='ltr'>acriter</span> <span class='ocrx_word' id='word_1_136' title='bbox 481 1718 669 1791; x_wconf 77' lang='lat' dir='ltr'>excogitavit.</span> <span class='ocrx_word' id='word_1_137' title='bbox 702 1716 812 1776; x_wconf 86' lang='lat' dir='ltr'>Rursus</span> <span class='ocrx_word' id='word_1_138' title='bbox 826 1719 903 1778; x_wconf 89' lang='lat' dir='ltr'>aliud</span> <span class='ocrx_word' id='word_1_139' title='bbox 917 1722 944 1778; x_wconf 92' lang='lat' dir='ltr'>in</span> <span class='ocrx_word' id='word_1_140' title='bbox 956 1721 1083 1779; x_wconf 79' lang='lat' dir='ltr'>sclao-45</span> 
     </span>
     <span class='ocr_line' id='line_1_19' title="bbox 43 1799 1115 1881; baseline 0.002 -21"><span class='ocrx_word' id='word_1_141' title='bbox 43 1799 83 1860; x_wconf 86' lang='lat' dir='ltr'>lis</span> <span class='ocrx_word' id='word_1_142' title='bbox 99 1799 318 1876; x_wconf 89' lang='lat' dir='ltr'>permittendum</span> <span class='ocrx_word' id='word_1_143' title='bbox 333 1818 464 1877; x_wconf 82' lang='lat' dir='ltr'>semper,</span> <span class='ocrx_word' id='word_1_144' title='bbox 490 1802 519 1858; x_wconf 89' lang='lat' dir='ltr'>in</span> <span class='ocrx_word' id='word_1_145' title='bbox 535 1800 600 1859; x_wconf 89' lang='lat' dir='ltr'>loro</span> <span class='ocrx_word' id='word_1_146' title='bbox 616 1818 720 1859; x_wconf 87' lang='lat' dir='ltr'>raram.</span> <span class='ocrx_word' id='word_1_147' title='bbox 756 1799 828 1860; x_wconf 89' lang='lat' dir='ltr'>Nam</span> <span class='ocrx_word' id='word_1_148' title='bbox 846 1802 934 1861; x_wconf 88' lang='lat' dir='ltr'>loco</span> <span class='ocrx_word' id='word_1_149' title='bbox 958 1821 1041 1881; x_wconf 90' lang='lat' dir='ltr'>ape·</span> <span class='ocrx_word' id='word_1_150' title='bbox 1113 1820 1115 1823; x_wconf 75' lang='grc'>’</span> 
     </span>
     <span class='ocr_line' id='line_1_20' title="bbox 42 1883 1041 1961; baseline 0.002 -19"><span class='ocrx_word' id='word_1_151' title='bbox 42 1885 135 1943; x_wconf 89' lang='lat' dir='ltr'>titore</span> <span class='ocrx_word' id='word_1_152' title='bbox 150 1884 267 1961; x_wconf 90' lang='lat' dir='ltr'>primo</span> <span class='ocrx_word' id='word_1_153' title='bbox 283 1883 511 1942; x_wconf 74' lang='lat' dir='ltr'>contradictione</span> <span class='ocrx_word' id='word_1_154' title='bbox 529 1885 571 1941; x_wconf 89' lang='lat' dir='ltr'>uti</span> <span class='ocrx_word' id='word_1_155' title='bbox 590 1886 639 1960; x_wconf 89' lang='lat' dir='ltr'>qui</span> <span class='ocrx_word' id='word_1_156' title='bbox 655 1901 823 1960; x_wconf 90' lang='lat' dir='ltr'>possumus,</span> <span class='ocrx_word' id='word_1_157' title='bbox 839 1885 886 1943; x_wconf 93' lang='lat' dir='ltr'>ubi</span> <span class='ocrx_word' id='word_1_158' title='bbox 906 1903 975 1944; x_wconf 84' lang='lat' dir='ltr'>vera</span> <span class='ocrx_word' id='word_1_159' title='bbox 992 1904 1041 1944; x_wconf 90' lang='lat' dir='ltr'>res</span> 
     </span>
     <span class='ocr_line' id='line_1_21' title="bbox 44 1965 1083 2044; baseline 0.001 -18"><span class='ocrx_word' id='word_1_160' title='bbox 44 1968 151 2044; x_wconf 77' lang='lat' dir='ltr'>agitur,</span> <span class='ocrx_word' id='word_1_161' title='bbox 169 1987 233 2027; x_wconf 88' lang='lat' dir='ltr'>cum</span> <span class='ocrx_word' id='word_1_162' title='bbox 250 1968 432 2029; x_wconf 86' lang='lat' dir='ltr'>adversarius</span> <span class='ocrx_word' id='word_1_163' title='bbox 450 1967 544 2027; x_wconf 89' lang='lat' dir='ltr'>adhuc</span> <span class='ocrx_word' id='word_1_164' title='bbox 561 1968 631 2027; x_wconf 88' lang='lat' dir='ltr'>nihil</span> <span class='ocrx_word' id='word_1_165' title='bbox 645 1965 770 2028; x_wconf 71' lang='lat' dir='ltr'>dixerit?</span> <span class='ocrx_word' id='word_1_166' title='bbox 799 1967 928 2028; x_wconf 86' lang='lat' dir='ltr'>Incidunt</span> <span class='ocrx_word' id='word_1_167' title='bbox 947 1974 1083 2028; x_wconf 79' lang='lat' dir='ltr'>tamenld</span> 
     </span>
     <span class='ocr_line' id='line_1_22' title="bbox 42 2051 1042 2131; baseline 0.002 -20"><span class='ocrx_word' id='word_1_168' title='bbox 42 2051 181 2131; x_wconf 89' lang='lat' dir='ltr'>plerique</span> <span class='ocrx_word' id='word_1_169' title='bbox 201 2053 229 2110; x_wconf 90' lang='lat' dir='ltr'>in</span> <span class='ocrx_word' id='word_1_170' title='bbox 250 2054 306 2113; x_wconf 91' lang='lat' dir='ltr'>hoe</span> <span class='ocrx_word' id='word_1_171' title='bbox 327 2054 424 2112; x_wconf 89' lang='lat' dir='ltr'>vitium</span> <span class='ocrx_word' id='word_1_172' title='bbox 450 2052 498 2110; x_wconf 89' lang='lat' dir='ltr'>vel</span> <span class='ocrx_word' id='word_1_173' title='bbox 530 2052 738 2112; x_wconf 87' lang='lat' dir='ltr'>cousuetudine</span> <span class='ocrx_word' id='word_1_174' title='bbox 761 2051 966 2112; x_wconf 88' lang='lat' dir='ltr'>declamatoria</span> <span class='ocrx_word' id='word_1_175' title='bbox 992 2054 1042 2113; x_wconf 86' lang='lat' dir='ltr'>vel</span> 
     </span>
     <span class='ocr_line' id='line_1_23' title="bbox 44 2134 1041 2214; baseline 0.002 -19"><span class='ocrx_word' id='word_1_176' title='bbox 44 2136 134 2195; x_wconf 87' lang='lat' dir='ltr'>etiam</span> <span class='ocrx_word' id='word_1_177' title='bbox 149 2135 304 2213; x_wconf 92' lang='lat' dir='ltr'>cupiditate</span> <span class='ocrx_word' id='word_1_178' title='bbox 326 2134 456 2209; x_wconf 87' lang='lat' dir='ltr'>dicendi,</span> <span class='ocrx_word' id='word_1_179' title='bbox 480 2136 605 2214; x_wconf 86' lang='lat' dir='ltr'>dantque</span> <span class='ocrx_word' id='word_1_180' title='bbox 620 2135 664 2194; x_wconf 75' lang='lat' dir='ltr'>‘de</span> <span class='ocrx_word' id='word_1_181' title='bbox 682 2154 715 2194; x_wconf 90' lang='lat' dir='ltr'>se</span> <span class='ocrx_word' id='word_1_182' title='bbox 735 2136 975 2212; x_wconf 89' lang='lat' dir='ltr'>respondentibus</span> <span class='ocrx_word' id='word_1_183' title='bbox 991 2155 1041 2197; x_wconf 88' lang='lat' dir='ltr'>ve·</span> 
     </span>
     <span class='ocr_line' id='line_1_24' title="bbox 43 2219 1042 2299; baseline 0.003 -20"><span class='ocrx_word' id='word_1_184' title='bbox 43 2220 228 2279; x_wconf 86' lang='lat' dir='ltr'>nustissimos</span> <span class='ocrx_word' id='word_1_185' title='bbox 244 2220 334 2294; x_wconf 85' lang='lat' dir='ltr'>lusus,</span> <span class='ocrx_word' id='word_1_186' title='bbox 353 2237 417 2279; x_wconf 92' lang='lat' dir='ltr'>cum</span> <span class='ocrx_word' id='word_1_187' title='bbox 433 2219 537 2294; x_wconf 83' lang='lat' dir='ltr'>modo,</span> <span class='ocrx_word' id='word_1_188' title='bbox 558 2239 593 2280; x_wconf 84' lang='lat' dir='ltr'>ae</span> <span class='ocrx_word' id='word_1_189' title='bbox 607 2238 680 2283; x_wconf 88' lang='lat' dir='ltr'>cero</span> <span class='ocrx_word' id='word_1_190' title='bbox 699 2220 776 2279; x_wconf 83' lang='lat' dir='ltr'>nibil</span> <span class='ocrx_word' id='word_1_191' title='bbox 789 2221 925 2298; x_wconf 73' lang='lat' dir='ltr'>dicione,</span> <span class='ocrx_word' id='word_1_192' title='bbox 944 2238 1042 2299; x_wconf 84' lang='lat' dir='ltr'>aeque</span> 
     </span>
     <span class='ocr_line' id='line_1_25' title="bbox 42 2303 1042 2375; baseline 0.001 -9"><span class='ocrx_word' id='word_1_193' title='bbox 42 2311 109 2366; x_wconf 82' lang='lat' dir='ltr'>tato</span> <span class='ocrx_word' id='word_1_194' title='bbox 123 2303 214 2364; x_wconf 66' lang='lat' dir='ltr'>aalide</span> <span class='ocrx_word' id='word_1_195' title='bbox 228 2306 383 2371; x_wconf 82' lang='lat' dir='ltr'>dicturoe;</span> <span class='ocrx_word' id='word_1_196' title='bbox 398 2305 497 2375; x_wconf 88' lang='lat' dir='ltr'>modo,</span> <span class='ocrx_word' id='word_1_197' title='bbox 520 2304 595 2365; x_wconf 86' lang='lat' dir='ltr'>berte</span> <span class='ocrx_word' id='word_1_198' title='bbox 612 2304 782 2364; x_wconf 76' lang='lat' dir='ltr'>admonitos</span> <span class='ocrx_word' id='word_1_199' title='bbox 802 2304 842 2364; x_wconf 83' lang='lat' dir='ltr'>ab</span> <span class='ocrx_word' id='word_1_200' title='bbox 859 2306 1042 2367; x_wconf 75' lang='lat' dir='ltr'>adversario</span> 
     </span>
     <span class='ocr_line' id='line_1_26' title="bbox 44 2387 1040 2465; baseline 0 -17"><span class='ocrx_word' id='word_1_201' title='bbox 44 2395 77 2449; x_wconf 78' lang='lat' dir='ltr'>ed</span> <span class='ocrx_word' id='word_1_202' title='bbox 94 2404 189 2464; x_wconf 77' lang='lat' dir='ltr'>opere</span> <span class='ocrx_word' id='word_1_203' title='bbox 202 2390 334 2465; x_wconf 72' lang='lat' dir='ltr'>prodidi,</span> <span class='ocrx_word' id='word_1_204' title='bbox 351 2390 433 2465; x_wconf 78' lang='lat' dir='ltr'>qdod</span> <span class='ocrx_word' id='word_1_205' title='bbox 447 2389 547 2449; x_wconf 86' lang='lat' dir='ltr'>adiuti</span> <span class='ocrx_word' id='word_1_206' title='bbox 560 2390 631 2463; x_wconf 76' lang='lat' dir='ltr'>ciat,</span> <span class='ocrx_word' id='word_1_207' title='bbox 647 2389 791 2453; x_wconf 89' lang='lat' dir='ltr'>iocantur;</span> <span class='ocrx_word' id='word_1_208' title='bbox 808 2387 1040 2464; x_wconf 83' lang='lat' dir='ltr'>frequentissime</span> 
     </span>
     <span class='ocr_line' id='line_1_27' title="bbox 43 2470 1041 2550; baseline 0.006 -22"><span class='ocrx_word' id='word_1_209' title='bbox 43 2486 134 2544; x_wconf 81' lang='lat' dir='ltr'>vero,</span> <span class='ocrx_word' id='word_1_210' title='bbox 158 2470 186 2529; x_wconf 90' lang='lat' dir='ltr'>id</span> <span class='ocrx_word' id='word_1_211' title='bbox 209 2472 284 2548; x_wconf 94' lang='lat' dir='ltr'>quod</span> <span class='ocrx_word' id='word_1_212' title='bbox 302 2471 490 2531; x_wconf 78' lang='lat' dir='ltr'>firmissimum</span> <span class='ocrx_word' id='word_1_213' title='bbox 510 2480 570 2547; x_wconf 87' lang='lat' dir='ltr'>est,</span> <span class='ocrx_word' id='word_1_214' title='bbox 590 2490 746 2548; x_wconf 77' lang='lat' dir='ltr'>reunquam</span> <span class='ocrx_word' id='word_1_215' title='bbox 765 2472 805 2531; x_wconf 78' lang='lat' dir='ltr'>iis</span> <span class='ocrx_word' id='word_1_216' title='bbox 825 2490 1041 2550; x_wconf 78' lang='lat' dir='ltr'>responsuram</span> 
     </span>
     <span class='ocr_line' id='line_1_28' title="bbox 44 2554 1042 2634; baseline 0.004 -19"><span class='ocrx_word' id='word_1_217' title='bbox 44 2554 263 2615; x_wconf 78' lang='lat' dir='ltr'>adversarium</span> <span class='ocrx_word' id='word_1_218' title='bbox 283 2555 397 2632; x_wconf 73' lang='lat' dir='ltr'>scisse,</span> <span class='ocrx_word' id='word_1_219' title='bbox 421 2572 501 2633; x_wconf 83' lang='lat' dir='ltr'>quoe</span> <span class='ocrx_word' id='word_1_220' title='bbox 514 2557 673 2634; x_wconf 80' lang='lat' dir='ltr'>preposito</span> <span class='ocrx_word' id='word_1_221' title='bbox 693 2575 752 2617; x_wconf 83' lang='lat' dir='ltr'>aon</span> <span class='ocrx_word' id='word_1_222' title='bbox 773 2564 887 2631; x_wconf 72' lang='lat' dir='ltr'>eorem,</span> <span class='ocrx_word' id='word_1_223' title='bbox 909 2558 969 2617; x_wconf 78' lang='lat' dir='ltr'>aiei</span> <span class='ocrx_word' id='word_1_224' title='bbox 987 2559 1042 2619; x_wconf 75' lang='lat' dir='ltr'>itte</span> 
     </span>
     <span class='ocr_line' id='line_1_29' title="bbox 43 2638 1042 2718; baseline 0.002 -20"><span class='ocrx_word' id='word_1_225' title='bbox 43 2638 141 2698; x_wconf 71' lang='lat' dir='ltr'>sciret</span> <span class='ocrx_word' id='word_1_226' title='bbox 156 2657 233 2699; x_wconf 81' lang='lat' dir='ltr'>cera</span> <span class='ocrx_word' id='word_1_227' title='bbox 249 2658 317 2700; x_wconf 78' lang='lat' dir='ltr'>ease</span> <span class='ocrx_word' id='word_1_228' title='bbox 327 2648 356 2700; x_wconf 86' lang='lat' dir='ltr'>et</span> <span class='ocrx_word' id='word_1_229' title='bbox 366 2640 578 2717; x_wconf 75' lang='lat' dir='ltr'>adficiendum</span> <span class='ocrx_word' id='word_1_230' title='bbox 589 2641 774 2700; x_wconf 75' lang='lat' dir='ltr'>coneedendo</span> <span class='ocrx_word' id='word_1_231' title='bbox 786 2650 867 2700; x_wconf 75' lang='lat' dir='ltr'>earet</span> <span class='ocrx_word' id='word_1_232' title='bbox 876 2641 1042 2718; x_wconf 69' lang='lat' dir='ltr'>impulsare,-</span> 
     </span>
     <span class='ocr_line' id='line_1_30' title="bbox 44 2719 1081 2802; baseline 0.005 -23"><span class='ocrx_word' id='word_1_233' title='bbox 44 2729 78 2779; x_wconf 83' lang='lat' dir='ltr'>nt</span> <span class='ocrx_word' id='word_1_234' title='bbox 91 2737 145 2798; x_wconf 92' lang='lat' dir='ltr'>pro</span> <span class='ocrx_word' id='word_1_235' title='bbox 165 2719 297 2783; x_wconf 85' lang='lat' dir='ltr'>Cluentio</span> <span class='ocrx_word' id='word_1_236' title='bbox 314 2721 435 2782; x_wconf 86' lang='lat' dir='ltr'>Cicero:</span> <span class='ocrx_word' id='word_1_237' title='bbox 459 2721 539 2783; x_wconf 82' lang='lat' dir='ltr'>Nom</span> <span class='ocrx_word' id='word_1_238' title='bbox 553 2724 610 2783; x_wconf 87' lang='lat' dir='ltr'>boc</span> <span class='ocrx_word' id='word_1_239' title='bbox 622 2741 775 2802; x_wconf 78' lang='lat' dir='ltr'>persaepe</span> <span class='ocrx_word' id='word_1_240' title='bbox 790 2725 912 2797; x_wconf 68' lang='lat' dir='ltr'>dixisti,</span> <span class='ocrx_word' id='word_1_241' title='bbox 929 2725 982 2784; x_wconf 83' lang='lat' dir='ltr'>tibi</span> <span class='ocrx_word' id='word_1_242' title='bbox 994 2725 1081 2784; x_wconf 73' lang='lat' dir='ltr'>siclt</span> 
     </span>
     <span class='ocr_line' id='line_1_31' title="bbox 43 2806 1042 2885; baseline 0.004 -22"><span class='ocrx_word' id='word_1_243' title='bbox 43 2808 235 2881; x_wconf 73' lang='lat' dir='ltr'>remotiori,</span> <span class='ocrx_word' id='word_1_244' title='bbox 260 2826 307 2868; x_wconf 90' lang='lat' dir='ltr'>me</span> <span class='ocrx_word' id='word_1_245' title='bbox 329 2807 445 2869; x_wconf 86' lang='lat' dir='ltr'>ddbere</span> <span class='ocrx_word' id='word_1_246' title='bbox 461 2808 494 2867; x_wconf 82' lang='lat' dir='ltr'>iri</span> <span class='ocrx_word' id='word_1_247' title='bbox 514 2809 614 2867; x_wconf 81' lang='lat' dir='ltr'>anime</span> <span class='ocrx_word' id='word_1_248' title='bbox 636 2825 764 2868; x_wconf 76' lang='lat' dir='ltr'>caueam</span> <span class='ocrx_word' id='word_1_249' title='bbox 783 2806 865 2867; x_wconf 83' lang='lat' dir='ltr'>duae</span> <span class='ocrx_word' id='word_1_250' title='bbox 883 2808 1042 2885; x_wconf 76' lang='lat' dir='ltr'>praecidio</span> 
     </span>
     <span class='ocr_line' id='line_1_32' title="bbox 45 2888 1096 2969; baseline 0.002 -21"><span class='ocrx_word' id='word_1_251' title='bbox 45 2888 126 2966; x_wconf 75' lang='lat' dir='ltr'>lepis</span> <span class='ocrx_word' id='word_1_252' title='bbox 140 2890 316 2968; x_wconf 79' lang='lat' dir='ltr'>defendere.</span> <span class='ocrx_word' id='word_1_253' title='bbox 351 2888 441 2951; x_wconf 79' lang='lat' dir='ltr'>lianc</span> <span class='ocrx_word' id='word_1_254' title='bbox 455 2892 522 2952; x_wconf 80' lang='lat' dir='ltr'>eat?</span> <span class='ocrx_word' id='word_1_255' title='bbox 545 2891 585 2951; x_wconf 85' lang='lat' dir='ltr'>eb</span> <span class='ocrx_word' id='word_1_256' title='bbox 609 2893 718 2952; x_wconf 79' lang='lat' dir='ltr'>amieis</span> <span class='ocrx_word' id='word_1_257' title='bbox 737 2892 944 2968; x_wconf 77' lang='lat' dir='ltr'>imprudentes</span> <span class='ocrx_word' id='word_1_258' title='bbox 958 2891 1041 2950; x_wconf 82' lang='lat' dir='ltr'>oide-</span> <span class='ocrx_word' id='word_1_259' title='bbox 1090 2956 1096 2969; x_wconf 36' lang='lat'>¹</span> 
     </span>
     <span class='ocr_line' id='line_1_33' title="bbox 45 2973 1041 3053; baseline 0.001 -19"><span class='ocrx_word' id='word_1_260' title='bbox 45 2973 118 3034; x_wconf 83' lang='lat' dir='ltr'>lieet</span> <span class='ocrx_word' id='word_1_261' title='bbox 129 2975 312 3052; x_wconf 82' lang='lat' dir='ltr'>prodimur?</span> <span class='ocrx_word' id='word_1_262' title='bbox 328 2983 356 3036; x_wconf 88' lang='lat' dir='ltr'>et</span> <span class='ocrx_word' id='word_1_263' title='bbox 370 2982 416 3035; x_wconf 78' lang='lat' dir='ltr'>ert</span> <span class='ocrx_word' id='word_1_264' title='bbox 431 2976 534 3036; x_wconf 82' lang='lat' dir='ltr'>nescio</span> <span class='ocrx_word' id='word_1_265' title='bbox 551 2976 621 3052; x_wconf 80' lang='lat' dir='ltr'>quic</span> <span class='ocrx_word' id='word_1_266' title='bbox 634 2977 674 3036; x_wconf 88' lang='lat' dir='ltr'>de</span> <span class='ocrx_word' id='word_1_267' title='bbox 688 2976 745 3048; x_wconf 81' lang='lat' dir='ltr'>iis,</span> <span class='ocrx_word' id='word_1_268' title='bbox 768 2992 843 3053; x_wconf 80' lang='lat' dir='ltr'>quoe</span> <span class='ocrx_word' id='word_1_269' title='bbox 859 2975 975 3035; x_wconf 79' lang='lat' dir='ltr'>amieos</span> <span class='ocrx_word' id='word_1_270' title='bbox 988 2992 1041 3034; x_wconf 83' lang='lat' dir='ltr'>reo·</span> 
     </span>
     <span class='ocr_line' id='line_1_34' title="bbox 45 3058 1041 3138; baseline -0.001 -19"><span class='ocrx_word' id='word_1_271' title='bbox 45 3058 95 3119; x_wconf 81' lang='lat' dir='ltr'>bis</span> <span class='ocrx_word' id='word_1_272' title='bbox 108 3058 316 3136; x_wconf 84' lang='lat' dir='ltr'>arbitramur,</span> <span class='ocrx_word' id='word_1_273' title='bbox 337 3060 391 3138; x_wconf 86' lang='lat' dir='ltr'>qui</span> <span class='ocrx_word' id='word_1_274' title='bbox 410 3067 515 3120; x_wconf 79' lang='lat' dir='ltr'>nostra</span> <span class='ocrx_word' id='word_1_275' title='bbox 537 3059 666 3120; x_wconf 80' lang='lat' dir='ltr'>coneilio</span> <span class='ocrx_word' id='word_1_276' title='bbox 687 3060 731 3120; x_wconf 86' lang='lat' dir='ltr'>nd</span> <span class='ocrx_word' id='word_1_277' title='bbox 750 3060 967 3119; x_wconf 76' lang='lat' dir='ltr'>adversarium</span> <span class='ocrx_word' id='word_1_278' title='bbox 990 3059 1041 3118; x_wconf 86' lang='lat' dir='ltr'>de·</span> 
     </span>
     <span class='ocr_line' id='line_1_35' title="bbox 44 3140 1042 3221; baseline 0.001 -19"><span class='ocrx_word' id='word_1_279' title='bbox 44 3141 150 3220; x_wconf 63' lang='lat' dir='ltr'>[muti</span> <span class='ocrx_word' id='word_1_280' title='bbox 181 3140 328 3216; x_wconf 72' lang='lat' dir='ltr'>(dadonem</span> <span class='ocrx_word' id='word_1_281' title='bbox 347 3145 404 3204; x_wconf 80' lang='lat' dir='ltr'>tue</span> <span class='ocrx_word' id='word_1_282' title='bbox 419 3144 473 3203; x_wconf 85' lang='lat' dir='ltr'>tibi</span> <span class='ocrx_word' id='word_1_283' title='bbox 493 3144 699 3204; x_wconf 72' lang='lat' dir='ltr'>renuntiavit?</span> <span class='ocrx_word' id='word_1_284' title='bbox 718 3144 786 3220; x_wconf 79' lang='lat' dir='ltr'>quio</span> <span class='ocrx_word' id='word_1_285' title='bbox 806 3149 868 3203; x_wconf 85' lang='lat' dir='ltr'>tam</span> <span class='ocrx_word' id='word_1_286' title='bbox 889 3142 1042 3221; x_wconf 77' lang='lat' dir='ltr'>improbus</span> 
     </span>
     <span class='ocr_line' id='line_1_36' title="bbox 45 3225 1043 3306; baseline 0 -19"><span class='ocrx_word' id='word_1_287' title='bbox 45 3227 122 3305; x_wconf 64' lang='lat' dir='ltr'>fidit</span> <span class='ocrx_word' id='word_1_288' title='bbox 143 3230 195 3288; x_wconf 84' lang='lat' dir='ltr'>eui</span> <span class='ocrx_word' id='word_1_289' title='bbox 210 3247 265 3306; x_wconf 71' lang='lat' dir='ltr'>epo</span> <span class='ocrx_word' id='word_1_290' title='bbox 281 3237 381 3290; x_wconf 84' lang='lat' dir='ltr'>autem</span> <span class='ocrx_word' id='word_1_291' title='bbox 395 3229 549 3289; x_wconf 77' lang='lat' dir='ltr'>aorraoii</span> <span class='ocrx_word' id='word_1_292' title='bbox 579 3225 689 3302; x_wconf 83' lang='lat' dir='ltr'>Nemo,</span> <span class='ocrx_word' id='word_1_293' title='bbox 704 3235 738 3287; x_wconf 84' lang='lat' dir='ltr'>ct</span> <span class='ocrx_word' id='word_1_294' title='bbox 751 3227 875 3304; x_wconf 79' lang='lat' dir='ltr'>opinor,</span> <span class='ocrx_word' id='word_1_295' title='bbox 896 3227 929 3287; x_wconf 85' lang='lat' dir='ltr'>ia</span> <span class='ocrx_word' id='word_1_296' title='bbox 948 3226 1043 3304; x_wconf 85' lang='lat' dir='ltr'>eulpa</span> 
     </span>
     <span class='ocr_line' id='line_1_37' title="bbox 46 3309 1084 3390; baseline -0.006 -16"><span class='ocrx_word' id='word_1_297' title='bbox 46 3319 112 3380; x_wconf 57' lang='lat' dir='ltr'>cau·</span> <span class='ocrx_word' id='word_1_298' title='bbox 131 3313 274 3374; x_wconf 82' lang='lat' dir='ltr'>nimirum</span> <span class='ocrx_word' id='word_1_299' title='bbox 294 3314 348 3374; x_wconf 87' lang='lat' dir='ltr'>tibi</span> <span class='ocrx_word' id='word_1_300' title='bbox 367 3312 451 3373; x_wconf 78' lang='lat' dir='ltr'>istud</span> <span class='ocrx_word' id='word_1_301' title='bbox 470 3313 523 3373; x_wconf 77' lang='lat' dir='ltr'>ten</span> <span class='ocrx_word' id='word_1_302' title='bbox 542 3313 612 3390; x_wconf 77' lang='lat' dir='ltr'>ipsa</span> <span class='ocrx_word' id='word_1_303' title='bbox 627 3312 822 3374; x_wconf 74' lang='lat' dir='ltr'>renuntiavit.</span> <span class='ocrx_word' id='word_1_304' title='bbox 866 3309 906 3369; x_wconf 82' lang='lat' dir='ltr'>At</span> <span class='ocrx_word' id='word_1_305' title='bbox 928 3311 1084 3389; x_wconf 80' lang='lat' dir='ltr'>qnidam48</span> 
     </span>
     <span class='ocr_line' id='line_1_38' title="bbox 47 3394 1039 3472; baseline -0.005 -17"><span class='ocrx_word' id='word_1_306' title='bbox 47 3397 276 3456; x_wconf 86' lang='lat' dir='ltr'>contradictione</span> <span class='ocrx_word' id='word_1_307' title='bbox 310 3414 368 3456; x_wconf 89' lang='lat' dir='ltr'>non</span> <span class='ocrx_word' id='word_1_308' title='bbox 394 3398 521 3456; x_wconf 90' lang='lat' dir='ltr'>contenti</span> <span class='ocrx_word' id='word_1_309' title='bbox 547 3404 626 3455; x_wconf 91' lang='lat' dir='ltr'>totos</span> <span class='ocrx_word' id='word_1_310' title='bbox 651 3396 737 3454; x_wconf 88' lang='lat' dir='ltr'>etiam</span> <span class='ocrx_word' id='word_1_311' title='bbox 762 3394 846 3454; x_wconf 92' lang='lat' dir='ltr'>locos</span> <span class='ocrx_word' id='word_1_312' title='bbox 879 3396 1039 3472; x_wconf 85' lang='lat' dir='ltr'>explicant:</span> 
     </span>
     <span class='ocr_line' id='line_1_39' title="bbox 46 3474 1041 3557; baseline -0.009 -14"><span class='ocrx_word' id='word_1_313' title='bbox 46 3482 132 3543; x_wconf 79' lang='lat' dir='ltr'>reiro</span> <span class='ocrx_word' id='word_1_314' title='bbox 145 3500 179 3543; x_wconf 80' lang='lat' dir='ltr'>ae</span> <span class='ocrx_word' id='word_1_315' title='bbox 189 3481 245 3544; x_wconf 86' lang='lat' dir='ltr'>boc</span> <span class='ocrx_word' id='word_1_316' title='bbox 258 3482 395 3543; x_wconf 82' lang='lat' dir='ltr'>dicturos</span> <span class='ocrx_word' id='word_1_317' title='bbox 405 3481 605 3543; x_wconf 76' lang='lat' dir='ltr'>adversarior</span> <span class='ocrx_word' id='word_1_318' title='bbox 619 3487 650 3539; x_wconf 88' lang='lat' dir='ltr'>et</span> <span class='ocrx_word' id='word_1_319' title='bbox 658 3480 702 3540; x_wconf 86' lang='lat' dir='ltr'>ito</span> <span class='ocrx_word' id='word_1_320' title='bbox 710 3486 936 3557; x_wconf 79' lang='lat' dir='ltr'>perrecrdaros.</span> <span class='ocrx_word' id='word_1_321' title='bbox 957 3474 1041 3551; x_wconf 83' lang='lat' dir='ltr'>Quod</span> 
     </span>
    </p>
   </div>
   <div class='ocr_carea' id='block_1_4' title="bbox 0 0 1222 3925">
    <p class='ocr_par' dir='ltr' id='par_1_5' title="bbox 0 0 1222 3925">
     <span class='ocr_line' id='line_1_40' title="bbox 0 0 1222 3925; baseline 0 0"><span class='ocrx_word' id='word_1_322' title='bbox 0 0 1222 3925; x_wconf 95' lang='lat' dir='ltr'> </span> 
     </span>
    </p>
   </div>
  </div>
 </body>
</html>
