2434 3925
285 181 375 229 nisu.
389 181 619 260 calnomum.
633 183 698 248 xu,
712 181 753 233 ιο.
967 168 1027 229 269

37 349 57 399 t
92 339 206 399 alienis
226 335 340 411 verbis,
367 352 430 395 cum
453 353 504 397 sua
527 336 631 414 cuique
653 338 709 395 sint
732 337 877 414 assignata
895 333 1028 396 nomina?

36 426 164 501 emique
187 421 413 498 antiquissimum
431 438 579 498 quemque·
591 422 714 480 maxime
730 421 886 480 secuudum
903 430 1071 483 naturamlt

36 512 137 568 xisse
158 505 351 569 contendunt:
374 521 442 563 mox
462 506 558 581 poetis
578 505 732 564 similiores
749 507 896 581 extitisse,
920 507 1029 565 etiamsi

36 594 163 667 incius,
193 589 278 648 simili
303 597 398 647 tamen
422 591 550 663 ratione,
577 588 651 648 falsa
679 598 708 648 et
732 591 889 667 impropria
909 590 1030 648 virtutes

36 684 182 736 scentes.
213 671 276 746 Qua
290 673 318 730 in
333 672 525 749 disputatione
540 673 667 733 nonnihil
682 674 744 731 veri
761 682 816 748 est,
831 673 958 751 ideoque
974 689 1031 731 non

36 779 79 818 m
103 758 231 838 procul,
254 775 338 835 qnam
359 757 390 815 lit
411 757 630 835 aquibusdam,
657 757 852 817 recedendum
874 758 1031 834 apropriis

36 861 116 921 que
133 840 342 902 communibus.
376 841 407 899 Si
423 843 487 918 quis
503 850 612 915 tamen,
635 849 666 899 nt
681 844 709 900 in
729 842 797 900 loco
814 842 872 901 dixi
888 841 1073 918 composi-‘43

36 928 133 1002 onis,
157 926 195 985 ad
210 926 393 999 necessaria,
411 925 513 1003 quibus
530 925 599 984 nihil
617 927 707 984 minus
725 934 786 1001 est,
808 925 915 1003 aliquid
930 925 1033 983 rnelius

36 1012 190 1072 diecerit:
211 1027 268 1068 non
286 1011 339 1067 erit
354 1006 408 1067 hac
425 1009 565 1068 calumnia
581 1009 847 1087 reprehendendus.
879 1008 950 1068 Nam
965 1007 1033 1067 mihi

36 1097 115 1155 iiam
132 1093 275 1172 quandam
293 1093 406 1152 videtur
422 1093 530 1163 habere
550 1102 677 1153 naturam
694 1111 789 1153 sermo
805 1094 934 1170 vulgaris
950 1093 1034 1152 aliam

36 1181 79 1239 iri
99 1177 269 1261 eloquentis
288 1179 395 1245 oratio;
423 1179 470 1236 eui
485 1178 509 1236 si
527 1195 575 1236 res
596 1178 682 1237 modo
703 1179 831 1238 indicare
850 1178 919 1237 satis
938 1185 1032 1235 esset:

36 1263 101 1322 ihil
122 1261 201 1321 ultra
218 1260 372 1321 verborum
390 1263 599 1339 proprietatem
623 1249 803 1329 elaboraret;
826 1260 879 1320 sed
900 1279 963 1320 curn
984 1260 1033 1319 de-

38 1355 100 1406 eat
118 1345 287 1419 delectare,
309 1362 445 1420 movere,
468 1348 496 1405 in
516 1344 654 1424 plurimas
673 1348 794 1405 animum
810 1345 951 1404 audientis
967 1361 1033 1422 spe·

37 1434 93 1490 ies
109 1429 282 1507 impellere:
311 1437 407 1488 utetur
425 1429 468 1488 his
490 1438 607 1507 quoque
629 1429 793 1504 adiutoriis,
821 1447 895 1507 quae
918 1427 1034 1486 suntab

36 1514 136 1574 :adem
151 1512 235 1572 nobis
252 1529 393 1573 concessa
409 1523 518 1572 natura.
549 1512 621 1573 Nam
637 1523 666 1572 et
682 1514 809 1574 lacertos
825 1513 1076 1573 exercitationebd

36 1599 238 1674 tonstringere
262 1607 291 1656 et
317 1615 424 1673 augere
446 1600 525 1656 vires
547 1606 577 1657 et
598 1598 730 1657 colorem
749 1597 881 1672 trahere,
903 1595 1034 1655 naturale

36 1692 88 1743 est.
122 1682 252 1760 Ideoque
268 1683 296 1739 in
313 1681 443 1740 omnibus
460 1681 595 1757 gentibus
618 1681 690 1741 alius
707 1682 764 1741 alio
782 1680 933 1741 facundior
946 1679 1034 1738 habe·

38 1786 79 1825 ur
97 1774 127 1825 et
143 1765 289 1843 loquendo
306 1765 398 1834 dulcis
413 1768 514 1842 magis.
549 1764 674 1838 Quodsi
690 1784 748 1824 non
765 1767 912 1825 eveniret:
935 1782 1035 1823 omnes

36 1868 123 1910 iares
139 1857 248 1924 essent,
266 1859 299 1915 et.
307 1849 382 1908 idem
397 1865 497 1908 omnes
513 1850 647 1917 deceret;
664 1859 692 1910 at
708 1850 862 1927 loquuntur
873 1858 903 1907 et
919 1855 1036 1907 servant
1126 1864 1128 1869 ’

36 1951 225 2014 personarum
241 1933 404 1993 discrimen.
431 1932 484 2009 lta,
501 1951 558 2013 quo
575 1935 698 2012 quisque
716 1934 781 2012 plus
798 1933 888 1993 elficit
900 1931 1034 2006 dicendo,

36 2037 94 2078 roc
108 2020 199 2095 magis
216 2018 372 2077 secundum
388 2027 516 2078 naturam
533 2020 718 2097 eloquentiae
735 2019 813 2078 dicit.
852 2015 1078 2095 Quapropter45

36 2123 70 2162 ne
91 2102 148 2161 illis
167 2102 281 2179 quidem
297 2103 410 2162 ninnium
426 2121 574 2181 repugno,
592 2105 640 2181 qui
657 2102 779 2162 dandum
795 2110 894 2180 putant
910 2100 1036 2159 nonnihil

36 2189 124 2246 etiam
147 2185 326 2264 temporibus
350 2196 436 2263 atque
463 2188 578 2247 auribus
602 2188 717 2246 nitidius
735 2186 843 2265 aliquid
860 2193 946 2263 atque
967 2185 1036 2243 effe-

36 2273 112 2330 ctius
137 2269 359 2347 postulantibus.
396 2270 496 2349 ltaque
521 2289 578 2330 non
604 2271 698 2330 solum
725 2270 760 2330 ad
786 2272 901 2348 priores
926 2267 1037 2328 Gatone

36 2353 236 2431 Gracchisque
255 2354 306 2414 sed
330 2372 366 2411 ne
383 2354 417 2412 ad
439 2353 492 2413 hos
513 2355 628 2433 quidem
651 2356 733 2433 ipsos
756 2362 902 2413 oratorem
918 2354 1037 2430 alligan-

36 2438 105 2498 dum
124 2446 202 2515 puto.
233 2436 329 2515 Atque
344 2438 372 2497 id
388 2438 496 2496 iecisse
515 2435 553 2496 ld.
568 2438 691 2497 'lollium
705 2437 803 2514 video,
820 2447 851 2497 ut
864 2456 928 2497 cum
945 2440 1038 2497 omnia

37 2520 153 2581 utilitati
164 2530 223 2580 turn
233 2531 344 2599 partem
358 2521 497 2599 quandam
510 2522 697 2581 delectationi
713 2521 809 2590 daret;
827 2541 890 2581 cum
903 2531 932 2582 et
946 2525 1038 2601 ipsam

38 2623 74 2663 se
90 2623 149 2664 rem
163 2624 251 2682 agere
267 2606 389 2681 diceret,
407 2615 509 2681 ageret
525 2616 620 2665 autem
635 2608 758 2666 manime
773 2605 938 2683 litigatoris.
967 2605 1040 2664 Narn

38 2688 99 2747 hoc
116 2690 177 2766 ipso
193 2689 340 2767 proderat,
358 2690 435 2768 qnod
450 2690 596 2767 placebat.
628 2690 674 2751 Ad
691 2692 772 2750 ouius
788 2691 954 2769 voluptates
970 2688 1081 2747 nihillti

42 2772 173 2851 equidem
189 2772 265 2851 quod
281 2774 346 2833 addi
362 2775 456 2851 possit
471 2775 602 2850 invenio,
619 2776 673 2834 nisi
689 2784 720 2834 ut
735 2792 838 2833 sensus
854 2791 907 2832 nos
925 2773 1040 2850 quidem

42 2856 166 2915 dicamus
183 2857 292 2935 plures.
329 2856 433 2936 Neque
457 2861 531 2917 enim
552 2876 610 2918 non
631 2860 694 2918 lieri
717 2866 815 2935 potest
839 2857 919 2917 salva
935 2865 1039 2915 tracta-

44 2941 123 3000 tione
140 2959 242 3001 causae
266 2950 294 3000 et
310 2942 424 3001 dicendi
446 2946 636 3018 auctoritate,
661 2944 685 3000 si
707 2959 763 3000 non
788 2941 890 3001 crebra
908 2941 982 3008 baec
998 2940 1039 2999 lu·

46 3025 118 3083 mina
137 3035 164 3084 et
185 3027 317 3085 continua
339 3026 444 3085 fuerint
466 3036 494 3085 et
511 3028 634 3085 invicem
656 3026 817 3085 offecerint.
852 3024 910 3084 Sed
926 3043 971 3083 me
990 3025 1081 3083 hali

48 3118 144 3167 etenus
157 3110 305 3168 cedentem
318 3127 402 3169 nemo
416 3112 584 3188 insequatur
598 3111 682 3169 ultra.
704 3109 751 3169 Do
766 3111 902 3187 tempori,
918 3128 954 3168 ne
967 3109 1039 3168 hirta

47 3198 115 3268 toga
134 3196 183 3268 sit,
208 3210 266 3252 nou
289 3203 319 3253 ut
340 3196 449 3262 serica;
476 3214 512 3255 ne
535 3196 677 3253 intonsum
694 3202 795 3293 caput,
818 3209 875 3252 non
890 3195 918 3251 in
933 3192 1040 3269 gradus

50 3285 132 3354 atque
151 3278 249 3337 anulos
270 3289 429 3356 comptum;
457 3297 520 3338 oum
544 3278 694 3377 eoquod,
717 3278 821 3337 sinon
843 3277 877 3337 ad
900 3278 1041 3336 luxuriam

51 3375 84 3416 ae
98 3359 234 3421 libidinem
250 3362 379 3438 referas,
404 3364 505 3422 eadem
523 3363 704 3441 speciosiora
728 3378 845 3440 quoque
868 3363 940 3436 sint,
966 3377 1040 3438 qnae

52 3440 217 3505 honestiora
252 3445 386 3528 Ceterum
409 3446 481 3524 hoc,
505 3447 582 3526 quod
605 3446 694 3524 vulgo
718 3447 932 3506 sententias
953 3460 1040 3502 voca·
1030 3449 1083 3502 -tit
