2434 3925
115 253 116 256 η
202 206 240 266 14
510 217 871 278 m.unu.ou1nn1n1nu1

156 372 429 437 reconventione
444 371 582 432 ordinem.
612 370 759 432 Defensor
773 380 867 432 autem
883 389 999 450 semper
1011 372 1089 450 prius
1106 391 1207 453 nega·

197 457 239 517 bit
261 475 330 516 esse
350 457 475 532 factum,
500 458 584 535 qnia,
607 456 632 515 si
653 457 682 515 in
698 456 753 514 hac
768 464 851 534 parte
865 458 985 532 vicerit,
1006 457 1121 534 reliqua
1138 476 1205 518 non

197 558 322 601 necesse
332 540 420 600 babet
435 540 548 607 dicere;
564 540 643 599 victo
655 549 804 618 superest,
818 548 848 599 ut
863 541 937 598 tueri
952 557 985 599 se
1000 542 1104 618 possit.
1130 541 1203 602 Illic

199 642 333 704 quoque,
353 624 402 683 ubi
425 623 462 684 de
481 624 561 684 facto
575 632 682 687 tantum
699 625 897 682 controversia
914 632 974 699 est,
994 624 1111 701 quodsi
1128 644 1200 703 pro-

196 707 296 784 betur,
322 724 380 767 non
402 708 495 787 possit
518 707 554 767 de
577 716 696 766 auctore
716 706 855 783 dubitari,
877 707 1008 767 similiter
1027 719 1196 784 argumenta

198 801 227 852 et
243 810 281 851 ex
295 809 421 870 persona
439 801 469 851 et
484 809 569 850 exre
585 791 741 865 ducuntur,
757 791 810 850 sed
826 792 853 850 in
864 810 947 851 unam
962 792 1031 854 facti
1046 794 1194 869 quaestio·

154 882 277 952 linem,
290 877 365 935 sicut
376 877 404 935 in
414 876 464 934 illa
472 875 685 934 controversia:
700 873 849 952 (utendum
861 884 906 934 est
916 876 990 934 euim
1003 874 1086 934 ethis
1098 894 1194 935 erem·

196 960 269 1038 piis,
292 968 447 1037 quaesunt
464 958 641 1018 discentibus
656 959 747 1035 magis
763 958 928 1037 familiaria)
945 958 1117 1020 Abdicatus
1131 978 1193 1021 me·

196 1045 321 1105 dieiuoe
338 1045 462 1104 studuit.
502 1041 576 1103 Cum
589 1051 682 1121 poter
702 1044 768 1104 eius
788 1051 980 1122 aegrotaret,
1002 1043 1194 1121 desperanti-

196 1129 253 1189 bus
268 1127 308 1188 de
327 1146 363 1188 eo
382 1128 492 1188 ceteris
505 1127 648 1203 medicis,
671 1127 841 1201 adbibitus,
861 1136 1042 1188 sanaturum
1055 1146 1091 1187 cs
1106 1129 1194 1202 dimit,

196 1214 224 1272 si
237 1212 265 1271 is
275 1212 426 1288 potonem
441 1229 462 1271 u
475 1230 510 1272 se
526 1212 630 1272 dutum
646 1211 777 1271 bibisset.
814 1208 923 1289 Pater,
938 1220 1086 1289 acceptae
1099 1214 1196 1289 potio

195 1297 244 1356 uis
269 1302 359 1373 epota
379 1303 486 1373 porte,
508 1295 605 1370 dixit,
620 1313 767 1354 venenum
781 1295 840 1355 eibi
855 1296 978 1364 datum
997 1293 1094 1371 fidius,
1113 1297 1197 1373 quod

196 1380 344 1455 reliquum
356 1387 441 1455 erut,
453 1378 609 1452 ecbuusit,
623 1387 715 1456 poter
725 1379 865 1454 decessit,
880 1381 931 1441 iiie
939 1379 1108 1456 parricidii
1121 1399 1195 1439 reue

154 1467 189 1520 18
197 1471 251 1523 est.
274 1461 470 1537 Manifestum,
487 1463 550 1540 quis
566 1463 714 1540 potionem
729 1461 856 1538 dederit,
874 1480 948 1541 quae
966 1465 990 1521 si
1004 1464 1111 1520 veneni
1125 1464 1195 1522 fuit:

197 1545 275 1605 nulla
299 1547 430 1624 quaestio
456 1545 492 1605 de
517 1555 651 1614 auctorc3
676 1555 786 1621 tamen,
811 1563 847 1605 an
869 1564 1009 1605 venenum
1027 1546 1133 1622 fuerit,
1160 1564 1197 1606 ex

197 1631 373 1705 argumentis
389 1647 405 1689 a
420 1647 545 1708 persona
560 1630 653 1689 ductis
670 1630 833 1707 colligetur.
862 1631 1004 1708 Superest
1017 1630 1151 1704 tertium,
1168 1631 1198 1688 in

198 1730 255 1791 quo
270 1714 378 1773 factum
393 1732 460 1773 esse
474 1723 587 1773 constat
602 1713 723 1792 aliquid;
742 1731 759 1773 a
774 1730 831 1791 quo
847 1715 884 1774 sit
899 1714 1020 1788 iactum,
1036 1714 1194 1791 quaeritur.

198 1794 285 1857 Cuius
302 1798 345 1856 rei
366 1791 576 1875 supervacuum
597 1806 643 1857 est
659 1815 769 1875 ponere
788 1799 967 1876 exemplum,
989 1815 1053 1856 cum
1072 1798 1195 1874 plurima

197 1882 253 1940 sint
269 1881 430 1941 huiusmodi
447 1883 567 1958 iudicia,
583 1890 615 1941 ut
630 1882 773 1941 hominem
788 1883 917 1941 occisum
932 1899 999 1941 esse
1014 1881 1195 1940 manifestum

196 1968 234 2025 sit
255 1967 305 2026 vei
326 1967 511 2045 sacrilegium
531 1968 729 2043 commissum,
749 1968 774 2026 is
798 1976 908 2044 autem,
932 1968 979 2046 qui
1001 1967 1131 2043 arguitur
1153 1966 1195 2025 fe-

196 2051 290 2125 cisse,
307 2059 405 2128 neget.

279 2133 325 2193 Ex
350 2134 407 2193 hoc
429 2135 555 2196 nascitur
577 2124 812 2218 ἆντικατηγορία.
856 2134 962 2212 Utique
990 2135 1063 2193 enim
1089 2133 1195 2192 factum

157 2223 190 2277 19
197 2235 264 2276 esse
281 2219 433 2294 convenit,
456 2219 533 2297 quod
551 2218 607 2278 duo
624 2220 746 2278 invicem
765 2216 911 2278 obiiciunt.
951 2216 984 2277 In
1001 2234 1058 2296 quo
1079 2218 1197 2296 quidem

194 2319 305 2377 genere
318 2319 468 2361 causarum
484 2303 618 2362 admonet
630 2299 751 2378 Celsus,
769 2303 832 2362 fieri
848 2302 875 2361 fd
891 2304 919 2361 in
935 2302 998 2361 foro
1014 2318 1071 2359 non
1087 2318 1196 2378 posse:

195 2385 272 2462 quod
287 2386 429 2445 neminem
444 2387 578 2462 ignorare
594 2384 726 2444 arbitror.
764 2385 809 2446 Dc
828 2403 884 2446 uno
906 2403 957 2445 reo
979 2384 1132 2445 consilium
1150 2403 1198 2444 co·

194 2470 270 2544 gitur
292 2470 394 2545 etiam,
418 2479 448 2528 et
468 2470 557 2547 siqui
579 2478 661 2544 sunt,
684 2470 731 2548 qui
753 2472 876 2531 invicem
897 2478 1052 2544 accusent,
1073 2467 1197 2528 alterum

152 2551 328 2617 acindicium
342 2553 475 2630 perferre
489 2571 614 2613 necesse
636 2563 689 2612 est.
725 2553 924 2632 Apollodorus
941 2570 1056 2632 quoque
1074 2545 1196 2613 ἀντικα-

193 2635 333 2715 τηγορίαν
347 2637 417 2696 duas
434 2655 501 2696 esse
515 2639 729 2697 controversias
745 2639 830 2715 dixit,
848 2647 877 2696 et
894 2646 958 2697 sunt
973 2654 1076 2696 revera
1093 2655 1195 2696 secun·

193 2720 259 2779 dum
275 2721 393 2779 forense
405 2722 448 2780 ius
460 2720 533 2780 duae
545 2721 621 2780 lites.
659 2721 759 2781 Potest
771 2732 865 2782 tamen
880 2723 937 2781 hoc
949 2739 1041 2797 genus
1053 2720 1082 2777 in
1098 2721 1193 2797 cogni-

193 2805 300 2863 tionem
320 2807 421 2864 venire
445 2815 561 2864 senatus
583 2814 632 2865 aut
653 2807 801 2884 principis.
840 2806 898 2865 Sed
915 2807 944 2863 in
959 2805 1064 2863 iudicio
1079 2820 1195 2882 quoquc

195 2888 264 2947 nihii
283 2889 404 2948 interest
424 2891 583 2965 actionum,
606 2899 699 2948 utrum
720 2891 802 2949 simul
825 2890 862 2949 de
884 2898 1008 2966 utroque
1029 2891 1195 2966 pronuntie-

151 2977 183 3028 21
195 2980 257 3046 tur,
285 2990 321 3030 an
343 2975 485 3032 sententia
506 2974 543 3032 de
563 2989 620 3032 uno
643 2974 761 3033 feratur.
807 2972 871 3047 Quo
896 2975 925 3032 in
947 2990 1058 3049 genere
1078 2989 1197 3050 semper

193 3057 273 3132 prior
294 3055 413 3116 debebit
436 3075 502 3123 esse
524 3056 674 3126 defensio;
698 3059 816 3135 primum
832 3058 898 3135 qnia
919 3066 1020 3116 natura
1039 3058 1140 3132 potior
1156 3063 1198 3114 est

193 3138 272 3197 salus
294 3150 393 3200 nostra
422 3159 506 3219 quam
533 3142 691 3201 adversarii
714 3143 874 3218 pernicies,
900 3141 1004 3202 deinde
1028 3140 1108 3217 quod
1132 3139 1199 3217 plus

193 3222 362 3282 habebimus
383 3227 411 3284 in
427 3227 612 3284 accusatione
633 3227 828 3301 auctoritatis,
847 3227 871 3283 si
888 3227 967 3304 prius
982 3224 1018 3284 de
1032 3225 1201 3282 innocentia

193 3315 292 3367 nostra
311 3310 487 3384 constiterit,
503 3318 695 3387 postremum,
713 3310 789 3386 quod
804 3311 843 3371 ita
857 3309 969 3369 demum
986 3307 1097 3384 duplex
1113 3323 1202 3365 cansa

193 3391 258 3450 erit.
292 3390 365 3452 Nam
389 3395 436 3470 qui
457 3391 542 3468 dicit,
565 3389 630 3470 Epo
652 3411 713 3453 nou
728 3394 847 3468 occidi,
870 3392 958 3452 habet
972 3391 1115 3468 reliquam
1135 3406 1202 3468 pur·

1215 3480 1216 3507 i
