2434 3925
348 251 439 301 nasu.
452 250 600 301 causon.
614 253 683 301 nse.
696 252 761 319 1,1.
1034 237 1054 300 9

45 406 152 467 discet
170 421 243 485 puer
261 406 327 483 ipso
342 405 394 468 illo
415 423 508 483 auno,
529 423 587 485 quo
607 408 717 469 minora
734 407 892 469 didicisset.
924 401 1096 487 llocper19
1202 419 1204 424 ⁴

45 488 188 567 singulos
208 506 298 549 anuos
320 500 507 567 prorogatum
520 492 549 550 in
568 509 704 551 summam
718 492 848 570 prolicit;
872 502 901 552 et
920 502 1054 569 quantum

45 576 76 633 in
99 573 223 633 infantia
244 584 458 654 praesumptum
474 584 520 634 est
539 577 696 653 temporis,
719 577 935 636 adolescentiae
955 580 1052 654 acqui·
1089 650 1092 654 ,

46 660 136 717 ritur
165 657 244 717 ldem
260 661 345 717 etiarn
362 658 398 717 de
414 658 601 735 sequentibus
617 661 697 718 aunis
719 670 906 738 praeceptum
928 662 980 720 sit:
1004 678 1051 736 ue,

47 742 133 819 quod
150 744 255 819 cuique
270 742 436 806 discendum
451 752 511 818 est,
534 759 602 801 sero
618 742 753 803 discere
744 746 870 821 incipiat.
897 743 963 803 Nou
979 761 1051 821 ergo

47 824 209 903 perdamus
238 827 358 902 primum
384 827 478 886 statim
503 836 634 904 tempus,
661 837 748 904 atque
777 845 814 886 eo
840 829 946 903 minus,
975 827 1053 906 quod
1087 898 1094 913 ,

46 911 134 970 initia
149 903 308 968 litterarum
324 910 388 969 sola
407 912 544 969 memoria
566 918 713 986 constant,
737 929 811 989 quac
826 928 883 969 non
897 910 1006 971 modo
997 930 1053 970 ram

49 994 128 1052 est
118 1012 148 1051 ru
164 994 262 1071 parvis
277 993 329 1054 sed
345 1002 404 1053 tum
423 996 508 1054 etiam
529 996 712 1054 tenacissima
733 1005 788 1054 est.
819 993 883 1053 Nec
898 1011 959 1053 sum
978 995 1096 1061 adeona

49 1085 183 1136 aetatum
207 1076 387 1153 imprudens,
418 1087 457 1150 ut,
472 1078 633 1137 instandum
656 1080 787 1156 protinus
812 1080 920 1138 teneris
945 1078 1052 1138 acerbe

48 1169 154 1239 putem
169 1160 399 1238 exigendamque
413 1162 499 1239 plane
515 1179 642 1239 operam.
666 1161 737 1222 Nam
753 1163 781 1222 id
792 1165 819 1222 iu
834 1163 931 1240 primis
947 1179 1053 1221 cavere

51 1244 221 1323 oportebit,
245 1262 288 1322 ne
302 1246 412 1322 studia,
435 1248 483 1323 qui
503 1263 598 1305 amare
623 1246 746 1306 nondum
770 1255 882 1324 potest,
910 1246 1003 1306 oderit
1024 1255 1053 1305 et

50 1328 273 1388 amaritudinem
293 1329 384 1388 semel
406 1338 574 1407 perceptam
596 1331 680 1388 etiarn
696 1330 771 1389 ultra
792 1330 878 1389 rudes
900 1347 990 1389 annos
1006 1348 1052 1389 re-

50 1412 202 1472 formidet.
232 1411 323 1471 Lusus
339 1413 386 1472 hic
402 1414 457 1472 sit:
478 1423 508 1472 et
525 1422 645 1489 rogetur
665 1423 694 1473 et
711 1415 843 1474 laudetur
863 1424 892 1474 et
912 1431 1053 1491 nunquam

50 1514 112 1555 non
138 1496 247 1555 iecisse
273 1514 306 1555 se
336 1496 473 1572 gaudeat,
504 1497 656 1575 aliquando
680 1501 745 1576 ipso
772 1499 889 1558 nolente
914 1498 1053 1558 doceatur
1080 1525 1083 1532 ·

51 1581 146 1656 alius,
172 1581 216 1639 cui
235 1579 376 1648 invideam
404 1581 558 1640 contendat
574 1583 686 1640 interim
702 1591 730 1641 et
747 1585 863 1661 saepius
879 1583 997 1642 vincere
1018 1599 1052 1640 se

52 1673 139 1742 putet
161 1671 190 1722 et
204 1666 338 1740 praemiis
355 1666 455 1739 etiam,
479 1682 552 1744 quae
569 1668 645 1744 capit
659 1666 708 1725 illa
724 1675 821 1742 aetas,
845 1676 994 1725 evocetur.

140 1746 233 1807 Parva
247 1748 384 1807 docemus
399 1756 545 1808 oratorem
559 1750 761 1809 instituendum
775 1750 918 1828 professi,
940 1750 992 1809 sed
1001 1757 1053 1808 est
1059 1765 1091 1817 21

52 1849 107 1891 sua
124 1832 211 1889 etiam
225 1831 326 1890 studiis
340 1832 470 1900 infantia;
495 1842 524 1892 et
538 1842 569 1891 ut
584 1850 738 1911 corporum
752 1851 819 1892 mox
833 1833 1054 1892 fortissimorum

52 1915 192 1976 educatio
212 1933 228 1975 a
244 1915 319 1975 lacte
335 1918 474 1994 cunisque
489 1918 597 1977 initium
614 1917 707 1976 ducit:
730 1918 769 1977 ita
786 1917 897 1976 iuturus
913 1916 1052 1996 eloquen-

52 2000 184 2059 tissimus
205 1999 293 2058 edidit
318 2000 470 2078 aliquando
496 2003 624 2077 vagitum
651 2010 679 2059 et
700 2000 780 2077 loqui
799 2002 919 2078 primum
943 2002 1052 2059 incerta

52 2101 133 2142 voce
158 2085 307 2160 temptavit
328 2092 357 2142 et
380 2084 473 2144 haesit
496 2087 574 2144 circa
599 2085 705 2144 formas
726 2084 893 2143 litterarum.
940 2083 1003 2143 Nec
1028 2085 1052 2142 si
1093 2097 1096 2103 ’

51 2167 126 2245 quid
147 2166 262 2226 discere
283 2169 352 2230 satis
372 2187 429 2230 non
451 2177 511 2244 est,
535 2168 601 2228 ideo
623 2187 678 2228 nec
699 2186 823 2227 necesse
847 2176 901 2227 est.
941 2167 1094 2241 Quodsiit

51 2267 142 2312 neruo
163 2254 350 2332 reprehendit
369 2262 497 2332 patrem,
520 2255 567 2332 qui
588 2253 662 2312 llaec
682 2269 739 2311 non
758 2251 932 2329 negligenda
952 2254 981 2310 in
998 2268 1051 2311 suo

53 2335 118 2398 lilio
145 2347 241 2415 putet:
267 2356 318 2397 cur
337 2337 532 2416 improbetur,
560 2338 584 2395 si
610 2339 674 2414 quis
701 2353 753 2410 ea,
781 2354 859 2413 quae
881 2336 956 2395 domi
982 2353 1052 2394 suae

53 2430 140 2481 recte
162 2422 290 2495 iaceret,
310 2423 338 2479 in
359 2420 505 2500 publicum
519 2419 645 2499 promit?
676 2419 772 2496 Atque
789 2437 825 2478 eo
846 2422 951 2496 magis,
976 2419 1052 2496 quod

52 2508 169 2564 minora
190 2507 276 2564 etiam
290 2505 404 2564 laoilius
425 2507 550 2564 minores
569 2505 747 2583 percipiunt;
771 2513 800 2563 et
820 2512 851 2562 ut
871 2520 995 2581 corpora
1017 2500 1052 2561 ad

56 2588 199 2668 quosdam
214 2589 404 2648 membrorum
419 2588 513 2648 llexus
527 2588 645 2647 formari
660 2589 714 2647 nisi
729 2596 828 2646 tenera
843 2590 900 2645 non
915 2594 1052 2664 possunt:

56 2675 101 2732 sic
115 2674 225 2732 animos
249 2690 363 2750 quoque
380 2671 415 2731 ad
436 2673 577 2751 pleraque
599 2671 731 2730 duriores
751 2671 841 2730 robur
859 2673 951 2749 ipsum
971 2669 1050 2728 iacit.

57 2756 104 2814 Au
117 2755 268 2834 Philippus
284 2755 472 2815 Macedonum
492 2774 544 2815 rex
560 2754 727 2814 Alexandro
743 2755 803 2814 lilio
820 2772 873 2813 suo
887 2756 984 2853 prima
1008 2753 1095 2816 lit-ns

57 2848 184 2899 terarum
210 2839 352 2899 elementa
378 2839 450 2898 tradi
476 2839 511 2898 ab
533 2838 709 2912 Aristotele,
733 2855 841 2897 summo
867 2840 929 2897 eius
950 2838 1052 2896 aetatis

58 2922 253 3001 philosopho,
275 2924 431 2997 voluisset,
454 2931 503 2983 aut
523 2922 573 2981 ille
593 2923 773 3020 apscepisset
784 2923 847 2981 hoc
862 2921 1005 2995 ollicinm,
1028 2921 1053 2977 si

58 3022 117 3064 non
137 3007 295 3066 studiorum
316 3008 392 3066 initia
414 3015 475 3065 eta
496 2995 709 3084 perfectissimo
731 3022 847 3083 quoqne
868 3006 974 3082 optime
996 3012 1052 3063 tra-

60 3091 132 3149 ctari
151 3099 182 3149 et
202 3092 348 3168 pertinere
365 3089 400 3150 ad
422 3107 556 3148 summam
578 3086 770 3151 credidisset?
798 3088 950 3165 Fingamus
967 3089 1095 3164 igiturne

59 3173 257 3234 Alexandrum
272 3175 333 3233 dari
348 3172 432 3232 nobis
446 3174 609 3251 impositum
624 3174 746 3248 gremio,
762 3172 877 3249 dignum
891 3180 967 3230 tanta
985 3187 1053 3230 cura

58 3257 195 3317 inlautem
217 3256 393 3337 (quanquam
413 3275 480 3316 suus
503 3258 606 3334 cuique
626 3256 729 3332 dignus
745 3258 822 3335 est):
843 3256 987 3333 pudeatne
1005 3271 1051 3312 me

60 3342 89 3399 in
114 3342 185 3419 ipsis
211 3344 306 3401 statim
331 3342 481 3402 elementis
508 3343 593 3399 etiam
621 3339 721 3399 brevia
746 3339 868 3399 docendi
893 3347 1052 3398 monstrare

61 3421 252 3501 compendia?

144 3505 248 3586 Neque
264 3511 338 3569 enim
352 3507 419 3567 milri
429 3506 505 3567 illud
520 3507 624 3567 saltem
642 3507 756 3586 placet,
778 3507 855 3584 quod
870 3506 932 3566 lieri
947 3506 975 3562 in
989 3501 1052 3581 plu·
1132 3582 1135 3588 ἦ
