2434 3925
171 217 232 282 268
491 230 852 290 ιιιιιριιιιιιιιιι

168 388 235 460 tici,
259 384 308 445 det
328 383 394 444 mibi
413 385 442 442 in
463 384 628 462 eloquendo
653 384 773 444 eandem
795 383 1011 445 iucunditatem
1040 395 1080 447 et
1103 406 1188 466 paren

170 471 292 549 copiam.
326 467 451 542 Quodsi
473 479 607 546 negatum
630 478 688 528 est:
714 469 871 527 sententias
889 469 1078 547 aptabimus
1096 474 1136 532 iis
1151 490 1186 530 vo·

171 555 270 629 cibus,
286 572 357 632 quas
371 552 524 627 babemus,
548 572 602 612 nec
620 571 715 611 rerum
732 554 842 611 nimiam
858 553 1066 630 tenuitatem,
1095 565 1131 616 ut
1145 574 1185 615 nor

169 639 261 699 dicam
277 636 493 716 pinguioribus,
515 636 684 696 fortioribus
701 646 781 696 certe
796 635 894 695 verbis
909 638 1143 711 miscebimus,
1161 660 1183 699 n:

126 724 258 790 sevirtus
277 732 398 798 utraque
418 729 522 798 pereat
540 722 604 799 ipsa
627 721 808 781 confusione.
841 718 914 780 Nam
936 739 1000 799 quo
1017 724 1181 784 minusad

44 464 57 491 ἱ

168 808 247 866 iuvat
262 823 368 881 sermo,
384 823 479 864 rerum
494 806 660 865 inventione
675 803 857 883 pugnandum
871 813 925 864 est.
955 807 1091 866 Sensus
1108 809 1181 868 subli-

167 909 229 950 mes
250 891 380 967 variique
402 897 546 948 eruantur.
586 889 777 949 Permovendi
798 905 898 948 omnes
925 889 1069 950 allectus
1101 902 1180 952 erunt

169 975 260 1034 oratio
277 973 492 1032 translationum
503 974 601 1039 ,nitore
620 973 812 1032 illuminanda.
847 971 912 1031 Non
927 990 1109 1050 possumus
1129 995 1181 1036 esse

168 1067 226 1118 tam
242 1058 384 1134 graciles:
412 1057 499 1116 simus
522 1057 670 1117 fortiores.
705 1056 869 1117 Subtilitate
890 1058 1061 1118 vincimur:
1094 1061 1181 1120 vales

168 1160 229 1201 mus
245 1141 385 1220 pondere.
421 1140 587 1218 Proprietas
602 1158 695 1219 penes
711 1141 779 1200 illos
795 1149 840 1200 est
855 1141 978 1200 certior:
1009 1146 1115 1221 copia
1132 1147 1181 1203 viu·

125 1235 275 1291 stcamus.
316 1224 433 1302 Ingenia
460 1223 635 1285 Graecorum
662 1226 748 1284 etiam
770 1226 879 1292 minora
904 1242 974 1284 suos
1000 1238 1123 1303 portus
1142 1228 1181 1287 lra-

97 1304 101 1323 “
168 1309 251 1370 bent:
267 1325 321 1368 nos
336 1309 506 1387 plerumque
520 1309 675 1368 maioribus
689 1308 764 1368 velis
780 1325 955 1384 moveamur,
971 1309 1118 1372 validior
1132 1314 1180 1389 spi·

168 1397 240 1453 ritus
255 1402 371 1452 nostros
394 1394 472 1451 sinus
488 1393 602 1460 tendat:
628 1409 685 1451 non
708 1393 803 1451 tamen
824 1392 882 1451 alto
898 1410 1021 1470 semper
1037 1395 1177 1465 feramur,

168 1495 233 1536 nam
246 1486 275 1536 et
287 1478 371 1537 litora
382 1477 493 1536 interim
504 1477 653 1555 sequenda
669 1484 742 1535 sunt.
765 1476 826 1536 lllis
840 1475 935 1534 facilis
951 1495 1009 1554 per
1025 1479 1177 1556 quaelibet

167 1561 242 1620 vada
258 1579 410 1620 accessus:
427 1578 484 1637 ego
501 1561 623 1641 aliquid,
640 1578 697 1619 non
713 1560 802 1619 multo
818 1569 928 1635 tamen,
947 1560 1060 1638 altius,
1080 1565 1112 1622 in
1128 1580 1174 1642 quo

125 1654 160 1710 38
168 1663 233 1706 mea
254 1644 355 1720 cymba
377 1661 434 1703 non
457 1645 547 1721 sidat,
568 1645 719 1705 inveniam.
758 1642 861 1721 Neque
881 1646 971 1718 enim,
997 1646 1024 1704 si
1041 1649 1173 1706 tenuiora

167 1729 241 1788 haec
257 1747 291 1789 ac
307 1731 455 1806 pressiora
471 1728 574 1789 Graeci
589 1728 708 1803 melius,
735 1729 763 1786 in
787 1744 882 1805 eoque
898 1729 1043 1788 vincimur
1062 1732 1134 1791 solo
1150 1739 1172 1789 et

166 1813 235 1872 ideo
247 1813 277 1872 in
293 1813 452 1873 comoediis
467 1831 524 1872 non
540 1813 748 1886 contendimus,
764 1828 884 1889 prorsus
900 1820 997 1872 tamen
1014 1814 1171 1874 omittenda

167 1915 235 1980 pars
250 1897 325 1958 baec
340 1897 494 1973 orationis,
515 1897 568 1957 sed
584 1895 729 1973 exigenda
745 1904 775 1955 ut
790 1898 895 1974 optime
912 1913 1092 1975 possumus;
1112 1915 1170 1978 pos·

167 2002 264 2043 sumus
282 1993 376 2042 autem
393 2000 488 2041 rerum
504 1991 533 2041 et
548 1982 633 2042 modo
652 1990 682 2040 et
700 1980 806 2039 iudicio
823 1999 890 2040 esse
912 1981 1039 2057 similes,
1069 1983 1169 2043 verbo

167 2086 229 2127 rum
247 2068 356 2144 gratia,
381 2083 465 2145 quam
489 2067 518 2125 in
538 2067 610 2144 ipsis
633 2083 690 2124 non
711 2064 867 2139 habemus,
891 2066 1083 2126 extrinsecus
1109 2085 1168 2127 con·

125 2153 270 2212 39dienda
286 2161 340 2210 est.
376 2150 481 2212 Annon
501 2152 530 2209 in
546 2151 666 2228 privatis
682 2157 711 2207 et
728 2158 829 2208 acutus
846 2157 875 2207 et
890 2166 947 2207 uon
962 2167 1055 2226 asper
1071 2160 1104 2211 et
1118 2168 1166 2210 nou

169 2236 345 2295 indistinctus
370 2243 398 2293 et
419 2251 476 2293 non
498 2234 714 2312 supramodum
737 2232 830 2292 elatus
844 2231 882 2291 lt.
902 2231 1037 2292 Tullius?
1070 2253 1130 2295 non
1144 2237 1167 2293 in

167 2317 205 2378 Μ.
223 2317 334 2378 Calidio
355 2319 472 2395 insignis
488 2318 562 2377 haec
575 2314 689 2377 virtus?
706 2334 762 2375 non
777 2317 887 2394 Scipio,
902 2316 1032 2392 Laelius,
1051 2317 1127 2379 Cato
1144 2321 1165 2377 ir

168 2402 334 2480 eloquendo
350 2402 429 2462 velut
445 2400 534 2462 Attici
550 2401 742 2460 Romanorum
765 2398 899 2460 fuerunt?
934 2398 985 2459 Cui
1001 2419 1099 2479 porro
1116 2420 1162 2463 non

168 2488 238 2545 satis
254 2494 314 2560 est,
331 2503 387 2563 quo
405 2486 474 2545 nihil
492 2504 559 2545 esse
574 2486 678 2545 melius
696 2481 815 2562 potest?
1140 2485 1144 2494 '

127 2574 162 2628 40
251 2569 297 2630 Ad
319 2569 375 2629 boc
397 2570 509 2647 quidam
529 2570 636 2629 nullam
653 2587 720 2629 esse
738 2568 896 2628 naturalem
912 2577 1011 2644 putant
1028 2569 1161 2650 eloquer-

168 2657 251 2730 tiam,
278 2655 332 2712 nisi
354 2655 484 2731 quaesit
512 2653 657 2713 cotidiano
682 2654 807 2712 sermoni
831 2652 988 2727 simillima,
1019 2671 1079 2731 quo
1109 2673 1161 2716 cun

168 2739 283 2815 amicis,
307 2738 495 2814 coniugibus,
513 2736 630 2811 liberis,
649 2738 742 2796 servis
760 2736 928 2813 loquamur,
946 2745 1086 2798 contento
1102 2757 1160 2818 pro·
1187 2757 1188 2790 ι

167 2841 246 2883 mere
270 2824 352 2882 animi
372 2822 550 2881 voluntatem
571 2821 698 2898 nihilque
717 2829 746 2879 et
768 2821 900 2879 arcessiti
916 2829 946 2878 et
963 2820 1108 2883 elaborati
1122 2842 1159 2883 re
1187 2859 1188 2874 ι

168 2909 316 2984 quirente;
340 2906 475 2985 quidquid
491 2906 547 2966 lruc
562 2906 598 2964 sit
616 2904 774 2978 adiectum,
800 2903 828 2963 id
843 2921 910 2962 esse
926 2904 1120 2966 affectationis
1135 2915 1158 2966 et

167 2989 335 3052 ambitiosae
350 2993 379 3050 in
393 2990 538 3068 loquendo
553 2989 716 3063 iactantiae,
733 2996 872 3047 remotum
888 3006 904 3046 a
919 2990 1040 3050 veritate
1056 2988 1156 3050 lictum·

168 3091 225 3151 que
242 3077 369 3152 ipsorum
384 3075 476 3151 gratia
495 3072 665 3147 verborum,
692 3072 794 3150 quibus
812 3072 905 3131 solum
927 3080 1027 3132 natura
1046 3074 1083 3132 sit
1101 3076 1155 3134 olli·

125 3159 241 3219 tlcium
257 3158 436 3233 attributum,
452 3160 564 3217 servire
580 3155 729 3215 sensibus:
753 3157 827 3215 sicut
842 3155 1012 3218 athletarum
1027 3174 1152 3236 corpora,

169 3241 280 3300 etiamsi
296 3243 435 3302 validiora
452 3242 519 3301 bant
535 3242 743 3301 exercitatione
761 3248 790 3298 et
804 3239 872 3315 lege
889 3240 1009 3317 quadam
1024 3240 1151 3316 ciborum,

169 3333 336 3384 nontamen
354 3343 420 3384 esse
437 3326 575 3385 naturalia
590 3333 677 3402 atque
695 3323 730 3383 ab
747 3323 797 3383 illa
813 3324 931 3401 specie,
954 3341 1028 3401 quae
1043 3326 1078 3384 sit
1093 3343 1150 3386 con·

170 3426 255 3470 cessa
278 3408 454 3483 bominibus,
477 3408 645 3468 abliorrere·
686 3405 760 3480 Quid
781 3408 871 3481 enim,
898 3408 1042 3485 inquiunt,
1063 3411 1149 3469 attinet

171 3493 289 3552 circuitu
307 3508 355 3551 res
374 3491 529 3551 ostendere
541 3501 576 3551 'et
591 3491 841 3568 translationibus,
867 3490 896 3550 id
912 3500 957 3551 est
972 3499 1019 3551 aut
1034 3491 1147 3570 pluribus
