<?xml version="1.0" encoding="UTF-8"?>
<!DOCTYPE html PUBLIC "-//W3C//DTD XHTML 1.0 Transitional//EN"
    "http://www.w3.org/TR/xhtml1/DTD/xhtml1-transitional.dtd">
<html xmlns="http://www.w3.org/1999/xhtml" xml:lang="en" lang="en">
 <head>
  <title>
</title>
<meta http-equiv="Content-Type" content="text/html;charset=utf-8" />
  <meta name='ocr-system' content='tesseract 3.04.00' />
  <meta name='ocr-capabilities' content='ocr_page ocr_carea ocr_par ocr_line ocrx_word'/>
</head>
<body>
  <div class='ocr_page' id='page_1' title='image "./mfabiiquintilia08bonngoog_0273.png"; bbox 0 0 2434 3925; ppageno 0'>
   <div class='ocr_carea' id='block_1_1' title="bbox 369 227 1079 308">
    <p class='ocr_par' dir='ltr' id='par_1_1' title="bbox 369 227 1079 308">
     <span class='ocr_line' id='line_1_1' title="bbox 369 227 1079 308; baseline 0.003 -20"><span class='ocrx_word' id='word_1_1' title='bbox 369 237 797 308; x_wconf 80' lang='lat' dir='ltr'><strong>rnsr.oanron.n1n.rv,5.</strong></span> <span class='ocrx_word' id='word_1_2' title='bbox 831 272 835 283; x_wconf 70' lang='grc'><em>,</em></span> <span class='ocrx_word' id='word_1_3' title='bbox 1022 227 1079 303; x_wconf 70' lang='lat'><strong>189</strong></span> 
     </span>
    </p>
   </div>
   <div class='ocr_carea' id='block_1_2' title="bbox 2 394 1126 3578">
    <p class='ocr_par' dir='ltr' id='par_1_2' title="bbox 83 394 1122 1295">
     <span class='ocr_line' id='line_1_2' title="bbox 84 394 1122 475; baseline 0.005 -20"><span class='ocrx_word' id='word_1_4' title='bbox 84 394 189 475; x_wconf 81' lang='lat' dir='ltr'><strong>Neque</strong></span> <span class='ocrx_word' id='word_1_5' title='bbox 205 395 284 456; x_wconf 90' lang='lat' dir='ltr'><strong>ilium</strong></span> <span class='ocrx_word' id='word_1_6' title='bbox 298 405 392 456; x_wconf 88' lang='lat' dir='ltr'><strong>tannen</strong></span> <span class='ocrx_word' id='word_1_7' title='bbox 406 396 551 467; x_wconf 79' lang='lat' dir='ltr'><strong>ordinem,</strong></span> <span class='ocrx_word' id='word_1_8' title='bbox 569 395 605 454; x_wconf 92' lang='lat' dir='ltr'><strong>de</strong></span> <span class='ocrx_word' id='word_1_9' title='bbox 621 412 679 474; x_wconf 91' lang='lat' dir='ltr'><strong>quo</strong></span> <span class='ocrx_word' id='word_1_10' title='bbox 694 397 772 474; x_wconf 91' lang='lat' dir='ltr'><strong>prius</strong></span> <span class='ocrx_word' id='word_1_11' title='bbox 786 396 860 473; x_wconf 86' lang='lat' dir='ltr'><strong>dixi,</strong></span> <span class='ocrx_word' id='word_1_12' title='bbox 877 394 1079 466; x_wconf 66' lang='lat' dir='ltr'><strong>damnaverim</strong></span> <span class='ocrx_word' id='word_1_13' title='bbox 1091 406 1122 462; x_wconf 79' lang='lat'><strong>16</strong></span> 
     </span>
     <span class='ocr_line' id='line_1_3' title="bbox 85 480 1081 558; baseline 0.002 -20"><span class='ocrx_word' id='word_1_14' title='bbox 85 481 150 558; x_wconf 90' lang='lat' dir='ltr'><strong>quia</strong></span> <span class='ocrx_word' id='word_1_15' title='bbox 168 481 323 558; x_wconf 82' lang='lat' dir='ltr'><strong>quaedam,</strong></span> <span class='ocrx_word' id='word_1_16' title='bbox 345 482 463 540; x_wconf 86' lang='lat' dir='ltr'><strong>etiamsi·</strong></span> <span class='ocrx_word' id='word_1_17' title='bbox 473 482 536 558; x_wconf 92' lang='lat' dir='ltr'><strong>ipsa</strong></span> <span class='ocrx_word' id='word_1_18' title='bbox 551 488 616 538; x_wconf 91' lang='lat' dir='ltr'><strong>sunt</strong></span> <span class='ocrx_word' id='word_1_19' title='bbox 628 480 715 554; x_wconf 87' lang='lat' dir='ltr'><strong>dura,</strong></span> <span class='ocrx_word' id='word_1_20' title='bbox 731 480 801 539; x_wconf 92' lang='lat' dir='ltr'><strong>inid</strong></span> <span class='ocrx_word' id='word_1_21' title='bbox 818 489 912 539; x_wconf 88' lang='lat' dir='ltr'><strong>tamen</strong></span> <span class='ocrx_word' id='word_1_22' title='bbox 925 480 1033 555; x_wconf 85' lang='lat' dir='ltr'><strong>valent,</strong></span> <span class='ocrx_word' id='word_1_23' title='bbox 1049 480 1081 540; x_wconf 76' lang='lat' dir='ltr'><strong>ni</strong></span> 
     </span>
     <span class='ocr_line' id='line_1_4' title="bbox 86 563 1078 642; baseline 0.003 -20"><span class='ocrx_word' id='word_1_24' title='bbox 86 581 120 624; x_wconf 92' lang='lat' dir='ltr'><strong>ea</strong></span> <span class='ocrx_word' id='word_1_25' title='bbox 139 563 289 640; x_wconf 77' lang='lat' dir='ltr'>molliant,</span> <span class='ocrx_word' id='word_1_26' title='bbox 312 582 386 642; x_wconf 89' lang='lat' dir='ltr'><strong>quae</strong></span> <span class='ocrx_word' id='word_1_27' title='bbox 406 573 574 642; x_wconf 86' lang='lat' dir='ltr'><strong>sequuntur.</strong></span> <span class='ocrx_word' id='word_1_28' title='bbox 603 563 666 623; x_wconf 87' lang='lat' dir='ltr'><strong>Nec</strong></span> <span class='ocrx_word' id='word_1_29' title='bbox 681 565 793 623; x_wconf 89' lang='lat' dir='ltr'><strong>ornnino</strong></span> <span class='ocrx_word' id='word_1_30' title='bbox 811 567 873 623; x_wconf 90' lang='lat' dir='ltr'><strong>siue</strong></span> <span class='ocrx_word' id='word_1_31' title='bbox 892 567 1003 624; x_wconf 89' lang='lat' dir='ltr'><strong>ratione</strong></span> <span class='ocrx_word' id='word_1_32' title='bbox 1023 573 1078 640; x_wconf 83' lang='lat' dir='ltr'><strong>est,</strong></span> 
     </span>
     <span class='ocr_line' id='line_1_5' title="bbox 85 647 1078 729; baseline 0.001 -23"><span class='ocrx_word' id='word_1_33' title='bbox 85 647 163 725; x_wconf 92' lang='lat' dir='ltr'><strong>quod</strong></span> <span class='ocrx_word' id='word_1_34' title='bbox 180 648 270 725; x_wconf 84' lang='lat' dir='ltr'><strong>vulgo</strong></span> <span class='ocrx_word' id='word_1_35' title='bbox 287 648 406 708; x_wconf 90' lang='lat' dir='ltr'><strong>dicitur:</strong></span> <span class='ocrx_word' id='word_1_36' title='bbox 431 647 573 726; x_wconf 75' lang='lat' dir='ltr'><strong><em>Iniquum</em></strong></span> <span class='ocrx_word' id='word_1_37' title='bbox 589 649 763 724; x_wconf 84' lang='lat' dir='ltr'><strong>petendum,</strong></span> <span class='ocrx_word' id='word_1_38' title='bbox 784 657 818 709; x_wconf 87' lang='lat' dir='ltr'><strong>nt</strong></span> <span class='ocrx_word' id='word_1_39' title='bbox 838 665 969 726; x_wconf 84' lang='lat' dir='ltr'><strong>aequum</strong></span> <span class='ocrx_word' id='word_1_40' title='bbox 981 651 1078 729; x_wconf 76' lang='lat' dir='ltr'><strong>feroc.</strong></span> 
     </span>
     <span class='ocr_line' id='line_1_6' title="bbox 84 730 1121 809; baseline 0.008 -20"><span class='ocrx_word' id='word_1_41' title='bbox 84 730 171 804; x_wconf 83' lang='lat' dir='ltr'><strong>Quod</strong></span> <span class='ocrx_word' id='word_1_42' title='bbox 186 740 282 792; x_wconf 87' lang='lat' dir='ltr'><strong>tamen</strong></span> <span class='ocrx_word' id='word_1_43' title='bbox 297 748 380 791; x_wconf 90' lang='lat' dir='ltr'><strong>uerno</strong></span> <span class='ocrx_word' id='word_1_44' title='bbox 397 734 439 792; x_wconf 90' lang='lat' dir='ltr'><strong>sic</strong></span> <span class='ocrx_word' id='word_1_45' title='bbox 459 733 597 809; x_wconf 86' lang='lat' dir='ltr'><strong>accipiat,</strong></span> <span class='ocrx_word' id='word_1_46' title='bbox 618 740 649 791; x_wconf 89' lang='lat' dir='ltr'><strong>ut</strong></span> <span class='ocrx_word' id='word_1_47' title='bbox 673 733 766 792; x_wconf 90' lang='lat' dir='ltr'><strong>omnia</strong></span> <span class='ocrx_word' id='word_1_48' title='bbox 787 732 886 791; x_wconf 88' lang='lat' dir='ltr'><strong>credat</strong></span> <span class='ocrx_word' id='word_1_49' title='bbox 910 733 1078 793; x_wconf 88' lang='lat' dir='ltr'><strong>audendum.</strong></span> <span class='ocrx_word' id='word_1_50' title='bbox 1089 740 1121 797; x_wconf 79' lang='lat'><strong>17</strong></span> 
     </span>
     <span class='ocr_line' id='line_1_7' title="bbox 84 813 1081 897; baseline 0.006 -24"><span class='ocrx_word' id='word_1_51' title='bbox 84 813 178 874; x_wconf 87' lang='lat' dir='ltr'><strong>Recte</strong></span> <span class='ocrx_word' id='word_1_52' title='bbox 196 818 270 876; x_wconf 90' lang='lat' dir='ltr'><strong>enirn</strong></span> <span class='ocrx_word' id='word_1_53' title='bbox 285 815 386 876; x_wconf 86' lang='lat' dir='ltr'><strong>Graeci</strong></span> <span class='ocrx_word' id='word_1_54' title='bbox 401 818 591 894; x_wconf 81' lang='lat' dir='ltr'><strong>praecipiunt,</strong></span> <span class='ocrx_word' id='word_1_55' title='bbox 609 813 678 877; x_wconf 89' lang='lat' dir='ltr'><strong>Non</strong></span> <span class='ocrx_word' id='word_1_56' title='bbox 689 818 877 895; x_wconf 79' lang='lat' dir='ltr'><strong>temptando,</strong></span> <span class='ocrx_word' id='word_1_57' title='bbox 900 832 979 893; x_wconf 86' lang='lat' dir='ltr'><strong>quoe</strong></span> <span class='ocrx_word' id='word_1_58' title='bbox 1000 817 1081 897; x_wconf 77' lang='lat' dir='ltr'><strong>effici</strong></span> 
     </span>
     <span class='ocr_line' id='line_1_8' title="bbox 83 899 1079 980; baseline 0.001 -21"><span class='ocrx_word' id='word_1_59' title='bbox 83 902 209 961; x_wconf 86' lang='lat' dir='ltr'><strong>omnino</strong></span> <span class='ocrx_word' id='word_1_60' title='bbox 226 920 285 962; x_wconf 88' lang='lat' dir='ltr'><strong>non</strong></span> <span class='ocrx_word' id='word_1_61' title='bbox 305 901 431 980; x_wconf 76' lang='lat' dir='ltr'><strong>possint.</strong></span> <span class='ocrx_word' id='word_1_62' title='bbox 466 899 525 961; x_wconf 88' lang='lat' dir='ltr'><strong>Sed</strong></span> <span class='ocrx_word' id='word_1_63' title='bbox 540 902 673 977; x_wconf 88' lang='lat' dir='ltr'><strong>quotiens</strong></span> <span class='ocrx_word' id='word_1_64' title='bbox 689 899 753 975; x_wconf 84' lang='lat' dir='ltr'><strong>bac,</strong></span> <span class='ocrx_word' id='word_1_65' title='bbox 770 899 806 959; x_wconf 91' lang='lat' dir='ltr'><strong>de</strong></span> <span class='ocrx_word' id='word_1_66' title='bbox 823 917 878 977; x_wconf 92' lang='lat' dir='ltr'><strong>qua</strong></span> <span class='ocrx_word' id='word_1_67' title='bbox 896 900 1011 977; x_wconf 86' lang='lat' dir='ltr'><strong>loquor,</strong></span> <span class='ocrx_word' id='word_1_68' title='bbox 1030 901 1079 960; x_wconf 93' lang='lat' dir='ltr'><strong>du·</strong></span> 
     </span>
     <span class='ocr_line' id='line_1_9' title="bbox 85 982 1079 1061; baseline 0.002 -20"><span class='ocrx_word' id='word_1_69' title='bbox 85 982 154 1060; x_wconf 85' lang='lat' dir='ltr'><strong>plici</strong></span> <span class='ocrx_word' id='word_1_70' title='bbox 170 983 341 1044; x_wconf 80' lang='lat' dir='ltr'><strong>defensione</strong></span> <span class='ocrx_word' id='word_1_71' title='bbox 361 992 489 1044; x_wconf 88' lang='lat' dir='ltr'><strong>utemur:</strong></span> <span class='ocrx_word' id='word_1_72' title='bbox 509 983 537 1043; x_wconf 95' lang='lat' dir='ltr'><strong>id</strong></span> <span class='ocrx_word' id='word_1_73' title='bbox 550 983 737 1044; x_wconf 84' lang='lat' dir='ltr'><strong>laborandum</strong></span> <span class='ocrx_word' id='word_1_74' title='bbox 756 993 816 1059; x_wconf 84' lang='lat' dir='ltr'><strong>est,</strong></span> <span class='ocrx_word' id='word_1_75' title='bbox 837 986 908 1043; x_wconf 90' lang='lat' dir='ltr'><strong>utin</strong></span> <span class='ocrx_word' id='word_1_76' title='bbox 923 984 1000 1043; x_wconf 89' lang='lat' dir='ltr'><strong>illam</strong></span> <span class='ocrx_word' id='word_1_77' title='bbox 1015 1002 1079 1061; x_wconf 88' lang='lat' dir='ltr'><strong>par·</strong></span> 
     </span>
     <span class='ocr_line' id='line_1_10' title="bbox 84 1066 1101 1146; baseline 0.002 -21"><span class='ocrx_word' id='word_1_78' title='bbox 84 1075 143 1127; x_wconf 84' lang='lat' dir='ltr'><strong>tem</strong></span> <span class='ocrx_word' id='word_1_79' title='bbox 157 1076 329 1146; x_wconf 76' lang='lat' dir='ltr'><strong>sequentem</strong></span> <span class='ocrx_word' id='word_1_80' title='bbox 350 1067 420 1127; x_wconf 84' lang='lat' dir='ltr'><strong>fides</strong></span> <span class='ocrx_word' id='word_1_81' title='bbox 439 1086 476 1128; x_wconf 87' lang='lat' dir='ltr'><strong>ex</strong></span> <span class='ocrx_word' id='word_1_82' title='bbox 489 1068 588 1146; x_wconf 90' lang='lat' dir='ltr'><strong>priore</strong></span> <span class='ocrx_word' id='word_1_83' title='bbox 605 1069 733 1128; x_wconf 88' lang='lat' dir='ltr'><strong>ducatur.</strong></span> <span class='ocrx_word' id='word_1_84' title='bbox 768 1068 868 1128; x_wconf 89' lang='lat' dir='ltr'><strong>Potest</strong></span> <span class='ocrx_word' id='word_1_85' title='bbox 889 1069 962 1127; x_wconf 90' lang='lat' dir='ltr'><strong>enirn</strong></span> <span class='ocrx_word' id='word_1_86' title='bbox 977 1066 1101 1146; x_wconf 51' lang='lat' dir='ltr'><strong>videri]</strong></span> 
     </span>
     <span class='ocr_line' id='line_1_11' title="bbox 86 1151 1079 1230; baseline 0 -20"><span class='ocrx_word' id='word_1_87' title='bbox 86 1152 134 1228; x_wconf 91' lang='lat' dir='ltr'><strong>qui</strong></span> <span class='ocrx_word' id='word_1_88' title='bbox 149 1159 213 1211; x_wconf 88' lang='lat' dir='ltr'><strong>tuto</strong></span> <span class='ocrx_word' id='word_1_89' title='bbox 230 1154 314 1211; x_wconf 88' lang='lat' dir='ltr'><strong>etiarn</strong></span> <span class='ocrx_word' id='word_1_90' title='bbox 326 1152 512 1211; x_wconf 89' lang='lat' dir='ltr'><strong>confessurus</strong></span> <span class='ocrx_word' id='word_1_91' title='bbox 528 1151 591 1229; x_wconf 87' lang='lat' dir='ltr'><strong>fuit,</strong></span> <span class='ocrx_word' id='word_1_92' title='bbox 607 1152 760 1212; x_wconf 89' lang='lat' dir='ltr'><strong>mentiendi</strong></span> <span class='ocrx_word' id='word_1_93' title='bbox 777 1169 891 1212; x_wconf 91' lang='lat' dir='ltr'><strong>causam</strong></span> <span class='ocrx_word' id='word_1_94' title='bbox 907 1154 935 1211; x_wconf 89' lang='lat' dir='ltr'><strong>in</strong></span> <span class='ocrx_word' id='word_1_95' title='bbox 947 1152 1079 1230; x_wconf 78' lang='lat' dir='ltr'><strong>negando</strong></span> 
     </span>
     <span class='ocr_line' id='line_1_12' title="bbox 85 1233 278 1295; baseline 0.005 -3"><span class='ocrx_word' id='word_1_96' title='bbox 85 1250 143 1294; x_wconf 91' lang='lat' dir='ltr'><strong>non</strong></span> <span class='ocrx_word' id='word_1_97' title='bbox 157 1233 278 1295; x_wconf 90' lang='lat' dir='ltr'><strong>habere.</strong></span> 
     </span>
    </p>

    <p class='ocr_par' dir='ltr' id='par_1_3' title="bbox 2 1316 1125 2742">
     <span class='ocr_line' id='line_1_13' title="bbox 169 1316 1123 1399; baseline 0.003 -21"><span class='ocrx_word' id='word_1_98' title='bbox 169 1318 208 1378; x_wconf 85' lang='lat' dir='ltr'><strong>Et</strong></span> <span class='ocrx_word' id='word_1_99' title='bbox 222 1318 294 1379; x_wconf 89' lang='lat' dir='ltr'><strong>iliud</strong></span> <span class='ocrx_word' id='word_1_100' title='bbox 308 1319 406 1396; x_wconf 85' lang='lat' dir='ltr'><strong>utique</strong></span> <span class='ocrx_word' id='word_1_101' title='bbox 421 1316 582 1378; x_wconf 87' lang='lat' dir='ltr'><strong>faciendum</strong></span> <span class='ocrx_word' id='word_1_102' title='bbox 595 1328 650 1394; x_wconf 83' lang='lat' dir='ltr'><strong>est,</strong></span> <span class='ocrx_word' id='word_1_103' title='bbox 670 1327 711 1397; x_wconf 91' lang='lat' dir='ltr'><strong>ut,</strong></span> <span class='ocrx_word' id='word_1_104' title='bbox 726 1320 859 1398; x_wconf 90' lang='lat' dir='ltr'><strong>quotiens</strong></span> <span class='ocrx_word' id='word_1_105' title='bbox 874 1318 1083 1399; x_wconf 87' lang='lat' dir='ltr'><strong>suspicabimur</strong></span> <span class='ocrx_word' id='word_1_106' title='bbox 1089 1327 1123 1381; x_wconf 87' lang='grc'><strong>18</strong></span> 
     </span>
     <span class='ocr_line' id='line_1_14' title="bbox 85 1401 1080 1482; baseline 0.002 -22"><span class='ocrx_word' id='word_1_107' title='bbox 85 1401 171 1461; x_wconf 90' lang='lat' dir='ltr'><strong>iudici</strong></span> <span class='ocrx_word' id='word_1_108' title='bbox 188 1403 273 1462; x_wconf 88' lang='lat' dir='ltr'><strong>aliam</strong></span> <span class='ocrx_word' id='word_1_109' title='bbox 291 1402 491 1481; x_wconf 82' lang='lat' dir='ltr'><strong>probationem</strong></span> <span class='ocrx_word' id='word_1_110' title='bbox 509 1402 684 1479; x_wconf 84' lang='lat' dir='ltr'><strong>desiderari,</strong></span> <span class='ocrx_word' id='word_1_111' title='bbox 702 1422 784 1482; x_wconf 89' lang='lat' dir='ltr'><strong>quam</strong></span> <span class='ocrx_word' id='word_1_112' title='bbox 800 1404 836 1463; x_wconf 92' lang='lat' dir='ltr'><strong>de</strong></span> <span class='ocrx_word' id='word_1_113' title='bbox 854 1422 909 1482; x_wconf 90' lang='lat' dir='ltr'><strong>qua</strong></span> <span class='ocrx_word' id='word_1_114' title='bbox 927 1403 1080 1482; x_wconf 87' lang='lat' dir='ltr'><strong>loquimur,</strong></span> 
     </span>
     <span class='ocr_line' id='line_1_15' title="bbox 84 1486 1079 1565; baseline 0.002 -21"><span class='ocrx_word' id='word_1_115' title='bbox 84 1488 284 1563; x_wconf 87' lang='lat' dir='ltr'><strong>promittamus</strong></span> <span class='ocrx_word' id='word_1_116' title='bbox 308 1503 362 1546; x_wconf 93' lang='lat' dir='ltr'><strong>nos</strong></span> <span class='ocrx_word' id='word_1_117' title='bbox 383 1486 470 1565; x_wconf 89' lang='lat' dir='ltr'><strong>plene</strong></span> <span class='ocrx_word' id='word_1_118' title='bbox 493 1495 522 1545; x_wconf 89' lang='lat' dir='ltr'><strong>et</strong></span> <span class='ocrx_word' id='word_1_119' title='bbox 542 1490 637 1546; x_wconf 90' lang='lat' dir='ltr'><strong>statim</strong></span> <span class='ocrx_word' id='word_1_120' title='bbox 655 1486 691 1547; x_wconf 93' lang='lat' dir='ltr'><strong>de</strong></span> <span class='ocrx_word' id='word_1_121' title='bbox 713 1505 750 1547; x_wconf 92' lang='lat' dir='ltr'><strong>eo</strong></span> <span class='ocrx_word' id='word_1_122' title='bbox 770 1490 839 1547; x_wconf 90' lang='lat' dir='ltr'><strong>satis</strong></span> <span class='ocrx_word' id='word_1_123' title='bbox 855 1506 922 1547; x_wconf 91' lang='lat' dir='ltr'><strong>esse</strong></span> <span class='ocrx_word' id='word_1_124' title='bbox 937 1489 1079 1553; x_wconf 79' lang='lat' dir='ltr'><strong>facturos:</strong></span> 
     </span>
     <span class='ocr_line' id='line_1_16' title="bbox 85 1570 1123 1650; baseline 0.004 -22"><span class='ocrx_word' id='word_1_125' title='bbox 85 1573 304 1650; x_wconf 90' lang='lat' dir='ltr'><strong>praecipueque</strong></span> <span class='ocrx_word' id='word_1_126' title='bbox 325 1572 350 1630; x_wconf 92' lang='lat' dir='ltr'><strong>si</strong></span> <span class='ocrx_word' id='word_1_127' title='bbox 372 1570 409 1630; x_wconf 91' lang='lat' dir='ltr'><strong>de</strong></span> <span class='ocrx_word' id='word_1_128' title='bbox 432 1571 543 1648; x_wconf 91' lang='lat' dir='ltr'><strong>pudore</strong></span> <span class='ocrx_word' id='word_1_129' title='bbox 560 1573 662 1647; x_wconf 84' lang='lat' dir='ltr'><strong>agitur.</strong></span> <span class='ocrx_word' id='word_1_130' title='bbox 704 1570 885 1649; x_wconf 80' lang='lat' dir='ltr'><strong>Frequenter</strong></span> <span class='ocrx_word' id='word_1_131' title='bbox 898 1581 992 1632; x_wconf 87' lang='lat' dir='ltr'><strong>autern</strong></span> <span class='ocrx_word' id='word_1_132' title='bbox 1006 1573 1081 1632; x_wconf 90' lang='lat' dir='ltr'><strong>acci·</strong></span> <span class='ocrx_word' id='word_1_133' title='bbox 1090 1577 1123 1632; x_wconf 83' lang='lat'><strong>19</strong></span> 
     </span>
     <span class='ocr_line' id='line_1_17' title="bbox 3 1652 1081 1734; baseline 0.001 -22"><span class='ocrx_word' id='word_1_134' title='bbox 3 1652 4 1719; x_wconf 76' lang='grc' dir='ltr'>Ϊ</span> <span class='ocrx_word' id='word_1_135' title='bbox 86 1653 137 1727; x_wconf 89' lang='lat' dir='ltr'><strong>dit,</strong></span> <span class='ocrx_word' id='word_1_136' title='bbox 155 1663 185 1713; x_wconf 93' lang='lat' dir='ltr'><strong>ut</strong></span> <span class='ocrx_word' id='word_1_137' title='bbox 204 1672 290 1715; x_wconf 89' lang='lat' dir='ltr'><strong>causa</strong></span> <span class='ocrx_word' id='word_1_138' title='bbox 308 1671 407 1733; x_wconf 89' lang='lat' dir='ltr'><strong>parurn</strong></span> <span class='ocrx_word' id='word_1_139' title='bbox 421 1654 586 1714; x_wconf 82' lang='lat' dir='ltr'><strong>verecunda</strong></span> <span class='ocrx_word' id='word_1_140' title='bbox 603 1657 665 1715; x_wconf 91' lang='lat' dir='ltr'><strong>iure</strong></span> <span class='ocrx_word' id='word_1_141' title='bbox 682 1664 741 1715; x_wconf 90' lang='lat' dir='ltr'><strong>tuta</strong></span> <span class='ocrx_word' id='word_1_142' title='bbox 756 1658 807 1723; x_wconf 88' lang='lat' dir='ltr'><strong>sit;</strong></span> <span class='ocrx_word' id='word_1_143' title='bbox 826 1656 861 1715; x_wconf 93' lang='lat' dir='ltr'><strong>de</strong></span> <span class='ocrx_word' id='word_1_144' title='bbox 878 1673 934 1734; x_wconf 91' lang='lat' dir='ltr'><strong>quo</strong></span> <span class='ocrx_word' id='word_1_145' title='bbox 951 1674 987 1715; x_wconf 90' lang='lat' dir='ltr'><strong>ne</strong></span> <span class='ocrx_word' id='word_1_146' title='bbox 1003 1656 1081 1715; x_wconf 87' lang='lat' dir='ltr'><strong>iuviti</strong></span> 
     </span>
     <span class='ocr_line' id='line_1_18' title="bbox 84 1736 1080 1816; baseline 0.003 -20"><span class='ocrx_word' id='word_1_147' title='bbox 84 1736 198 1797; x_wconf 84' lang='lat' dir='ltr'><strong>iudices</strong></span> <span class='ocrx_word' id='word_1_148' title='bbox 210 1738 323 1797; x_wconf 92' lang='lat' dir='ltr'><strong>audiant</strong></span> <span class='ocrx_word' id='word_1_149' title='bbox 336 1747 364 1797; x_wconf 89' lang='lat' dir='ltr'><strong>et</strong></span> <span class='ocrx_word' id='word_1_150' title='bbox 379 1738 503 1813; x_wconf 87' lang='lat' dir='ltr'><strong>adversi,</strong></span> <span class='ocrx_word' id='word_1_151' title='bbox 520 1739 700 1816; x_wconf 86' lang='lat' dir='ltr'><strong>frequentius</strong></span> <span class='ocrx_word' id='word_1_152' title='bbox 717 1748 781 1799; x_wconf 90' lang='lat' dir='ltr'><strong>sunt</strong></span> <span class='ocrx_word' id='word_1_153' title='bbox 796 1739 975 1814; x_wconf 87' lang='lat' dir='ltr'><strong>admonendi,</strong></span> <span class='ocrx_word' id='word_1_154' title='bbox 991 1758 1080 1799; x_wconf 80' lang='lat' dir='ltr'><strong>aecu-</strong></span> 
     </span>
     <span class='ocr_line' id='line_1_19' title="bbox 85 1823 1081 1902; baseline 0.001 -21"><span class='ocrx_word' id='word_1_155' title='bbox 85 1828 186 1882; x_wconf 81' lang='lat' dir='ltr'><strong>tnrnm</strong></span> <span class='ocrx_word' id='word_1_156' title='bbox 205 1823 409 1901; x_wconf 71' lang='lat' dir='ltr'><strong>defensionem</strong></span> <span class='ocrx_word' id='word_1_157' title='bbox 420 1824 584 1900; x_wconf 74' lang='lat' dir='ltr'><strong>probitatis</strong></span> <span class='ocrx_word' id='word_1_158' title='bbox 595 1830 625 1883; x_wconf 89' lang='lat' dir='ltr'><strong>et</strong></span> <span class='ocrx_word' id='word_1_159' title='bbox 641 1824 816 1900; x_wconf 77' lang='lat' dir='ltr'><strong>dipnitctie;</strong></span> <span class='ocrx_word' id='word_1_160' title='bbox 833 1831 991 1902; x_wconf 71' lang='lat' dir='ltr'><strong>expectent</strong></span> <span class='ocrx_word' id='word_1_161' title='bbox 999 1841 1081 1901; x_wconf 83' lang='lat' dir='ltr'><strong>pun·</strong></span> 
     </span>
     <span class='ocr_line' id='line_1_20' title="bbox 84 1904 1125 1985; baseline 0 -18"><span class='ocrx_word' id='word_1_162' title='bbox 84 1904 145 1967; x_wconf 80' lang='lat' dir='ltr'><strong>tum</strong></span> <span class='ocrx_word' id='word_1_163' title='bbox 167 1913 199 1968; x_wconf 86' lang='lat' dir='ltr'><strong>et</strong></span> <span class='ocrx_word' id='word_1_164' title='bbox 219 1907 272 1985; x_wconf 76' lang='lat' dir='ltr'><strong>opi</strong></span> <span class='ocrx_word' id='word_1_165' title='bbox 292 1908 400 1968; x_wconf 86' lang='lat' dir='ltr'><strong>ordine</strong></span> <span class='ocrx_word' id='word_1_166' title='bbox 421 1907 530 1969; x_wconf 64' lang='lat' dir='ltr'><strong>anani.</strong></span> <span class='ocrx_word' id='word_1_167' title='bbox 568 1904 714 1979; x_wconf 80' lang='lat' dir='ltr'><strong>Quaedam</strong></span> <span class='ocrx_word' id='word_1_168' title='bbox 734 1906 848 1966; x_wconf 90' lang='lat' dir='ltr'><strong>interim</strong></span> <span class='ocrx_word' id='word_1_169' title='bbox 867 1924 920 1967; x_wconf 94' lang='lat' dir='ltr'><strong>nos</strong></span> <span class='ocrx_word' id='word_1_170' title='bbox 941 1907 1035 1965; x_wconf 86' lang='lat' dir='ltr'><strong>invitis</strong></span> <span class='ocrx_word' id='word_1_171' title='bbox 1051 1905 1125 1967; x_wconf 68' lang='lat' dir='ltr'><strong>fido</strong></span> 
     </span>
     <span class='ocr_line' id='line_1_21' title="bbox 86 1989 1082 2069; baseline 0 -21"><span class='ocrx_word' id='word_1_172' title='bbox 86 1989 260 2066; x_wconf 83' lang='lat' dir='ltr'><strong>tigatoribns</strong></span> <span class='ocrx_word' id='word_1_173' title='bbox 278 1990 464 2051; x_wconf 86' lang='lat' dir='ltr'><strong>simulandum</strong></span> <span class='ocrx_word' id='word_1_174' title='bbox 480 1999 525 2050; x_wconf 91' lang='lat' dir='ltr'><strong>est</strong></span> <span class='ocrx_word' id='word_1_175' title='bbox 539 1990 648 2065; x_wconf 83' lang='lat' dir='ltr'><strong>dicere,</strong></span> <span class='ocrx_word' id='word_1_176' title='bbox 664 1989 741 2068; x_wconf 91' lang='lat' dir='ltr'><strong>quod</strong></span> <span class='ocrx_word' id='word_1_177' title='bbox 757 1989 861 2050; x_wconf 81' lang='lat' dir='ltr'><strong>Cicero</strong></span> <span class='ocrx_word' id='word_1_178' title='bbox 878 2007 931 2069; x_wconf 89' lang='lat' dir='ltr'><strong>pro</strong></span> <span class='ocrx_word' id='word_1_179' title='bbox 949 1989 1082 2050; x_wconf 85' lang='lat' dir='ltr'><strong>Cluentio</strong></span> 
     </span>
     <span class='ocr_line' id='line_1_22' title="bbox 85 2073 1117 2153; baseline 0 -21"><span class='ocrx_word' id='word_1_180' title='bbox 85 2073 154 2133; x_wconf 86' lang='lat' dir='ltr'><strong>facit</strong></span> <span class='ocrx_word' id='word_1_181' title='bbox 174 2077 254 2134; x_wconf 90' lang='lat' dir='ltr'><strong>circa</strong></span> <span class='ocrx_word' id='word_1_182' title='bbox 269 2075 443 2135; x_wconf 85' lang='lat' dir='ltr'><strong>iudiciariam</strong></span> <span class='ocrx_word' id='word_1_183' title='bbox 459 2073 569 2151; x_wconf 70' lang='lat' dir='ltr'><strong>legem</strong></span> <span class='ocrx_word' id='word_1_184' title='bbox 587 2092 803 2152; x_wconf 87' lang='lat' dir='ltr'><strong>nonnunquam,</strong></span> <span class='ocrx_word' id='word_1_185' title='bbox 819 2077 900 2153; x_wconf 91' lang='lat' dir='ltr'><strong>quasi</strong></span> <span class='ocrx_word' id='word_1_186' title='bbox 916 2073 1081 2152; x_wconf 85' lang='lat' dir='ltr'><strong>interpelle-</strong></span> <span class='ocrx_word' id='word_1_187' title='bbox 1114 2095 1117 2101; x_wconf 95' lang='lat'>·</span> 
     </span>
     <span class='ocr_line' id='line_1_23' title="bbox 86 2157 1081 2236; baseline 0.003 -22"><span class='ocrx_word' id='word_1_188' title='bbox 86 2174 148 2216; x_wconf 89' lang='lat' dir='ltr'><strong>mur</strong></span> <span class='ocrx_word' id='word_1_189' title='bbox 169 2157 206 2218; x_wconf 90' lang='lat' dir='ltr'><strong>ab</strong></span> <span class='ocrx_word' id='word_1_190' title='bbox 229 2159 291 2234; x_wconf 89' lang='lat' dir='ltr'><strong>bis,</strong></span> <span class='ocrx_word' id='word_1_191' title='bbox 320 2158 493 2228; x_wconf 88' lang='lat' dir='ltr'><strong>subsistere;</strong></span> <span class='ocrx_word' id='word_1_192' title='bbox 522 2176 612 2236; x_wconf 88' lang='lat' dir='ltr'><strong>saepe</strong></span> <span class='ocrx_word' id='word_1_193' title='bbox 640 2159 795 2218; x_wconf 87' lang='lat' dir='ltr'><strong>avertenda</strong></span> <span class='ocrx_word' id='word_1_194' title='bbox 816 2159 851 2219; x_wconf 90' lang='lat' dir='ltr'><strong>ad</strong></span> <span class='ocrx_word' id='word_1_195' title='bbox 873 2161 953 2236; x_wconf 87' lang='lat' dir='ltr'><strong>ipsos</strong></span> <span class='ocrx_word' id='word_1_196' title='bbox 975 2159 1081 2226; x_wconf 88' lang='lat' dir='ltr'><strong>oratio;</strong></span> 
     </span>
     <span class='ocr_line' id='line_1_24' title="bbox 87 2240 1084 2321; baseline 0.001 -22"><span class='ocrx_word' id='word_1_197' title='bbox 87 2240 236 2316; x_wconf 86' lang='lat' dir='ltr'><strong>hortandi,</strong></span> <span class='ocrx_word' id='word_1_198' title='bbox 261 2251 291 2301; x_wconf 94' lang='lat' dir='ltr'><strong>ut</strong></span> <span class='ocrx_word' id='word_1_199' title='bbox 310 2244 403 2302; x_wconf 89' lang='lat' dir='ltr'><strong>sinant</strong></span> <span class='ocrx_word' id='word_1_200' title='bbox 422 2260 474 2302; x_wconf 92' lang='lat' dir='ltr'><strong>uos</strong></span> <span class='ocrx_word' id='word_1_201' title='bbox 496 2244 536 2302; x_wconf 93' lang='lat' dir='ltr'><strong>uti</strong></span> <span class='ocrx_word' id='word_1_202' title='bbox 559 2252 660 2302; x_wconf 90' lang='lat' dir='ltr'><strong>nostro</strong></span> <span class='ocrx_word' id='word_1_203' title='bbox 681 2244 812 2303; x_wconf 89' lang='lat' dir='ltr'><strong>consilio.</strong></span> <span class='ocrx_word' id='word_1_204' title='bbox 849 2241 890 2302; x_wconf 85' lang='lat' dir='ltr'><strong>Ita</strong></span> <span class='ocrx_word' id='word_1_205' title='bbox 915 2251 1084 2321; x_wconf 87' lang='lat' dir='ltr'><strong>surrepetur</strong></span> 
     </span>
     <span class='ocr_line' id='line_1_25' title="bbox 89 2325 1082 2406; baseline 0.003 -24"><span class='ocrx_word' id='word_1_206' title='bbox 89 2327 182 2385; x_wconf 88' lang='lat' dir='ltr'><strong>animo</strong></span> <span class='ocrx_word' id='word_1_207' title='bbox 197 2326 315 2401; x_wconf 90' lang='lat' dir='ltr'><strong>iudicis,</strong></span> <span class='ocrx_word' id='word_1_208' title='bbox 335 2336 379 2403; x_wconf 85' lang='lat' dir='ltr'><strong>et,</strong></span> <span class='ocrx_word' id='word_1_209' title='bbox 395 2325 459 2386; x_wconf 90' lang='lat' dir='ltr'><strong>durn</strong></span> <span class='ocrx_word' id='word_1_210' title='bbox 475 2336 574 2406; x_wconf 89' lang='lat' dir='ltr'><strong>sperat</strong></span> <span class='ocrx_word' id='word_1_211' title='bbox 588 2326 787 2405; x_wconf 86' lang='lat' dir='ltr'><strong>probationem</strong></span> <span class='ocrx_word' id='word_1_212' title='bbox 805 2327 938 2406; x_wconf 88' lang='lat' dir='ltr'><strong>pudoris,</strong></span> <span class='ocrx_word' id='word_1_213' title='bbox 953 2328 1082 2405; x_wconf 89' lang='lat' dir='ltr'><strong>asperio-</strong></span> 
     </span>
     <span class='ocr_line' id='line_1_26' title="bbox 88 2407 1124 2489; baseline 0.003 -22"><span class='ocrx_word' id='word_1_214' title='bbox 88 2407 167 2468; x_wconf 90' lang='lat' dir='ltr'><strong>ribus</strong></span> <span class='ocrx_word' id='word_1_215' title='bbox 189 2410 247 2469; x_wconf 88' lang='lat' dir='ltr'><strong>illis</strong></span> <span class='ocrx_word' id='word_1_216' title='bbox 271 2412 362 2468; x_wconf 89' lang='lat' dir='ltr'><strong>miuus</strong></span> <span class='ocrx_word' id='word_1_217' title='bbox 385 2410 566 2488; x_wconf 83' lang='lat' dir='ltr'><strong>repugnabit.</strong></span> <span class='ocrx_word' id='word_1_218' title='bbox 609 2411 691 2484; x_wconf 81' lang='lat' dir='ltr'><strong>Quae</strong></span> <span class='ocrx_word' id='word_1_219' title='bbox 720 2430 783 2471; x_wconf 87' lang='lat' dir='ltr'><strong>curn</strong></span> <span class='ocrx_word' id='word_1_220' title='bbox 807 2413 970 2489; x_wconf 86' lang='lat' dir='ltr'><strong>receperit,</strong></span> <span class='ocrx_word' id='word_1_221' title='bbox 1000 2412 1124 2471; x_wconf 71' lang='lat' dir='ltr'><strong>etiamal</strong></span> 
     </span>
     <span class='ocr_line' id='line_1_27' title="bbox 2 2493 1083 2573; baseline 0.001 -24"><span class='ocrx_word' id='word_1_222' title='bbox 2 2565 3 2568; x_wconf 7' lang='grc' dir='ltr'><strong>Ἴ</strong></span> <span class='ocrx_word' id='word_1_223' title='bbox 88 2493 283 2554; x_wconf 79' lang='lat' dir='ltr'><strong>verecundiae</strong></span> <span class='ocrx_word' id='word_1_224' title='bbox 296 2493 456 2553; x_wconf 73' lang='lat' dir='ltr'><strong>defensioni</strong></span> <span class='ocrx_word' id='word_1_225' title='bbox 471 2495 586 2554; x_wconf 88' lang='lat' dir='ltr'><strong>faoiiior</strong></span> <span class='ocrx_word' id='word_1_226' title='bbox 600 2497 664 2554; x_wconf 91' lang='lat' dir='ltr'><strong>erit.</strong></span> <span class='ocrx_word' id='word_1_227' title='bbox 700 2496 750 2554; x_wconf 89' lang='lat' dir='ltr'><strong>Sic</strong></span> <span class='ocrx_word' id='word_1_228' title='bbox 764 2504 884 2573; x_wconf 90' lang='lat' dir='ltr'><strong>utraque</strong></span> <span class='ocrx_word' id='word_1_229' title='bbox 899 2513 946 2554; x_wconf 92' lang='lat' dir='ltr'><strong>res</strong></span> <span class='ocrx_word' id='word_1_230' title='bbox 961 2497 1083 2555; x_wconf 86' lang='lat' dir='ltr'><strong>invicem</strong></span> 
     </span>
     <span class='ocr_line' id='line_1_28' title="bbox 2 2576 1082 2657; baseline 0 -21"><span class='ocrx_word' id='word_1_231' title='bbox 2 2587 3 2636; x_wconf 59' lang='grc' dir='ltr'>ζ</span> <span class='ocrx_word' id='word_1_232' title='bbox 89 2576 216 2653; x_wconf 85' lang='lat' dir='ltr'><strong>iuvabit,</strong></span> <span class='ocrx_word' id='word_1_233' title='bbox 237 2579 348 2655; x_wconf 89' lang='lat' dir='ltr'><strong>eritque</strong></span> <span class='ocrx_word' id='word_1_234' title='bbox 369 2577 456 2638; x_wconf 85' lang='lat' dir='ltr'><strong>iudex</strong></span> <span class='ocrx_word' id='word_1_235' title='bbox 480 2580 557 2638; x_wconf 90' lang='lat' dir='ltr'><strong>circa</strong></span> <span class='ocrx_word' id='word_1_236' title='bbox 577 2580 622 2638; x_wconf 90' lang='lat' dir='ltr'><strong>ins</strong></span> <span class='ocrx_word' id='word_1_237' title='bbox 646 2589 775 2639; x_wconf 89' lang='lat' dir='ltr'><strong>nostrum</strong></span> <span class='ocrx_word' id='word_1_238' title='bbox 798 2598 851 2657; x_wconf 89' lang='lat' dir='ltr'><strong>spe</strong></span> <span class='ocrx_word' id='word_1_239' title='bbox 865 2580 1026 2639; x_wconf 89' lang='lat' dir='ltr'><strong>modestiae</strong></span> <span class='ocrx_word' id='word_1_240' title='bbox 1042 2587 1082 2636; x_wconf 77' lang='lat' dir='ltr'><strong>at·</strong></span> 
     </span>
     <span class='ocr_line' id='line_1_29' title="bbox 89 2661 942 2742; baseline 0.005 -26"><span class='ocrx_word' id='word_1_241' title='bbox 89 2663 212 2736; x_wconf 87' lang='lat' dir='ltr'><strong>tentior,</strong></span> <span class='ocrx_word' id='word_1_242' title='bbox 230 2663 307 2721; x_wconf 88' lang='lat' dir='ltr'><strong>circa</strong></span> <span class='ocrx_word' id='word_1_243' title='bbox 321 2661 489 2721; x_wconf 87' lang='lat' dir='ltr'><strong>modestiam</strong></span> <span class='ocrx_word' id='word_1_244' title='bbox 503 2663 572 2721; x_wconf 89' lang='lat' dir='ltr'><strong>iuris</strong></span> <span class='ocrx_word' id='word_1_245' title='bbox 587 2662 759 2741; x_wconf 87' lang='lat' dir='ltr'><strong>probatione</strong></span> <span class='ocrx_word' id='word_1_246' title='bbox 775 2662 942 2742; x_wconf 86' lang='lat' dir='ltr'><strong>proclivior.</strong></span> 
     </span>
    </p>

    <p class='ocr_par' dir='ltr' id='par_1_4' title="bbox 92 2745 1126 3578">
     <span class='ocr_line' id='line_1_30' title="bbox 174 2745 1126 2824; baseline 0 -19"><span class='ocrx_word' id='word_1_247' title='bbox 174 2745 234 2805; x_wconf 89' lang='lat' dir='ltr'><strong>Sed</strong></span> <span class='ocrx_word' id='word_1_248' title='bbox 247 2754 287 2804; x_wconf 69' lang='lat' dir='ltr'><strong>‘ut</strong></span> <span class='ocrx_word' id='word_1_249' title='bbox 308 2763 365 2804; x_wconf 92' lang='lat' dir='ltr'><strong>nou</strong></span> <span class='ocrx_word' id='word_1_250' title='bbox 385 2762 501 2822; x_wconf 90' lang='lat' dir='ltr'><strong>semper</strong></span> <span class='ocrx_word' id='word_1_251' title='bbox 522 2749 688 2807; x_wconf 89' lang='lat' dir='ltr'><strong>necessaria</strong></span> <span class='ocrx_word' id='word_1_252' title='bbox 707 2757 755 2807; x_wconf 91' lang='lat' dir='ltr'><strong>aut</strong></span> <span class='ocrx_word' id='word_1_253' title='bbox 772 2746 848 2806; x_wconf 88' lang='lat' dir='ltr'><strong>utilis</strong></span> <span class='ocrx_word' id='word_1_254' title='bbox 864 2749 949 2805; x_wconf 89' lang='lat' dir='ltr'><strong>etiarn</strong></span> <span class='ocrx_word' id='word_1_255' title='bbox 969 2746 1126 2824; x_wconf 67' lang='lat' dir='ltr'><strong>partitioni</strong></span> 
     </span>
     <span class='ocr_line' id='line_1_31' title="bbox 92 2827 1083 2908; baseline 0.002 -24"><span class='ocrx_word' id='word_1_256' title='bbox 92 2836 150 2886; x_wconf 92' lang='lat' dir='ltr'><strong>est:</strong></span> <span class='ocrx_word' id='word_1_257' title='bbox 168 2830 208 2888; x_wconf 91' lang='lat' dir='ltr'><strong>ita</strong></span> <span class='ocrx_word' id='word_1_258' title='bbox 223 2839 386 2908; x_wconf 89' lang='lat' dir='ltr'><strong>opportune</strong></span> <span class='ocrx_word' id='word_1_259' title='bbox 401 2827 526 2888; x_wconf 89' lang='lat' dir='ltr'><strong>adbibita</strong></span> <span class='ocrx_word' id='word_1_260' title='bbox 541 2828 692 2908; x_wconf 88' lang='lat' dir='ltr'><strong>plurimum</strong></span> <span class='ocrx_word' id='word_1_261' title='bbox 707 2832 830 2891; x_wconf 92' lang='lat' dir='ltr'><strong>orationi</strong></span> <span class='ocrx_word' id='word_1_262' title='bbox 842 2830 914 2888; x_wconf 88' lang='lat' dir='ltr'><strong>lucis</strong></span> <span class='ocrx_word' id='word_1_263' title='bbox 930 2838 959 2888; x_wconf 90' lang='lat' dir='ltr'><strong>et</strong></span> <span class='ocrx_word' id='word_1_264' title='bbox 973 2830 1083 2905; x_wconf 80' lang='lat' dir='ltr'><strong>gratiae</strong></span> 
     </span>
     <span class='ocr_line' id='line_1_32' title="bbox 93 2912 1083 2991; baseline 0.002 -24"><span class='ocrx_word' id='word_1_265' title='bbox 93 2912 215 2972; x_wconf 90' lang='lat' dir='ltr'><strong>confert.</strong></span> <span class='ocrx_word' id='word_1_266' title='bbox 248 2912 350 2991; x_wconf 89' lang='lat' dir='ltr'><strong>Neque</strong></span> <span class='ocrx_word' id='word_1_267' title='bbox 368 2914 441 2972; x_wconf 91' lang='lat' dir='ltr'><strong>enirn</strong></span> <span class='ocrx_word' id='word_1_268' title='bbox 455 2912 549 2971; x_wconf 87' lang='lat' dir='ltr'><strong>soinrn</strong></span> <span class='ocrx_word' id='word_1_269' title='bbox 562 2913 591 2972; x_wconf 91' lang='lat' dir='ltr'><strong>id</strong></span> <span class='ocrx_word' id='word_1_270' title='bbox 607 2914 712 2989; x_wconf 86' lang='lat' dir='ltr'><strong>efficit,</strong></span> <span class='ocrx_word' id='word_1_271' title='bbox 731 2922 762 2973; x_wconf 90' lang='lat' dir='ltr'><strong>nt</strong></span> <span class='ocrx_word' id='word_1_272' title='bbox 778 2914 901 2973; x_wconf 88' lang='lat' dir='ltr'><strong>clariora</strong></span> <span class='ocrx_word' id='word_1_273' title='bbox 916 2912 993 2987; x_wconf 88' lang='lat' dir='ltr'><strong>fiant,</strong></span> <span class='ocrx_word' id='word_1_274' title='bbox 1009 2929 1083 2989; x_wconf 89' lang='lat' dir='ltr'><strong>quae</strong></span> 
     </span>
     <span class='ocr_line' id='line_1_33' title="bbox 92 2992 1083 3073; baseline 0.002 -22"><span class='ocrx_word' id='word_1_275' title='bbox 92 2992 233 3072; x_wconf 79' lang='lat' dir='ltr'><strong>dicuntur,</strong></span> <span class='ocrx_word' id='word_1_276' title='bbox 248 2995 335 3056; x_wconf 88' lang='lat' dir='ltr'><strong>rebus</strong></span> <span class='ocrx_word' id='word_1_277' title='bbox 350 2995 431 3057; x_wconf 87' lang='lat' dir='ltr'><strong>velut</strong></span> <span class='ocrx_word' id='word_1_278' title='bbox 446 2996 581 3056; x_wconf 89' lang='lat' dir='ltr'><strong>exturba</strong></span> <span class='ocrx_word' id='word_1_279' title='bbox 597 3000 734 3056; x_wconf 87' lang='lat' dir='ltr'><strong>extractis</strong></span> <span class='ocrx_word' id='word_1_280' title='bbox 750 3006 779 3056; x_wconf 91' lang='lat' dir='ltr'><strong>et</strong></span> <span class='ocrx_word' id='word_1_281' title='bbox 796 2999 825 3056; x_wconf 93' lang='lat' dir='ltr'><strong>in</strong></span> <span class='ocrx_word' id='word_1_282' title='bbox 839 3005 996 3073; x_wconf 87' lang='lat' dir='ltr'><strong>conspectu</strong></span> <span class='ocrx_word' id='word_1_283' title='bbox 1012 2995 1083 3054; x_wconf 92' lang='lat' dir='ltr'><strong>iudi·</strong></span> 
     </span>
     <span class='ocr_line' id='line_1_34' title="bbox 93 3079 1085 3158; baseline 0.002 -24"><span class='ocrx_word' id='word_1_284' title='bbox 93 3093 156 3137; x_wconf 82' lang='lat' dir='ltr'><strong>euna</strong></span> <span class='ocrx_word' id='word_1_285' title='bbox 170 3081 286 3158; x_wconf 88' lang='lat' dir='ltr'><strong>positis;</strong></span> <span class='ocrx_word' id='word_1_286' title='bbox 310 3081 362 3141; x_wconf 91' lang='lat' dir='ltr'><strong>sed</strong></span> <span class='ocrx_word' id='word_1_287' title='bbox 382 3080 475 3141; x_wconf 86' lang='lat' dir='ltr'><strong>reiicit</strong></span> <span class='ocrx_word' id='word_1_288' title='bbox 497 3098 613 3158; x_wconf 92' lang='lat' dir='ltr'><strong>qnoque</strong></span> <span class='ocrx_word' id='word_1_289' title='bbox 634 3081 796 3140; x_wconf 90' lang='lat' dir='ltr'><strong>audientem</strong></span> <span class='ocrx_word' id='word_1_290' title='bbox 814 3089 894 3138; x_wconf 92' lang='lat' dir='ltr'><strong>certo</strong></span> <span class='ocrx_word' id='word_1_291' title='bbox 910 3079 1085 3156; x_wconf 84' lang='lat' dir='ltr'><strong>singularum</strong></span> 
     </span>
     <span class='ocr_line' id='line_1_35' title="bbox 92 3163 1083 3242; baseline 0.004 -25"><span class='ocrx_word' id='word_1_292' title='bbox 92 3164 212 3236; x_wconf 89' lang='lat' dir='ltr'><strong>partium</strong></span> <span class='ocrx_word' id='word_1_293' title='bbox 227 3165 300 3240; x_wconf 85' lang='lat' dir='ltr'><strong>due,</strong></span> <span class='ocrx_word' id='word_1_294' title='bbox 321 3183 378 3224; x_wconf 91' lang='lat' dir='ltr'><strong>non</strong></span> <span class='ocrx_word' id='word_1_295' title='bbox 391 3166 477 3225; x_wconf 88' lang='lat' dir='ltr'><strong>aliter</strong></span> <span class='ocrx_word' id='word_1_296' title='bbox 497 3182 580 3242; x_wconf 86' lang='lat' dir='ltr'><strong>quarn</strong></span> <span class='ocrx_word' id='word_1_297' title='bbox 604 3164 774 3225; x_wconf 89' lang='lat' dir='ltr'><strong>facientibus</strong></span> <span class='ocrx_word' id='word_1_298' title='bbox 788 3166 843 3223; x_wconf 87' lang='lat' dir='ltr'><strong>iter</strong></span> <span class='ocrx_word' id='word_1_299' title='bbox 857 3163 972 3222; x_wconf 81' lang='lat' dir='ltr'><strong>inuitum</strong></span> <span class='ocrx_word' id='word_1_300' title='bbox 991 3164 1083 3222; x_wconf 90' lang='lat' dir='ltr'><strong>detra·</strong></span> 
     </span>
     <span class='ocr_line' id='line_1_36' title="bbox 92 3240 1125 3327; baseline 0.009 -28"><span class='ocrx_word' id='word_1_301' title='bbox 92 3240 161 3305; x_wconf 91' lang='lat' dir='ltr'><strong>bunt</strong></span> <span class='ocrx_word' id='word_1_302' title='bbox 181 3248 353 3325; x_wconf 83' lang='lat' dir='ltr'><strong>fatigationis</strong></span> <span class='ocrx_word' id='word_1_303' title='bbox 376 3257 473 3308; x_wconf 85' lang='lat' dir='ltr'><strong>notata</strong></span> <span class='ocrx_word' id='word_1_304' title='bbox 494 3249 639 3327; x_wconf 88' lang='lat' dir='ltr'><strong>inscriptis</strong></span> <span class='ocrx_word' id='word_1_305' title='bbox 660 3247 800 3326; x_wconf 89' lang='lat' dir='ltr'><strong>lapidibus</strong></span> <span class='ocrx_word' id='word_1_306' title='bbox 825 3249 925 3325; x_wconf 88' lang='lat' dir='ltr'><strong>spatia.</strong></span> <span class='ocrx_word' id='word_1_307' title='bbox 962 3246 1032 3305; x_wconf 89' lang='lat' dir='ltr'><strong>Nam</strong></span> <span class='ocrx_word' id='word_1_308' title='bbox 1056 3255 1125 3308; x_wconf 69' lang='lat' dir='ltr'><strong>etad</strong></span> 
     </span>
     <span class='ocr_line' id='line_1_37' title="bbox 94 3327 1085 3409; baseline 0.004 -27"><span class='ocrx_word' id='word_1_309' title='bbox 94 3327 223 3391; x_wconf 85' lang='lat' dir='ltr'><strong>exhausti</strong></span> <span class='ocrx_word' id='word_1_310' title='bbox 246 3332 353 3392; x_wconf 90' lang='lat' dir='ltr'><strong>laboris</strong></span> <span class='ocrx_word' id='word_1_311' title='bbox 373 3350 461 3392; x_wconf 93' lang='lat' dir='ltr'><strong>nosse</strong></span> <span class='ocrx_word' id='word_1_312' title='bbox 485 3350 646 3391; x_wconf 89' lang='lat' dir='ltr'><strong>mensuram</strong></span> <span class='ocrx_word' id='word_1_313' title='bbox 664 3331 804 3409; x_wconf 86' lang='lat' dir='ltr'><strong>voluptati</strong></span> <span class='ocrx_word' id='word_1_314' title='bbox 824 3341 885 3406; x_wconf 81' lang='lat' dir='ltr'><strong>est,</strong></span> <span class='ocrx_word' id='word_1_315' title='bbox 907 3339 936 3389; x_wconf 92' lang='lat' dir='ltr'><strong>et</strong></span> <span class='ocrx_word' id='word_1_316' title='bbox 956 3331 1085 3390; x_wconf 88' lang='lat' dir='ltr'><strong>hortatur</strong></span> 
     </span>
     <span class='ocr_line' id='line_1_38' title="bbox 94 3409 1083 3494; baseline 0 -26"><span class='ocrx_word' id='word_1_317' title='bbox 94 3409 129 3469; x_wconf 90' lang='lat' dir='ltr'><strong>ad</strong></span> <span class='ocrx_word' id='word_1_318' title='bbox 143 3414 253 3493; x_wconf 90' lang='lat' dir='ltr'><strong>reliqua</strong></span> <span class='ocrx_word' id='word_1_319' title='bbox 265 3416 366 3475; x_wconf 88' lang='lat' dir='ltr'><strong>fortius</strong></span> <span class='ocrx_word' id='word_1_320' title='bbox 383 3415 552 3493; x_wconf 84' lang='lat' dir='ltr'><strong>exequenda</strong></span> <span class='ocrx_word' id='word_1_321' title='bbox 567 3417 661 3491; x_wconf 88' lang='lat' dir='ltr'><strong>scire,</strong></span> <span class='ocrx_word' id='word_1_322' title='bbox 684 3425 816 3494; x_wconf 89' lang='lat' dir='ltr'><strong>quantum</strong></span> <span class='ocrx_word' id='word_1_323' title='bbox 838 3416 972 3492; x_wconf 91' lang='lat' dir='ltr'><strong>supersit.</strong></span> <span class='ocrx_word' id='word_1_324' title='bbox 1007 3411 1083 3472; x_wconf 88' lang='lat' dir='ltr'><strong>Nihil</strong></span> 
     </span>
     <span class='ocr_line' id='line_1_39' title="bbox 95 3496 1083 3578; baseline 0 -24"><span class='ocrx_word' id='word_1_325' title='bbox 95 3496 167 3556; x_wconf 88' lang='lat' dir='ltr'><strong>enirn</strong></span> <span class='ocrx_word' id='word_1_326' title='bbox 188 3499 305 3578; x_wconf 69' lang='lat' dir='ltr'><strong>longum</strong></span> <span class='ocrx_word' id='word_1_327' title='bbox 325 3500 417 3561; x_wconf 85' lang='lat' dir='ltr'><strong>videri</strong></span> <span class='ocrx_word' id='word_1_328' title='bbox 439 3516 562 3559; x_wconf 87' lang='lat' dir='ltr'><strong>necesse</strong></span> <span class='ocrx_word' id='word_1_329' title='bbox 586 3508 647 3578; x_wconf 88' lang='lat' dir='ltr'><strong>est,</strong></span> <span class='ocrx_word' id='word_1_330' title='bbox 671 3499 700 3558; x_wconf 89' lang='lat' dir='ltr'><strong>in</strong></span> <span class='ocrx_word' id='word_1_331' title='bbox 718 3516 792 3578; x_wconf 85' lang='lat' dir='ltr'><strong>quo,</strong></span> <span class='ocrx_word' id='word_1_332' title='bbox 815 3498 881 3577; x_wconf 91' lang='lat' dir='ltr'><strong>quid</strong></span> <span class='ocrx_word' id='word_1_333' title='bbox 896 3498 1022 3558; x_wconf 87' lang='lat' dir='ltr'><strong>ultimum</strong></span> <span class='ocrx_word' id='word_1_334' title='bbox 1035 3496 1083 3569; x_wconf 86' lang='lat' dir='ltr'><strong>sit,</strong></span> 
     </span>
    </p>
   </div>
   <div class='ocr_carea' id='block_1_3' title="bbox 0 0 1232 3925">
    <p class='ocr_par' dir='ltr' id='par_1_5' title="bbox 0 0 1232 3925">
     <span class='ocr_line' id='line_1_40' title="bbox 0 0 1232 3925; baseline 0 0"><span class='ocrx_word' id='word_1_335' title='bbox 0 0 1232 3925; x_wconf 95' lang='lat' dir='ltr'><strong> </strong></span> 
     </span>
    </p>
   </div>
  </div>
 </body>
</html>
