2434 3925
226 209 231 220 ι
257 230 259 234 ,
300 246 301 249 ¹
331 185 422 235 msa.
436 184 668 234 cannosum.
681 187 731 253 111,
744 184 770 238 o.
989 177 1048 238 125

49 339 286 411 condelectatam
305 343 355 402 coi
372 341 548 419 diligentiae
562 360 710 420 proeesse
727 343 813 421 opud
828 363 884 404 noc
899 345 1048 407 iuriscon-

48 429 121 490 salt
141 427 366 489 existimantur.
404 425 462 485 Sed
485 426 562 503 quod
583 429 674 505 ipsius
696 427 732 486 de
753 428 797 487 bis
813 428 893 488 libris
914 430 1048 489 iudicium
1057 444 1092 498 59

49 511 155 586 fuerit,
177 529 265 589 supra
287 510 355 570 dixi.
393 510 465 569 Sunt
487 513 562 569 enim
583 511 665 571 velut
687 521 825 587 regestae
846 514 875 570 in
894 512 948 572 bos
961 507 1048 573 'com-

49 596 223 669 nantarius,
247 611 321 671 quos
342 594 516 656 adolescens
536 592 713 671 deduxerat,
735 595 872 670 scholae,
896 597 971 656 etsi
993 616 1048 677 qua

50 689 95 740 est
116 679 213 740 iubis
237 678 338 757 culpa,
363 679 501 737 tradentis
525 688 585 747 est;
615 681 678 738 sive
703 698 767 752 enm
788 684 876 739 movit
898 682 943 757 id,
972 683 1049 760 quod

50 764 245 863 Hermagoras
261 765 350 841 prima
367 763 396 823 in
414 762 471 822 boc
492 763 559 822 loco
576 766 674 846 posuit
694 747 828 861 exempla
849 782 886 823 ex
903 770 1049 866 quaestio·

49 848 160 907 nibus
151 848 237 915 ruris;
259 848 322 907 sive
344 847 421 924 quod
440 846 543 907 Graeci
562 840 788 927 πραγματικῶς
797 851 931 908 vocant
922 852 992 909 ruris
1008 852 1048 909 in·

49 940 208 1010 terpretes.
236 932 295 993 Sed
309 929 414 991 Cicero
430 932 544 1009 quidem
559 932 603 991 his
620 932 831 1011 pulcherrimos
845 933 913 992 illos
929 935 965 993 de
977 932 1048 994 Ora·
1037 943 1092 1000 ·6o

50 1025 115 1078 tore
136 1014 299 1091 substituit,
322 1016 449 1093 ideoque
476 1016 602 1094 culpari,
626 1025 759 1094 tanquam
780 1018 855 1077 falsa
876 1020 1047 1097 praecipiat,

49 1118 107 1160 non
122 1108 232 1178 potest.
263 1099 324 1160 Nos
340 1099 375 1160 ad
390 1100 602 1176 Hermagoran.¹
634 1100 863 1165 Translationem
878 1103 925 1163 hic
940 1105 1049 1182 primus

51 1186 177 1244 omniurn
192 1185 326 1260 tradidit,
350 1201 512 1262 quanquam
533 1187 641 1245 semina
665 1188 728 1245 eius
750 1187 890 1265 quaedam
906 1189 979 1247 citra
996 1204 1047 1246 no·

51 1287 116 1329 men
141 1270 237 1346 ipsum
263 1270 337 1348 apud
362 1268 542 1328 Aristotelen
566 1272 759 1347 reperiuntur
800 1270 926 1347 legales
953 1282 1048 1332 antem
1057 1284 1089 1338 61

53 1354 240 1452 quaestiones
261 1352 314 1413 has
330 1353 416 1427 lecit,
438 1355 539 1431 scripti
555 1361 584 1413 et
599 1354 773 1430 voluntatis,
796 1355 926 1433 (quam'
918 1375 981 1436 ipse
996 1374 1049 1417 vo·

53 1445 100 1497 cat
120 1427 197 1496 ιιιιιᾶ
213 1429 302 1517 p‘spbv
322 1435 373 1497 ιιιιὶ
387 1430 587 1514 ὑπεξαίρεσιν,
604 1438 633 1498 id
654 1448 699 1498 est
719 1439 824 1499 dictum
848 1449 876 1499 et
900 1444 1050 1520 exceptio-

52 1539 133 1597 nem,
149 1538 270 1598 quorum
287 1523 366 1620 prius
383 1523 410 1580 ei
427 1540 491 1580 oum
506 1522 636 1581 omnibus
653 1541 803 1583 commune
819 1533 864 1583 est
871 1526 1050 1603 ,exceptio-

53 1607 97 1665 nis
124 1621 232 1665 nomen
259 1607 350 1664 miuus
379 1607 531 1685 usitatum)
565 1608 811 1684 ratiocinativum,
845 1570 1048 1685 arthguitatis,

53 1688 151 1767 legum
173 1692 389 1750 contrariarum.
433 1689 583 1765 Albutius,
605 1691 707 1751 eadem
728 1692 868 1752 divisione
890 1710 977 1767 usus,
1000 1691 1092 1756 dett

52 1773 140 1833 trabit
155 1774 388 1848 translationem,
409 1772 564 1833 subiiciens
581 1793 644 1834 eam
661 1777 822 1835 iuridiciali.
857 1775 890 1835 In
906 1776 1049 1853 legalibus

52 1874 171 1936 quoqne
194 1858 410 1937 quaestionibus
426 1857 533 1917 nullum
554 1867 634 1935 putat
657 1877 741 1934 esse,
765 1862 813 1937 qui
835 1860 946 1919 dicatur
963 1862 1049 1918 ratio·

53 1943 204 2002 cinativus.
242 1942 310 2003 Scio
326 1941 410 2022 plura
424 1943 591 2002 inventuros
607 1941 716 2020 adhuc,
735 1947 782 2021 qui
798 1943 900 2020 legere
917 1944 1049 2021 antiquos

52 2027 212 2087 studiosius
233 2027 349 2104 volent,
372 2026 425 2087 sed
446 2044 482 2085 ne
503 2025 577 2086 haee
595 2045 711 2106 quoqne
733 2029 916 2088 excesserint
936 2028 1050 2087 modum

51 2128 170 2172 vereor

138 2194 208 2274 lpse
223 2214 269 2255 me
284 2195 423 2274 paulum'
414 2216 443 2255 ιιι
458 2196 523 2270 alia,
541 2215 625 2275 quam
641 2198 719 2274 prius
735 2152 882 2256 habuerim
890 2194 1093 2275 ,opinione63

51 2298 127 2341 nunc
141 2298 209 2339 esse
226 2281 376 2341 confiteor
398 2279 441 2341 Et
452 2281 578 2340 fortasse
593 2282 763 2341 tutissimum
779 2291 841 2341 erat
856 2282 949 2341 lamae
964 2281 1050 2340 modo

54 2365 198 2440 studenti,
217 2364 287 2425 nibil
306 2383 344 2425 ex
365 2382 401 2424 eo
416 2374 543 2440 mutare,
566 2364 643 2443 quod
660 2366 755 2426 multis
774 2367 854 2425 annis
870 2383 927 2425 non
943 2367 1051 2425 sensis·

54 2468 114 2509 sem
130 2449 220 2511 modo
231 2466 331 2508 verum
346 2451 431 2508 etiam
447 2448 665 2527 approbassem.
693 2450 751 2509 Sed
766 2467 823 2509 non
839 2453 968 2509 sustineo
984 2468 1051 2508 esse
1059 2447 1095 2501 64

55 2535 192 2593 conscius
208 2533 275 2593 mihi
297 2533 466 2593 dissimulati
489 2533 533 2611 (in
549 2551 584 2593 eo
600 2536 773 2612 praesertim
791 2552 898 2612 opere,
922 2534 999 2612 quod
1016 2534 1051 2593 ad

54 2616 196 2678 bonorum
217 2619 351 2676 iuvenum
374 2617 505 2695 aliquam·
521 2618 673 2677 utilitatem
696 2621 910 2698 componimus)
936 2621 965 2677 in
992 2618 1052 2677 nlla

55 2711 137 2780 parte
159 2702 257 2762 iudicii
278 2702 345 2769 mei.
385 2700 457 2761 Nam
479 2710 508 2760 et
527 2700 738 2781 Hippocrates,
763 2702 858 2762 clarus
880 2712 942 2761 arte
962 2701 1051 2760 medi·

55 2788 155 2862 cinae,
178 2787 291 2846 videtur
307 2785 512 2846 honestissime
529 2786 655 2862 fecisse,
679 2786 757 2864 quod
775 2787 912 2863 quosdam
935 2803 1052 2845 errores

54 2888 143 2946 suos,
164 2888 200 2929 ne
216 2871 328 2949 posteri
347 2878 492 2945 errarent,
515 2869 669 2929 confessus
687 2880 746 2938 est;
770 2879 800 2929 et
816 2870 853 2929 bl.
869 2869 979 2929 Tullius
995 2886 1053 2928 non

53 2954 195 3019 dubitavit
216 2955 329 3033 aliquos
347 2957 402 3014 iam
423 2955 516 3014 editos
539 2954 631 3014 libros
652 2955 715 3015 aliis
734 2963 836 3033 postea
856 2955 972 3033 scriptis
988 2956 1053 3032 ipse

53 3038 207 3113 damnare,
236 3040 311 3098 sicut
336 3037 467 3098 Catulum
490 3047 576 3117 atque
593 3039 743 3099 Lucullum
764 3047 793 3097 et
813 3037 868 3097 hos
892 3040 991 3115 ipsos,
1016 3039 1052 3098 de

52 3122 158 3201 quibus
173 3123 260 3201 moda
281 3141 343 3182 sum
365 3124 496 3198 locutus,
519 3126 588 3183 artis
609 3123 785 3183 rhetoricae.
818 3121 931 3181 Etenim
949 3141 1050 3201 snper·
1060 3125 1094 3181 65

51 3224 163 3266 vacuus
179 3207 256 3267 foret
270 3210 299 3266 in
319 3208 421 3267 studiis
438 3207 553 3283 longior
571 3208 670 3280 labor,
693 3209 725 3264 si
737 3206 807 3265 nihil
827 3206 931 3265 liceret
950 3207 1052 3266 melius

50 3292 183 3350 invenire
206 3294 381 3369 praeteritis.
418 3288 522 3369 Neque
545 3300 640 3350 tamen
661 3290 814 3367 quidquam
839 3309 876 3349 ex
895 3291 954 3366 his,
979 3308 1053 3368 qnae

51 3383 113 3444 tum
133 3377 288 3453 praecepi,
308 3392 518 3453 supervacuum
533 3375 600 3442 luit:
625 3375 659 3434 ad
677 3375 794 3434 easdem
810 3377 884 3433 enim
898 3373 1052 3452 particulas
1093 3380 1094 3383 ’

52 3457 131 3520 baec
153 3475 287 3538 quoque,
310 3477 384 3538 quae
404 3476 479 3518 nunc
500 3461 696 3538 praecipiam,
717 3468 915 3528 revertentem
945 3459 984 3516 ita
1002 3474 1052 3516 ue·
