2434 3925
156 208 218 273 218
470 223 507 271 ur.
520 222 598 270 ruo.
612 223 831 283 commorarer
1034 203 1037 207 ’
1213 246 1216 333 p

155 394 227 456 quas
242 394 337 456 neque
353 377 512 454 generatim
526 375 642 442 tradere
653 386 698 438 sat
710 387 773 454 est,
790 396 853 438 cum
866 396 905 438 ex
916 376 1044 457 qualibet
1056 377 1157 440 earnm

145 461 368 521 ¹innumerabilis
389 469 622 537 argumentorum
643 463 728 540 copia
753 463 874 530 oriatur;
900 480 997 541 neque
1017 480 1071 541 per
1096 465 1156 522 sin·

139 544 238 623 ‘gulas
259 546 375 623 species
397 546 503 622 exequi
525 545 649 622 patiatur
669 554 769 605 natura
789 563 900 620 rerum,
926 547 1003 624 quod
1023 547 1072 625 qui
1088 556 1157 606 ιιιιιι

154 629 253 690 lacere
275 629 386 703 conati,
413 627 470 687 duo
492 625 601 706 paritei·
623 628 771 688 subierunt
789 630 986 705 incommoda,
1008 639 1039 689 ιιι
1060 638 1090 689 et
1111 632 1155 689 oi-

96 720 145 773 tol
153 714 237 772 mium
255 713 385 773 dicerent
404 730 460 771 nec
480 721 575 771 tamen
595 719 695 771 totum.
739 711 808 771 lude
823 713 953 791 plurimi,
974 731 1038 773 cum
1054 714 1083 771 in
1097 714 1155 773 bos

153 795 375 875 inexplicabiles
396 795 518 872 laqueos
539 795 713 870 inciderunt,
742 812 870 871 omnem,
900 798 985 856 etiam
1007 815 1093 875 quem
1116 817 1155 857 ex

151 882 269 958 iugenio
291 897 344 939 suo
367 888 500 957 poterant
520 878 645 954 babere,
671 888 803 938 conatum
823 880 904 939 relat
926 880 1036 939 astricti
1063 883 1155 940 certis

154 965 251 1041 legum
265 965 387 1024 vinculis
402 962 603 1042 perdiderunt,
627 971 658 1021 et
671 965 837 1039 magistrum
857 966 1052 1041 respicientes
1070 974 1153 1024 natu·

96 1055 213 1109 lotram
236 1048 339 1108 ducem
354 1048 448 1125 'sequi
472 1046 628 1106 desierunt.
672 1045 745 1106 Nam
768 1055 799 1106 ut
818 1065 872 1124 per
892 1064 925 1105 se
947 1064 1004 1106 non
1026 1048 1154 1107 sufficiet

153 1133 246 1207 scire,
274 1148 373 1191 omnes
396 1129 582 1209 probationes
604 1137 653 1188 aut
676 1147 693 1189 a
712 1132 845 1210 personis
867 1140 915 1190 aut
936 1149 952 1190 a
973 1129 1061 1190 rebus
1079 1133 1153 1210 peti,

155 1218 220 1294 quia
241 1224 393 1293 utrumque
412 1216 441 1274 in
460 1215 543 1293 plora
568 1213 717 1273 dividitur:
742 1217 782 1275 ita
804 1233 843 1274 ex
863 1214 1102 1274 antecedentibus
1124 1225 1155 1274 et

153 1300 257 1359 iunctis
273 1308 302 1358 et
317 1296 503 1377 sequentibus
520 1296 658 1357 trahenda
674 1314 741 1356 esse
753 1308 920 1374 argumenta
931 1300 979 1376 qut
990 1300 1154 1377 acceperit,

156 1401 222 1442 num
236 1385 365 1459 protinus
380 1384 409 1442 in
426 1382 482 1442 hoc
499 1383 536 1440 ιιι
550 1382 722 1457 instructos,
744 1390 791 1456 ut,
815 1382 883 1460 qnid
897 1383 925 1441 iu
937 1399 1052 1460 quaque
1063 1400 1155 1442 causa

96 1474 146 1529 loo
155 1466 314 1526 ducendum
330 1468 367 1525 ιιι
383 1485 420 1525 ex
437 1465 499 1540 his,
521 1462 617 1524 sciat?
640 1467 827 1543 praesertim,
851 1483 914 1525 cum
929 1466 1068 1545 plurimae
1083 1483 1153 1544 pro·

152 1550 285 1610 bationes
306 1551 334 1608 iu
353 1551 418 1628 ipso
439 1566 588 1610 causarum
603 1548 759 1627 complexu
773 1551 972 1627 reperiantur,
995 1551 1032 1609 ita
1048 1558 1079 1608 ιιι
1097 1552 1154 1610 sint

152 1651 217 1694 oum
237 1633 293 1693 alia
313 1632 363 1693 lite
382 1633 460 1694 nulla
481 1650 663 1709 commones,
686 1650 799 1710 eaeque
814 1634 870 1692 siut
885 1642 915 1692 et
933 1633 1153 1712 potentissimae

155 1726 185 1777 et
204 1719 317 1777 minime
335 1716 455 1792 obviae,
481 1718 547 1796 quia
565 1717 724 1777 communia
739 1735 777 1776 ex
790 1719 957 1796 praeceptis
972 1718 1152 1794 accepimus,

98 1803 274 1881 104propria
300 1802 470 1862 invenienda
495 1809 568 1860 sunt.
617 1799 681 1861 lloc
704 1818 797 1876 genus
824 1810 1056 1878 argumentorum
1081 1819 1153 1862 sane

155 1879 282 1947 dicamus
304 1903 348 1945 ex
370 1886 663 1959 circumstantia,
686 1886 752 1963 quia
765 1885 935 1964 περίστασιν
950 1885 1050 1945 dicere
1067 1883 1153 1945 aliter

149 1987 212 2044 ,non
238 1988 407 2048 possumus,
435 1969 485 2029 vel
509 1970 616 2044 exiis,
646 1986 720 2048 quae
742 1971 881 2047 cuiusque
904 1987 1011 2029 causae
1033 1971 1153 2048 propria

155 2063 234 2114 suot:
256 2063 287 2114 ut
302 2056 331 2113 in
346 2053 397 2113 illo
411 2054 542 2113 adultero
557 2053 727 2127 sacerdote,
750 2054 798 2131 qui
813 2053 897 2129 lege,
921 2071 976 2132 qua
991 2055 1075 2113 onius
1089 2072 1152 2113 ser

154 2139 239 2199 randi
254 2134 427 2216 pot'e'statem
447 2137 588 2213 habebat,
611 2154 644 2195 se
660 2138 724 2216 ipse
740 2155 859 2196 servare
875 2136 982 2210 voluit,
1004 2138 1154 2215 proprium

155 2222 374 2282 controversiae
397 2229 442 2280 est
462 2222 575 2295 dicere,
606 2218 675 2281 Noa
698 2239 793 2281 onom
812 2228 969 2282 nocentem
988 2222 1153 2296 servabar,

155 2307 230 2384 quio
257 2313 286 2366 te
313 2305 438 2367 otmaro
459 2303 632 2365 adulteram
662 2306 805 2366 occidere
830 2324 891 2365 oon
917 2305 1038 2366 licebat.
1087 2303 1154 2363 lloc

157 2390 232 2450 enim
253 2397 447 2465 argumentum
469 2387 518 2447 lex
539 2387 628 2463 lacit,
658 2405 731 2465 quae
751 2388 889 2467 prohibet
909 2387 1067 2448 adulteram
1088 2389 1153 2447 siue

98 2482 148 2534 105
157 2471 289 2532 adultero
312 2471 457 2531 occidere.
500 2469 538 2530 Et
560 2471 627 2545 illa,
649 2472 678 2529 in
699 2489 754 2550 qua
775 2471 833 2532 lata
854 2472 904 2531 lex
918 2480 980 2548 est,
1000 2481 1032 2532 ut
1049 2488 1153 2548 argeu-

155 2556 219 2621 tarii
239 2555 381 2615 dimidium
401 2574 438 2614 ex
458 2571 511 2630 eo,
541 2554 618 2633 quod
640 2554 799 2631 debebant,
826 2556 989 2623 solverent:
1014 2554 1155 2615 creditum

156 2657 237 2699 suum
257 2648 348 2699 totum
370 2641 531 2716 exigerent.
560 2638 766 2715 'Argentarius
787 2637 823 2699 ab
846 2640 1011 2716 argentario
1029 2638 1154 2698 solidum

156 2725 240 2804 petit.
283 2722 432 2801 Proprium
454 2742 492 2782 ex
511 2724 630 2782 materia
644 2731 690 2781 est
706 2733 902 2800 argumentum
918 2722 1086 2798 creditoris,
1111 2722 1154 2781 id·

156 2810 236 2868 circo
258 2807 400 2867 adiectum
420 2808 530 2865 esseio
546 2806 631 2883 lege,
653 2815 684 2865 ut
698 2809 877 2883 argentarius
895 2815 985 2866 totum
1002 2807 1153 2883 exigeret:

157 2892 296 2953 adversos
315 2891 388 2952 alios
406 2892 480 2949 enim
495 2907 552 2949 non
568 2907 642 2969 opos
657 2889 747 2949 luisse
763 2890 848 2968 lege,
872 2908 936 2950 oum
954 2906 1053 2949 omnes
1068 2907 1153 2968 prae·

94 2976 288 3054 'lotterquam
307 2973 344 3034 ab
366 2975 536 3052 argentariis
556 2982 648 3033 totum
670 2974 805 3050 exigendi
825 2976 869 3033 ios
885 2973 1035 3033 lrabereot.
1081 2971 1154 3033 Cum

154 3060 243 3120 multa
257 3067 351 3119 autem
366 3069 506 3118 novantur
518 3060 547 3117 in
562 3058 637 3117 omui
652 3075 762 3134 genere
773 3059 913 3118 materiae
923 3065 982 3116 tum
994 3059 1154 3136 praecipue

155 3143 185 3202 io
203 3145 238 3202 iis
259 3143 491 3220 quaestionibus,
521 3159 594 3219 quae
615 3143 724 3219 scripto
747 3151 894 3217 constant,
916 3143 982 3217 quia
1003 3158 1108 3200 vocum
1124 3150 1154 3200 et

157 3227 186 3284 in
200 3225 321 3302 singulis
337 3226 506 3303 ambiguitas
521 3225 659 3302 frequens
674 3233 705 3283 et
720 3224 813 3285 adhuc
830 3227 858 3285 in
873 3225 1032 3284 coniunctis
1048 3226 1151 3300 magis.

101 3309 196 3373 rotut
215 3310 288 3370 haec
304 3311 372 3388 ipsa
392 3310 514 3389 plurium
534 3308 632 3385 legum
651 3308 811 3368 aliorumve
825 3310 998 3387 scriptorum
1016 3307 1065 3367 vel
1083 3325 1152 3367 cou-

157 3396 319 3472 gruentlum
334 3392 383 3452 vel
397 3394 614 3470 repugnantium
629 3391 782 3468 complexu
797 3394 943 3452 varientur
957 3409 1082 3451 necesse
1094 3401 1151 3464 est,

158 3498 221 3541 oum
241 3495 289 3539 res
310 3478 353 3537 rei
375 3485 424 3538 aut
444 3479 488 3537 ius
503 3476 571 3536 iuris
589 3476 671 3555 quasi
685 3475 796 3551 signum
811 3484 867 3536 est.
910 3473 978 3537 Noa
992 3476 1085 3537 debui
1098 3476 1154 3537 titt
