2434 3925
156 133 215 196 120
466 148 503 195 rr.
519 147 596 196 run.
613 147 831 217 onmrmraur

150 302 227 362 milio
241 309 307 361 sunt
325 301 373 362 illa
390 318 455 362 meo
474 301 587 380 quidem
603 298 719 378 iudicio,
736 301 765 363 in
783 301 885 382 quibus
899 303 989 365 verba
1004 305 1168 370 decenter

151 385 268 465 pudoris
283 388 375 462 gratia
389 386 605 459 subtrahuntur:

246 466 391 531 Nooimue
405 471 501 547 etqui
515 478 553 545 te,
569 477 748 531 truoeoerso
764 471 914 532 tuentibus
927 470 1035 550 tocie,

133 560 135 569 '
249 549 291 613 Et
305 570 374 631 quo,
388 555 446 615 aed
459 554 569 632 [ociter
584 549 743 632 Nymphae
756 555 865 629 maere,
878 557 1003 619 corello.

109 635 230 703 conane
244 636 357 714 quidam
373 637 559 715 aposiopesin
575 644 689 714 putant,
705 636 821 696 lrustro.
850 635 937 714 Nam,
954 639 1003 699 illa
1019 638 1097 718 quid
1115 648 1156 701 tr·

151 728 231 795 ceat,
249 721 387 780 incertum
403 729 448 780 est
463 728 511 781 aut
532 728 613 780 certe
629 719 762 797 longiore
777 738 909 781 sermone
931 723 1155 801 explicandum,

150 803 197 864 hic
211 822 295 863 unum
314 803 434 864 verbum
458 813 487 864 et
507 804 686 864 manifestum
701 805 832 883 quidem,
853 805 1051 874 desideratum
1072 824 1155 884 quae

150 889 174 946 si
191 888 374 967 aposiopesis
390 896 451 962 cst,
471 888 540 948 nihil
556 904 629 962 non,
648 889 676 947 in
691 905 748 966 quo
764 888 847 948 deest
862 889 983 968 aliquid,
1002 890 1084 949 idem
1102 908 1154 968 ap·

108 969 313 1070 dipellabitur.
347 971 410 1031 Nec
426 989 482 1048 ego
498 971 569 1032 illud
593 971 705 1048 quidem
722 973 908 1050 aposiopesin
923 989 1039 1052 semper
1056 989 1153 1047 voco,

151 1073 180 1114 ιιι
195 1071 252 1133 quo
270 1073 319 1114 res
334 1073 523 1133 quaeeunque
538 1055 708 1133 relinquitur
728 1054 930 1131 intelligenda,
955 1065 986 1116 ut
1006 1074 1110 1134 aeque
1125 1058 1153 1116 in

150 1138 283 1218 epistolis
294 1136 414 1198 Cicero:
429 1137 514 1201 Doto
526 1137 759 1217 Lupercalibus,
775 1155 835 1217 quo
844 1141 896 1202 die
905 1136 1053 1201 Antonine
1066 1138 1152 1202 Cae

148 1222 234 1291 som
248 1239 306 1280 non
322 1224 395 1281 enim
411 1221 530 1282 obticuit
543 1231 591 1282 aut
606 1222 683 1299 lusit,
700 1224 765 1301 qnia
782 1222 850 1282 nihil
865 1223 912 1283 hic
929 1223 1006 1283 aliud
1017 1223 1152 1301 intelligi

108 1313 264 1385 capoterat
286 1324 369 1384 quam
388 1305 461 1381 hoc,
484 1307 631 1368 diademo
651 1305 801 1385 imposuit.
841 1306 943 1366 Altera
964 1315 1008 1366 est
1022 1325 1079 1385 per
1097 1307 1149 1367 de·

150 1391 319 1449 tractionem
340 1390 446 1465 ligura,
469 1387 505 1449 de
529 1407 584 1467 qua
607 1389 693 1449 modo
714 1391 836 1466 dictum,
859 1391 904 1449 cui
926 1391 1149 1451 coniunctiones

150 1473 318 1532 eximuntur.
351 1472 458 1549 Tertia,
476 1491 550 1550 quae
566 1473 668 1532 dicitur
684 1471 919 1553 συνεζευγμένον,
941 1474 970 1532 in
986 1492 1043 1551 qua
1058 1492 1147 1534 unum

150 1554 185 1616 ad
201 1555 319 1614 verbum
334 1556 433 1634 plnres
449 1558 607 1630 sententiae
623 1556 800 1631 referuntur,
822 1575 939 1636 quarum
953 1575 1147 1635 unaquaeqne

150 1638 330 1700 desideraret
344 1640 424 1716 illud,
440 1642 465 1700 si
475 1640 538 1701 sola
553 1649 720 1718 poneretur.
750 1639 781 1698 ld
796 1641 900 1700 accidit
915 1649 962 1701 aut
973 1642 1145 1720 praeposito

149 1721 258 1799 verbo,
286 1723 321 1785 ad
343 1724 419 1803 quod
442 1724 555 1804 reliqua
576 1725 747 1803 respiciant:
775 1720 852 1785 Vtcu
867 1726 1016 1802 podorem
1036 1724 1144 1800 libido,

150 1807 285 1869 amorem
301 1809 449 1886 audacia,
467 1809 614 1869 rationem
629 1809 782 1875 ementior
804 1816 851 1867 aut
868 1807 966 1884 illato,
982 1824 1039 1886 quo
1061 1807 1144 1887 plura

151 1890 315 1952 eluduntur:
345 1890 450 1970 Neque
471 1894 549 1953 enim
572 1893 600 1952 ia
622 1909 671 1969 ee,
694 1888 842 1969 Catilium,
866 1900 899 1951 ut
919 1898 948 1952 te
968 1898 1023 1953 not
1040 1892 1144 1972 pudor

149 1992 284 2053 unquam
305 1996 326 2037 a
346 1978 535 2057 turpitudine
555 1984 609 2037 out
628 1984 725 2038 metue
748 1995 769 2037 a
787 1977 928 2054 periculo
947 1984 1002 2037 out
1021 1977 1143 2038 rodco

109 2062 255 2141 odsrurore
276 2061 475 2124 revocaverit.
513 2059 636 2120 Medium
661 2076 777 2138 quoque
798 2067 993 2138 potestesse,
1018 2057 1097 2137 quod
1114 2066 1143 2118 et

149 2142 293 2220 prioribus
317 2152 346 2203 et
361 2143 546 2223 sequentibus
561 2142 694 2204 sufficiat.
730 2142 823 2220 longit
844 2151 937 2202 autem
959 2151 989 2202 et
1009 2142 1142 2201 diversos

151 2244 258 2301 sexus,
282 2234 313 2285 ut
334 2246 397 2287 curn
411 2245 518 2286 manem
538 2226 729 2305 feminamque
744 2226 822 2304 lilios
838 2227 971 2300 dicimus,
993 2234 1023 2284 et
1045 2227 1140 2302 singn-

109 2309 221 2370 illaria
236 2307 392 2387 pluralibus
408 2313 519 2371 miscet.
554 2310 614 2370 Sed
629 2310 703 2370 haec
718 2310 792 2370 adeo
807 2319 872 2368 sunt
886 2309 1026 2386 vulgaria,
1042 2317 1073 2367 ut
1086 2308 1141 2368 sihi

150 2400 240 2453 artem
254 2392 406 2469 figurarum
422 2412 555 2454 asserere
570 2394 763 2472 nonpossint.
792 2392 867 2455 lllud
878 2392 964 2471 plane
979 2392 1069 2469 ligura
1084 2400 1139 2469 est,

151 2493 206 2555 qua
221 2476 335 2537 diversa
350 2479 490 2538 sermonis
505 2478 596 2538 lomna
613 2478 807 2554 coniungitur:

477 2595 519 2606 -
534 2560 634 2622 Sociis
650 2568 733 2637 tunc,
748 2577 839 2623 orma
854 2567 1028 2638 capessunt,

274 2641 384 2722 Edico,
399 2650 428 2705 et
443 2646 515 2706 diro
530 2645 639 2707 delium
656 2664 724 2705 com
738 2651 826 2722 pente
838 2644 1017 2721 perandum·

151 2727 286 2804 Quamvis
299 2728 372 2787 enim
383 2746 450 2807 pars
466 2730 544 2791 bello
558 2729 706 2806 posterior
718 2727 870 2806 participio
886 2727 1012 2785 insistet:
1028 2726 1137 2802 unique

151 2814 285 2872 convenit
301 2811 371 2872 illud
387 2813 483 2886 edico.
520 2812 585 2872 Non
605 2813 704 2890 utique
724 2810 910 2871 detractionis
930 2803 1022 2887 gratia
1035 2807 1136 2868 iactam
1201 2803 1202 2882 3

151 2897 379 2957 coniunctionem
399 2896 599 2957 συνοικείωσιν
617 2902 739 2970 vocant,
760 2912 835 2972 quae
862 2892 932 2952 duas
949 2910 997 2953 res
1011 2892 1136 2951 diversas

152 2980 287 3057 colligat:
312 2980 386 3042 Tum
407 2981 626 3055 decatervam,
648 2979 729 3057 quod
742 2978 848 3053 ludet,
873 2993 964 3055 quom
986 2976 1066 3055 quod
1078 2994 1136 3037 ooo

109 3063 247 3124 findebat.
282 3062 355 3122 Huic
374 3062 515 3123 diversam
535 3063 636 3123 volunt
656 3079 724 3122 esse
751 3062 975 3135 distinctionem,
998 3060 1043 3118 cui
1072 3057 1136 3119 dant

151 3161 254 3205 nomen
264 3141 514 3225 παραδιαστολήν,
530 3149 595 3225 quie
607 3146 709 3205 similia
720 3144 933 3205 discernuntur:
951 3140 1025 3203 Gom
1041 3150 1068 3204 te
1077 3159 1134 3221 pro

150 3234 250 3290 aarum
265 3232 431 3307 cupientem
445 3232 591 3309 appeller,
605 3248 664 3307 pro
680 3228 848 3306 confidente
861 3228 988 3306 fortem,
1010 3243 1065 3305 pro
1076 3226 1133 3285 ott-

49 3312 51 3315 ’
151 3312 250 3375 baroli
264 3314 445 3390 dittqeotem.
475 3313 560 3387 Quod
574 3322 663 3374 totum
678 3311 785 3393 pendet
802 3329 840 3372 ex
856 3311 999 3386 linitione,
1016 3309 1132 3386 ideoque

151 3414 187 3461 on
201 3396 291 3476 figura
306 3398 344 3457 sit
363 3396 470 3456 dubito.
501 3395 555 3457 Cui
569 3398 712 3457 contrario
729 3404 774 3456 est
788 3411 839 3473 ca,
861 3411 918 3473 qua
938 3393 970 3454 fit
983 3410 1022 3454 ex
1035 3392 1131 3452 uoluta
