<?xml version="1.0" encoding="UTF-8"?>
<!DOCTYPE html PUBLIC "-//W3C//DTD XHTML 1.0 Transitional//EN"
    "http://www.w3.org/TR/xhtml1/DTD/xhtml1-transitional.dtd">
<html xmlns="http://www.w3.org/1999/xhtml" xml:lang="en" lang="en">
 <head>
  <title>
</title>
<meta http-equiv="Content-Type" content="text/html;charset=utf-8" />
  <meta name='ocr-system' content='tesseract 3.04.00' />
  <meta name='ocr-capabilities' content='ocr_page ocr_carea ocr_par ocr_line ocrx_word'/>
</head>
<body>
  <div class='ocr_page' id='page_1' title='image "./mfabiiquintilia08bonngoog_0383.png"; bbox 0 0 2434 3925; ppageno 0'>
   <div class='ocr_carea' id='block_1_1' title="bbox 344 182 1076 264">
    <p class='ocr_par' dir='ltr' id='par_1_1' title="bbox 344 182 1076 264">
     <span class='ocr_line' id='line_1_1' title="bbox 344 182 1076 264; baseline -0.001 -19"><span class='ocrx_word' id='word_1_1' title='bbox 344 197 432 245; x_wconf 80' lang='lat' dir='ltr'><strong>mer.</strong></span> <span class='ocrx_word' id='word_1_2' title='bbox 457 197 604 249; x_wconf 80' lang='lat' dir='ltr'><strong>onnuon.</strong></span> <span class='ocrx_word' id='word_1_3' title='bbox 627 198 696 246; x_wconf 81' lang='lat' dir='ltr'><strong>mc.</strong></span> <span class='ocrx_word' id='word_1_4' title='bbox 717 199 769 264; x_wconf 78' lang='lat' dir='ltr'><strong>m,</strong></span> <span class='ocrx_word' id='word_1_5' title='bbox 788 192 813 246; x_wconf 82' lang='lat'><strong>4.</strong></span> <span class='ocrx_word' id='word_1_6' title='bbox 1015 182 1076 244; x_wconf 84' lang='lat'><strong>285</strong></span> 
     </span>
    </p>
   </div>
   <div class='ocr_carea' id='block_1_2' title="bbox 4 350 1120 2696">
    <p class='ocr_par' dir='ltr' id='par_1_2' title="bbox 67 350 1120 1685">
     <span class='ocr_line' id='line_1_2' title="bbox 67 350 1105 431; baseline -0.002 -17"><span class='ocrx_word' id='word_1_7' title='bbox 67 354 110 414; x_wconf 88' lang='lat' dir='ltr'><strong>ris</strong></span> <span class='ocrx_word' id='word_1_8' title='bbox 134 354 165 413; x_wconf 92' lang='lat' dir='ltr'><strong>in</strong></span> <span class='ocrx_word' id='word_1_9' title='bbox 188 358 342 431; x_wconf 87' lang='lat' dir='ltr'><strong>posterum</strong></span> <span class='ocrx_word' id='word_1_10' title='bbox 360 353 423 429; x_wconf 91' lang='lat' dir='ltr'><strong>spei</strong></span> <span class='ocrx_word' id='word_1_11' title='bbox 451 368 508 410; x_wconf 93' lang='lat' dir='ltr'><strong>non</strong></span> <span class='ocrx_word' id='word_1_12' title='bbox 529 359 591 410; x_wconf 90' lang='lat' dir='ltr'><strong>erat</strong></span> <span class='ocrx_word' id='word_1_13' title='bbox 612 352 695 410; x_wconf 87' lang='lat' dir='ltr'><strong>ratio.</strong></span> <span class='ocrx_word' id='word_1_14' title='bbox 731 350 827 425; x_wconf 88' lang='lat' dir='ltr'><strong>ldem,</strong></span> <span class='ocrx_word' id='word_1_15' title='bbox 853 369 916 410; x_wconf 92' lang='lat' dir='ltr'><strong>cum</strong></span> <span class='ocrx_word' id='word_1_16' title='bbox 939 351 1105 417; x_wconf 72' lang='lat' dir='ltr'><strong>offensam&amp;</strong></span> 
     </span>
     <span class='ocr_line' id='line_1_3' title="bbox 67 435 1076 514; baseline -0.001 -17"><span class='ocrx_word' id='word_1_17' title='bbox 67 445 246 512; x_wconf 74' lang='lat' dir='ltr'><strong>vereretur,</strong></span> <span class='ocrx_word' id='word_1_18' title='bbox 261 439 286 495; x_wconf 95' lang='lat' dir='ltr'><strong>si</strong></span> <span class='ocrx_word' id='word_1_19' title='bbox 305 436 471 512; x_wconf 86' lang='lat' dir='ltr'><strong>obiurgaret</strong></span> <span class='ocrx_word' id='word_1_20' title='bbox 488 435 588 514; x_wconf 93' lang='lat' dir='ltr'><strong>populi</strong></span> <span class='ocrx_word' id='word_1_21' title='bbox 603 436 753 511; x_wconf 84' lang='lat' dir='ltr'><strong>segnitiam</strong></span> <span class='ocrx_word' id='word_1_22' title='bbox 770 438 798 493; x_wconf 94' lang='lat' dir='ltr'><strong>in</strong></span> <span class='ocrx_word' id='word_1_23' title='bbox 817 435 972 495; x_wconf 85' lang='lat' dir='ltr'><strong>asserenda</strong></span> <span class='ocrx_word' id='word_1_24' title='bbox 990 436 1076 496; x_wconf 90' lang='lat' dir='ltr'><strong>liber·</strong></span> 
     </span>
     <span class='ocr_line' id='line_1_4' title="bbox 67 519 1076 598; baseline -0.001 -17"><span class='ocrx_word' id='word_1_25' title='bbox 67 531 130 581; x_wconf 90' lang='lat' dir='ltr'><strong>tate</strong></span> <span class='ocrx_word' id='word_1_26' title='bbox 150 522 198 579; x_wconf 92' lang='lat' dir='ltr'><strong>rei</strong></span> <span class='ocrx_word' id='word_1_27' title='bbox 219 520 371 598; x_wconf 81' lang='lat' dir='ltr'><strong>publicae,</strong></span> <span class='ocrx_word' id='word_1_28' title='bbox 393 521 530 579; x_wconf 80' lang='lat' dir='ltr'><strong>maiolum</strong></span> <span class='ocrx_word' id='word_1_29' title='bbox 546 519 630 578; x_wconf 89' lang='lat' dir='ltr'><strong>laude</strong></span> <span class='ocrx_word' id='word_1_30' title='bbox 647 520 687 577; x_wconf 93' lang='lat' dir='ltr'><strong>nti</strong></span> <span class='ocrx_word' id='word_1_31' title='bbox 704 519 817 592; x_wconf 85' lang='lat' dir='ltr'><strong>maluit,</strong></span> <span class='ocrx_word' id='word_1_32' title='bbox 840 521 888 596; x_wconf 92' lang='lat' dir='ltr'><strong>qui</strong></span> <span class='ocrx_word' id='word_1_33' title='bbox 909 538 970 578; x_wconf 87' lang='lat' dir='ltr'><strong>rem</strong></span> <span class='ocrx_word' id='word_1_34' title='bbox 984 521 1076 598; x_wconf 92' lang='lat' dir='ltr'><strong>publi·</strong></span> 
     </span>
     <span class='ocr_line' id='line_1_5' title="bbox 69 601 1076 681; baseline 0 -17"><span class='ocrx_word' id='word_1_35' title='bbox 69 617 136 664; x_wconf 86' lang='lat' dir='ltr'><strong>cam</strong></span> <span class='ocrx_word' id='word_1_36' title='bbox 152 605 318 664; x_wconf 78' lang='lat' dir='ltr'><strong>fortissime</strong></span> <span class='ocrx_word' id='word_1_37' title='bbox 334 604 589 663; x_wconf 75' lang='lat' dir='ltr'><strong>administrassent.</strong></span> <span class='ocrx_word' id='word_1_38' title='bbox 619 601 691 661; x_wconf 89' lang='lat' dir='ltr'><strong>Nam</strong></span> <span class='ocrx_word' id='word_1_39' title='bbox 707 610 736 660; x_wconf 90' lang='lat' dir='ltr'><strong>et</strong></span> <span class='ocrx_word' id='word_1_40' title='bbox 750 602 851 661; x_wconf 76' lang='lat' dir='ltr'><strong>faciles</strong></span> <span class='ocrx_word' id='word_1_41' title='bbox 866 602 965 663; x_wconf 91' lang='lat' dir='ltr'><strong>habuit</strong></span> <span class='ocrx_word' id='word_1_42' title='bbox 980 622 1076 681; x_wconf 85' lang='lat' dir='ltr'><strong>aures,</strong></span> 
     </span>
     <span class='ocr_line' id='line_1_6' title="bbox 69 685 1077 766; baseline 0.001 -19"><span class='ocrx_word' id='word_1_43' title='bbox 69 698 100 747; x_wconf 91' lang='lat' dir='ltr'><strong>et</strong></span> <span class='ocrx_word' id='word_1_44' title='bbox 115 697 225 747; x_wconf 89' lang='lat' dir='ltr'><strong>natura</strong></span> <span class='ocrx_word' id='word_1_45' title='bbox 250 687 440 765; x_wconf 75' lang='lat' dir='ltr'><strong>sequebatur,</strong></span> <span class='ocrx_word' id='word_1_46' title='bbox 461 696 492 746; x_wconf 93' lang='lat' dir='ltr'><strong>ut</strong></span> <span class='ocrx_word' id='word_1_47' title='bbox 512 686 632 746; x_wconf 84' lang='lat' dir='ltr'><strong>meliora</strong></span> <span class='ocrx_word' id='word_1_48' title='bbox 654 685 809 764; x_wconf 88' lang='lat' dir='ltr'><strong>probantes</strong></span> <span class='ocrx_word' id='word_1_49' title='bbox 832 688 962 764; x_wconf 90' lang='lat' dir='ltr'><strong>peiorum</strong></span> <span class='ocrx_word' id='word_1_50' title='bbox 977 691 1077 766; x_wconf 91' lang='lat' dir='ltr'><strong>poeni·</strong></span> 
     </span>
     <span class='ocr_line' id='line_1_7' title="bbox 69 767 1105 849; baseline 0.003 -18"><span class='ocrx_word' id='word_1_51' title='bbox 69 781 160 831; x_wconf 89' lang='lat' dir='ltr'><strong>teret.</strong></span> <span class='ocrx_word' id='word_1_52' title='bbox 210 768 362 830; x_wconf 78' lang='lat' dir='ltr'><strong>Ciceronis</strong></span> <span class='ocrx_word' id='word_1_53' title='bbox 385 771 499 849; x_wconf 90' lang='lat' dir='ltr'><strong>quidem</strong></span> <span class='ocrx_word' id='word_1_54' title='bbox 528 771 576 830; x_wconf 88' lang='lat' dir='ltr'><strong>vel</strong></span> <span class='ocrx_word' id='word_1_55' title='bbox 601 787 656 829; x_wconf 91' lang='lat' dir='ltr'><strong>una</strong></span> <span class='ocrx_word' id='word_1_56' title='bbox 682 788 735 847; x_wconf 93' lang='lat' dir='ltr'><strong>pro</strong></span> <span class='ocrx_word' id='word_1_57' title='bbox 763 767 897 829; x_wconf 80' lang='lat' dir='ltr'><strong>Cluentio</strong></span> <span class='ocrx_word' id='word_1_58' title='bbox 923 773 1105 847; x_wconf 85' lang='lat' dir='ltr'><strong>quamlibet9</strong></span> 
     </span>
     <span class='ocr_line' id='line_1_8' title="bbox 68 852 1078 933; baseline 0.002 -19"><span class='ocrx_word' id='word_1_59' title='bbox 68 856 170 915; x_wconf 90' lang='lat' dir='ltr'><strong>multis</strong></span> <span class='ocrx_word' id='word_1_60' title='bbox 189 855 336 933; x_wconf 92' lang='lat' dir='ltr'><strong>exemplis</strong></span> <span class='ocrx_word' id='word_1_61' title='bbox 349 855 473 914; x_wconf 82' lang='lat' dir='ltr'><strong>sufficiet</strong></span> <span class='ocrx_word' id='word_1_62' title='bbox 491 854 593 914; x_wconf 83' lang='lat' dir='ltr'><strong>oratio.</strong></span> <span class='ocrx_word' id='word_1_63' title='bbox 630 852 702 912; x_wconf 86' lang='lat' dir='ltr'><strong>Nam</strong></span> <span class='ocrx_word' id='word_1_64' title='bbox 727 854 803 931; x_wconf 94' lang='lat' dir='ltr'><strong>quod</strong></span> <span class='ocrx_word' id='word_1_65' title='bbox 824 856 853 914; x_wconf 87' lang='lat' dir='ltr'><strong>in</strong></span> <span class='ocrx_word' id='word_1_66' title='bbox 873 871 909 913; x_wconf 91' lang='lat' dir='ltr'><strong>eo</strong></span> <span class='ocrx_word' id='word_1_67' title='bbox 928 856 1078 916; x_wconf 90' lang='lat' dir='ltr'><strong>consilium</strong></span> 
     </span>
     <span class='ocr_line' id='line_1_9' title="bbox 68 936 1077 1016; baseline -0.001 -17"><span class='ocrx_word' id='word_1_68' title='bbox 68 942 199 999; x_wconf 85' lang='lat' dir='ltr'><strong>maxime</strong></span> <span class='ocrx_word' id='word_1_69' title='bbox 216 936 325 997; x_wconf 82' lang='lat' dir='ltr'><strong>mirer?</strong></span> <span class='ocrx_word' id='word_1_70' title='bbox 349 941 503 1016; x_wconf 86' lang='lat' dir='ltr'><strong>primamne</strong></span> <span class='ocrx_word' id='word_1_71' title='bbox 522 939 748 1016; x_wconf 78' lang='lat' dir='ltr'><strong>expositionem,</strong></span> <span class='ocrx_word' id='word_1_72' title='bbox 764 956 820 1015; x_wconf 91' lang='lat' dir='ltr'><strong>qua</strong></span> <span class='ocrx_word' id='word_1_73' title='bbox 835 939 932 1012; x_wconf 85' lang='lat' dir='ltr'><strong>matri,</strong></span> <span class='ocrx_word' id='word_1_74' title='bbox 950 940 1029 998; x_wconf 90' lang='lat' dir='ltr'><strong>cuius</strong></span> <span class='ocrx_word' id='word_1_75' title='bbox 1045 941 1077 998; x_wconf 87' lang='lat' dir='ltr'><strong>li·</strong></span> 
     </span>
     <span class='ocr_line' id='line_1_10' title="bbox 69 1019 1078 1101; baseline 0.002 -19"><span class='ocrx_word' id='word_1_76' title='bbox 69 1022 142 1082; x_wconf 90' lang='lat' dir='ltr'><strong>lium</strong></span> <span class='ocrx_word' id='word_1_77' title='bbox 163 1023 319 1101; x_wconf 89' lang='lat' dir='ltr'><strong>premebat</strong></span> <span class='ocrx_word' id='word_1_78' title='bbox 343 1024 516 1098; x_wconf 81' lang='lat' dir='ltr'><strong>auctoritas,</strong></span> <span class='ocrx_word' id='word_1_79' title='bbox 541 1021 658 1083; x_wconf 84' lang='lat' dir='ltr'><strong>abstulit</strong></span> <span class='ocrx_word' id='word_1_80' title='bbox 680 1019 783 1081; x_wconf 81' lang='lat' dir='ltr'><strong>iidem?</strong></span> <span class='ocrx_word' id='word_1_81' title='bbox 805 1040 857 1097; x_wconf 76' lang='lat' dir='ltr'><strong>an,</strong></span> <span class='ocrx_word' id='word_1_82' title='bbox 882 1023 959 1099; x_wconf 91' lang='lat' dir='ltr'><strong>quod</strong></span> <span class='ocrx_word' id='word_1_83' title='bbox 981 1024 1078 1084; x_wconf 89' lang='lat' dir='ltr'><strong>iudicii</strong></span> 
     </span>
     <span class='ocr_line' id='line_1_11' title="bbox 71 1105 1077 1185; baseline 0.001 -19"><span class='ocrx_word' id='word_1_84' title='bbox 71 1108 209 1185; x_wconf 81' lang='lat' dir='ltr'><strong>corrupti</strong></span> <span class='ocrx_word' id='word_1_85' title='bbox 234 1108 341 1165; x_wconf 88' lang='lat' dir='ltr'><strong>crimen</strong></span> <span class='ocrx_word' id='word_1_86' title='bbox 362 1106 519 1165; x_wconf 86' lang='lat' dir='ltr'><strong>transferre</strong></span> <span class='ocrx_word' id='word_1_87' title='bbox 539 1107 569 1164; x_wconf 94' lang='lat' dir='ltr'><strong>in</strong></span> <span class='ocrx_word' id='word_1_88' title='bbox 588 1105 782 1165; x_wconf 86' lang='lat' dir='ltr'><strong>adversarium</strong></span> <span class='ocrx_word' id='word_1_89' title='bbox 804 1107 902 1166; x_wconf 90' lang='lat' dir='ltr'><strong>maluit</strong></span> <span class='ocrx_word' id='word_1_90' title='bbox 924 1125 1007 1184; x_wconf 90' lang='lat' dir='ltr'><strong>quam</strong></span> <span class='ocrx_word' id='word_1_91' title='bbox 1027 1126 1077 1167; x_wconf 91' lang='lat' dir='ltr'><strong>ne·</strong></span> 
     </span>
     <span class='ocr_line' id='line_1_12' title="bbox 70 1187 1077 1268; baseline 0.002 -19"><span class='ocrx_word' id='word_1_92' title='bbox 70 1209 147 1267; x_wconf 82' lang='lat' dir='ltr'><strong>gare</strong></span> <span class='ocrx_word' id='word_1_93' title='bbox 163 1199 291 1268; x_wconf 92' lang='lat' dir='ltr'><strong>propter</strong></span> <span class='ocrx_word' id='word_1_94' title='bbox 307 1193 510 1266; x_wconf 83' lang='lat' dir='ltr'><strong>inveteratam,</strong></span> <span class='ocrx_word' id='word_1_95' title='bbox 526 1198 557 1248; x_wconf 93' lang='lat' dir='ltr'><strong>ut</strong></span> <span class='ocrx_word' id='word_1_96' title='bbox 574 1192 638 1267; x_wconf 91' lang='lat' dir='ltr'><strong>ipse</strong></span> <span class='ocrx_word' id='word_1_97' title='bbox 658 1191 735 1264; x_wconf 78' lang='lat' dir='ltr'><strong>dicit,</strong></span> <span class='ocrx_word' id='word_1_98' title='bbox 755 1187 917 1249; x_wconf 85' lang='lat' dir='ltr'><strong>infamiam?</strong></span> <span class='ocrx_word' id='word_1_99' title='bbox 933 1210 983 1266; x_wconf 75' lang='lat' dir='ltr'><strong>an,</strong></span> <span class='ocrx_word' id='word_1_100' title='bbox 1000 1193 1077 1268; x_wconf 94' lang='lat' dir='ltr'><strong>qnod</strong></span> 
     </span>
     <span class='ocr_line' id='line_1_13' title="bbox 69 1272 1078 1352; baseline 0 -18"><span class='ocrx_word' id='word_1_101' title='bbox 69 1278 100 1334; x_wconf 91' lang='lat' dir='ltr'><strong>in</strong></span> <span class='ocrx_word' id='word_1_102' title='bbox 116 1292 151 1333; x_wconf 86' lang='lat' dir='ltr'><strong>re</strong></span> <span class='ocrx_word' id='word_1_103' title='bbox 173 1274 319 1334; x_wconf 90' lang='lat' dir='ltr'><strong>invidiosa</strong></span> <span class='ocrx_word' id='word_1_104' title='bbox 340 1275 415 1350; x_wconf 85' lang='lat' dir='ltr'><strong>legis</strong></span> <span class='ocrx_word' id='word_1_105' title='bbox 432 1274 537 1333; x_wconf 87' lang='lat' dir='ltr'><strong>auxilio</strong></span> <span class='ocrx_word' id='word_1_106' title='bbox 553 1276 707 1333; x_wconf 88' lang='lat' dir='ltr'><strong>novissime</strong></span> <span class='ocrx_word' id='word_1_107' title='bbox 724 1283 769 1333; x_wconf 89' lang='lat' dir='ltr'><strong>est</strong></span> <span class='ocrx_word' id='word_1_108' title='bbox 783 1272 873 1333; x_wconf 84' lang='lat' dir='ltr'><strong>usus?</strong></span> <span class='ocrx_word' id='word_1_109' title='bbox 895 1292 952 1352; x_wconf 93' lang='lat' dir='ltr'><strong>quo</strong></span> <span class='ocrx_word' id='word_1_110' title='bbox 968 1293 1078 1352; x_wconf 82' lang='lat' dir='ltr'><strong>genere</strong></span> 
     </span>
     <span class='ocr_line' id='line_1_14' title="bbox 72 1357 1077 1434; baseline 0 -16"><span class='ocrx_word' id='word_1_111' title='bbox 72 1358 260 1418; x_wconf 89' lang='lat' dir='ltr'><strong>defensionis</strong></span> <span class='ocrx_word' id='word_1_112' title='bbox 282 1358 366 1418; x_wconf 90' lang='lat' dir='ltr'><strong>etiam</strong></span> <span class='ocrx_word' id='word_1_113' title='bbox 390 1358 558 1417; x_wconf 85' lang='lat' dir='ltr'><strong>offendisset</strong></span> <span class='ocrx_word' id='word_1_114' title='bbox 582 1357 706 1416; x_wconf 89' lang='lat' dir='ltr'><strong>nondum</strong></span> <span class='ocrx_word' id='word_1_115' title='bbox 735 1358 932 1434; x_wconf 87' lang='lat' dir='ltr'><strong>praemollitas</strong></span> <span class='ocrx_word' id='word_1_116' title='bbox 954 1359 1077 1428; x_wconf 89' lang='lat' dir='ltr'><strong>iudicum</strong></span> 
     </span>
     <span class='ocr_line' id='line_1_15' title="bbox 71 1438 1077 1519; baseline 0.001 -18"><span class='ocrx_word' id='word_1_117' title='bbox 71 1448 208 1509; x_wconf 75' lang='lat' dir='ltr'><strong>mentesss</strong></span> <span class='ocrx_word' id='word_1_118' title='bbox 231 1460 282 1517; x_wconf 65' lang='lat' dir='ltr'><strong>an,</strong></span> <span class='ocrx_word' id='word_1_119' title='bbox 305 1441 381 1519; x_wconf 90' lang='lat' dir='ltr'><strong>quod</strong></span> <span class='ocrx_word' id='word_1_120' title='bbox 405 1460 437 1500; x_wconf 89' lang='lat' dir='ltr'><strong>se</strong></span> <span class='ocrx_word' id='word_1_121' title='bbox 460 1444 551 1519; x_wconf 87' lang='lat' dir='ltr'><strong>ipsum</strong></span> <span class='ocrx_word' id='word_1_122' title='bbox 572 1443 660 1500; x_wconf 83' lang='lat' dir='ltr'><strong>invito</strong></span> <span class='ocrx_word' id='word_1_123' title='bbox 681 1438 813 1500; x_wconf 83' lang='lat' dir='ltr'><strong>Cluentio</strong></span> <span class='ocrx_word' id='word_1_124' title='bbox 835 1441 934 1501; x_wconf 90' lang='lat' dir='ltr'><strong>facere</strong></span> <span class='ocrx_word' id='word_1_125' title='bbox 955 1451 1077 1503; x_wconf 91' lang='lat' dir='ltr'><strong>testatus</strong></span> 
     </span>
     <span class='ocr_line' id='line_1_16' title="bbox 74 1523 1120 1605; baseline 0.005 -21"><span class='ocrx_word' id='word_1_126' title='bbox 74 1524 144 1584; x_wconf 81' lang='lat' dir='ltr'><strong>est?</strong></span> <span class='ocrx_word' id='word_1_127' title='bbox 180 1525 259 1599; x_wconf 85' lang='lat' dir='ltr'><strong>Quid</strong></span> <span class='ocrx_word' id='word_1_128' title='bbox 277 1543 330 1603; x_wconf 89' lang='lat' dir='ltr'><strong>pro</strong></span> <span class='ocrx_word' id='word_1_129' title='bbox 346 1523 476 1585; x_wconf 85' lang='lat' dir='ltr'><strong>Milone?</strong></span> <span class='ocrx_word' id='word_1_130' title='bbox 492 1525 568 1603; x_wconf 91' lang='lat' dir='ltr'><strong>quod</strong></span> <span class='ocrx_word' id='word_1_131' title='bbox 586 1542 642 1583; x_wconf 91' lang='lat' dir='ltr'><strong>non</strong></span> <span class='ocrx_word' id='word_1_132' title='bbox 657 1533 722 1583; x_wconf 90' lang='lat' dir='ltr'><strong>ante</strong></span> <span class='ocrx_word' id='word_1_133' title='bbox 737 1528 877 1600; x_wconf 84' lang='lat' dir='ltr'><strong>narravit,</strong></span> <span class='ocrx_word' id='word_1_134' title='bbox 894 1545 978 1603; x_wconf 89' lang='lat' dir='ltr'><strong>quam</strong></span> <span class='ocrx_word' id='word_1_135' title='bbox 995 1537 1120 1605; x_wconf 87' lang='lat' dir='ltr'><strong>prae-10</strong></span> 
     </span>
     <span class='ocr_line' id='line_1_17' title="bbox 73 1605 1078 1685; baseline 0.004 -18"><span class='ocrx_word' id='word_1_136' title='bbox 73 1609 192 1668; x_wconf 91' lang='lat' dir='ltr'><strong>indiciis</strong></span> <span class='ocrx_word' id='word_1_137' title='bbox 211 1609 341 1668; x_wconf 92' lang='lat' dir='ltr'><strong>omnibus</strong></span> <span class='ocrx_word' id='word_1_138' title='bbox 358 1607 437 1668; x_wconf 76' lang='lat' dir='ltr'><strong>r&#39;eum</strong></span> <span class='ocrx_word' id='word_1_139' title='bbox 454 1605 614 1668; x_wconf 88' lang='lat' dir='ltr'><strong>liberaret?</strong></span> <span class='ocrx_word' id='word_1_140' title='bbox 635 1608 711 1685; x_wconf 90' lang='lat' dir='ltr'><strong>quod</strong></span> <span class='ocrx_word' id='word_1_141' title='bbox 726 1609 888 1669; x_wconf 73' lang='lat' dir='ltr'><strong>insicfiarum</strong></span> <span class='ocrx_word' id='word_1_142' title='bbox 904 1611 1034 1670; x_wconf 88' lang='lat' dir='ltr'><strong>invidiam</strong></span> <span class='ocrx_word' id='word_1_143' title='bbox 1050 1615 1078 1671; x_wconf 90' lang='lat' dir='ltr'><strong>in</strong></span> 
     </span>
    </p>

    <p class='ocr_par' dir='ltr' id='par_1_3' title="bbox 4 1690 1117 2696">
     <span class='ocr_line' id='line_1_18' title="bbox 4 1690 1077 1773; baseline 0.003 -22"><span class='ocrx_word' id='word_1_144' title='bbox 4 1726 5 1737; x_wconf 30' lang='grc' dir='ltr'><strong>κ</strong></span> <span class='ocrx_word' id='word_1_145' title='bbox 75 1690 213 1753; x_wconf 83' lang='lat' dir='ltr'><strong>Clodium</strong></span> <span class='ocrx_word' id='word_1_146' title='bbox 225 1694 321 1768; x_wconf 85' lang='lat' dir='ltr'><strong>vertit,</strong></span> <span class='ocrx_word' id='word_1_147' title='bbox 341 1710 500 1771; x_wconf 83' lang='lat' dir='ltr'><strong>quanquam</strong></span> <span class='ocrx_word' id='word_1_148' title='bbox 511 1710 614 1751; x_wconf 89' lang='lat' dir='ltr'><strong>revera</strong></span> <span class='ocrx_word' id='word_1_149' title='bbox 630 1692 723 1751; x_wconf 88' lang='lat' dir='ltr'><strong>fuerat</strong></span> <span class='ocrx_word' id='word_1_150' title='bbox 739 1711 833 1769; x_wconf 86' lang='lat' dir='ltr'><strong>pugna</strong></span> <span class='ocrx_word' id='word_1_151' title='bbox 848 1692 983 1753; x_wconf 79' lang='lat' dir='ltr'><strong>fortuita?</strong></span> <span class='ocrx_word' id='word_1_152' title='bbox 1000 1695 1077 1773; x_wconf 92' lang='lat' dir='ltr'><strong>quod</strong></span> 
     </span>
     <span class='ocr_line' id='line_1_19' title="bbox 74 1775 1077 1856; baseline 0.004 -21"><span class='ocrx_word' id='word_1_153' title='bbox 74 1775 187 1836; x_wconf 90' lang='lat' dir='ltr'><strong>factum</strong></span> <span class='ocrx_word' id='word_1_154' title='bbox 206 1787 236 1836; x_wconf 93' lang='lat' dir='ltr'><strong>et</strong></span> <span class='ocrx_word' id='word_1_155' title='bbox 252 1777 377 1836; x_wconf 91' lang='lat' dir='ltr'><strong>laudavit</strong></span> <span class='ocrx_word' id='word_1_156' title='bbox 393 1786 421 1836; x_wconf 92' lang='lat' dir='ltr'><strong>et</strong></span> <span class='ocrx_word' id='word_1_157' title='bbox 437 1786 531 1835; x_wconf 89' lang='lat' dir='ltr'><strong>tamen</strong></span> <span class='ocrx_word' id='word_1_158' title='bbox 547 1775 696 1835; x_wconf 91' lang='lat' dir='ltr'><strong>voluntate</strong></span> <span class='ocrx_word' id='word_1_159' title='bbox 710 1775 826 1836; x_wconf 87' lang='lat' dir='ltr'><strong>Milonis</strong></span> <span class='ocrx_word' id='word_1_160' title='bbox 841 1775 982 1836; x_wconf 85' lang='lat' dir='ltr'><strong>removit?</strong></span> <span class='ocrx_word' id='word_1_161' title='bbox 1000 1781 1077 1856; x_wconf 94' lang='lat' dir='ltr'><strong>qnod</strong></span> 
     </span>
     <span class='ocr_line' id='line_1_20' title="bbox 74 1857 1076 1938; baseline 0.005 -21"><span class='ocrx_word' id='word_1_162' title='bbox 74 1860 117 1918; x_wconf 92' lang='lat' dir='ltr'><strong>illi</strong></span> <span class='ocrx_word' id='word_1_163' title='bbox 139 1879 251 1938; x_wconf 91' lang='lat' dir='ltr'><strong>preces</strong></span> <span class='ocrx_word' id='word_1_164' title='bbox 267 1878 324 1919; x_wconf 89' lang='lat' dir='ltr'><strong>non</strong></span> <span class='ocrx_word' id='word_1_165' title='bbox 340 1860 419 1920; x_wconf 90' lang='lat' dir='ltr'><strong>dedit</strong></span> <span class='ocrx_word' id='word_1_166' title='bbox 440 1869 469 1919; x_wconf 89' lang='lat' dir='ltr'><strong>et</strong></span> <span class='ocrx_word' id='word_1_167' title='bbox 487 1861 515 1919; x_wconf 93' lang='lat' dir='ltr'><strong>in</strong></span> <span class='ocrx_word' id='word_1_168' title='bbox 530 1877 628 1918; x_wconf 89' lang='lat' dir='ltr'><strong>earum</strong></span> <span class='ocrx_word' id='word_1_169' title='bbox 643 1859 738 1917; x_wconf 92' lang='lat' dir='ltr'><strong>locum</strong></span> <span class='ocrx_word' id='word_1_170' title='bbox 757 1862 821 1938; x_wconf 91' lang='lat' dir='ltr'><strong>ipse</strong></span> <span class='ocrx_word' id='word_1_171' title='bbox 840 1859 1002 1920; x_wconf 81' lang='lat' dir='ltr'><strong>successit?</strong></span> <span class='ocrx_word' id='word_1_172' title='bbox 1032 1857 1076 1922; x_wconf 93' lang='lat' dir='ltr'><strong>ln·</strong></span> 
     </span>
     <span class='ocr_line' id='line_1_21' title="bbox 76 1941 1078 2020; baseline 0.003 -17"><span class='ocrx_word' id='word_1_173' title='bbox 76 1943 189 2004; x_wconf 87' lang='lat' dir='ltr'><strong>linitum</strong></span> <span class='ocrx_word' id='word_1_174' title='bbox 212 1953 258 2004; x_wconf 91' lang='lat' dir='ltr'><strong>est</strong></span> <span class='ocrx_word' id='word_1_175' title='bbox 279 1963 463 2020; x_wconf 82' lang='lat' dir='ltr'><strong>enumerare,</strong></span> <span class='ocrx_word' id='word_1_176' title='bbox 481 1951 512 2003; x_wconf 92' lang='lat' dir='ltr'><strong>ut</strong></span> <span class='ocrx_word' id='word_1_177' title='bbox 528 1941 632 2003; x_wconf 82' lang='lat' dir='ltr'><strong>conae</strong></span> <span class='ocrx_word' id='word_1_178' title='bbox 648 1944 806 2003; x_wconf 82' lang='lat' dir='ltr'><strong>detraxerit</strong></span> <span class='ocrx_word' id='word_1_179' title='bbox 823 1947 1030 2020; x_wconf 76' lang='lat' dir='ltr'><strong>auctoritatem,</strong></span> <span class='ocrx_word' id='word_1_180' title='bbox 1047 1955 1078 2006; x_wconf 94' lang='lat' dir='ltr'><strong>ut</strong></span> 
     </span>
     <span class='ocr_line' id='line_1_22' title="bbox 75 2024 1077 2106; baseline 0.005 -20"><span class='ocrx_word' id='word_1_181' title='bbox 75 2045 131 2105; x_wconf 91' lang='lat' dir='ltr'><strong>pro</strong></span> <span class='ocrx_word' id='word_1_182' title='bbox 148 2028 268 2105; x_wconf 82' lang='lat' dir='ltr'><strong>Ligario</strong></span> <span class='ocrx_word' id='word_1_183' title='bbox 286 2048 319 2088; x_wconf 89' lang='lat' dir='ltr'><strong>se</strong></span> <span class='ocrx_word' id='word_1_184' title='bbox 335 2029 521 2106; x_wconf 83' lang='lat' dir='ltr'><strong>opposuerit,</strong></span> <span class='ocrx_word' id='word_1_185' title='bbox 541 2024 705 2086; x_wconf 86' lang='lat' dir='ltr'><strong>Cornelium</strong></span> <span class='ocrx_word' id='word_1_186' title='bbox 720 2029 782 2106; x_wconf 92' lang='lat' dir='ltr'><strong>ipsa</strong></span> <span class='ocrx_word' id='word_1_187' title='bbox 800 2029 992 2089; x_wconf 90' lang='lat' dir='ltr'><strong>confessionis</strong></span> <span class='ocrx_word' id='word_1_188' title='bbox 1008 2031 1077 2091; x_wconf 85' lang='lat' dir='ltr'><strong>lidu-</strong></span> 
     </span>
     <span class='ocr_line' id='line_1_23' title="bbox 77 2110 1117 2191; baseline 0 -22"><span class='ocrx_word' id='word_1_189' title='bbox 77 2112 121 2170; x_wconf 89' lang='lat' dir='ltr'><strong>eia</strong></span> <span class='ocrx_word' id='word_1_190' title='bbox 140 2115 292 2191; x_wconf 88' lang='lat' dir='ltr'><strong>eripuerit.</strong></span> <span class='ocrx_word' id='word_1_191' title='bbox 329 2112 402 2172; x_wconf 90' lang='lat' dir='ltr'><strong>Illud</strong></span> <span class='ocrx_word' id='word_1_192' title='bbox 425 2113 523 2173; x_wconf 88' lang='lat' dir='ltr'><strong>dicere</strong></span> <span class='ocrx_word' id='word_1_193' title='bbox 539 2113 608 2170; x_wconf 92' lang='lat' dir='ltr'><strong>satis</strong></span> <span class='ocrx_word' id='word_1_194' title='bbox 624 2110 734 2185; x_wconf 79' lang='lat' dir='ltr'><strong>habeo,</strong></span> <span class='ocrx_word' id='word_1_195' title='bbox 751 2112 821 2172; x_wconf 92' lang='lat' dir='ltr'><strong>nihil</strong></span> <span class='ocrx_word' id='word_1_196' title='bbox 838 2131 976 2172; x_wconf 89' lang='lat' dir='ltr'><strong>essenon</strong></span> <span class='ocrx_word' id='word_1_197' title='bbox 992 2114 1117 2174; x_wconf 87' lang='lat' dir='ltr'><strong>modoll</strong></span> 
     </span>
     <span class='ocr_line' id='line_1_24' title="bbox 75 2195 1076 2275; baseline 0.007 -24"><span class='ocrx_word' id='word_1_198' title='bbox 75 2196 104 2251; x_wconf 93' lang='lat' dir='ltr'><strong>in</strong></span> <span class='ocrx_word' id='word_1_199' title='bbox 123 2197 237 2257; x_wconf 87' lang='lat' dir='ltr'><strong>orando</strong></span> <span class='ocrx_word' id='word_1_200' title='bbox 255 2198 306 2257; x_wconf 92' lang='lat' dir='ltr'><strong>sed</strong></span> <span class='ocrx_word' id='word_1_201' title='bbox 322 2199 350 2257; x_wconf 91' lang='lat' dir='ltr'><strong>in</strong></span> <span class='ocrx_word' id='word_1_202' title='bbox 365 2198 440 2256; x_wconf 93' lang='lat' dir='ltr'><strong>omni</strong></span> <span class='ocrx_word' id='word_1_203' title='bbox 455 2197 513 2255; x_wconf 88' lang='lat' dir='ltr'><strong>vita</strong></span> <span class='ocrx_word' id='word_1_204' title='bbox 528 2197 607 2273; x_wconf 90' lang='lat' dir='ltr'><strong>prius</strong></span> <span class='ocrx_word' id='word_1_205' title='bbox 624 2195 762 2271; x_wconf 82' lang='lat' dir='ltr'><strong>consilio,</strong></span> <span class='ocrx_word' id='word_1_206' title='bbox 785 2196 948 2275; x_wconf 87' lang='lat' dir='ltr'><strong>frustraque</strong></span> <span class='ocrx_word' id='word_1_207' title='bbox 961 2200 1024 2258; x_wconf 85' lang='lat' dir='ltr'><strong>sine</strong></span> <span class='ocrx_word' id='word_1_208' title='bbox 1040 2217 1076 2258; x_wconf 91' lang='lat' dir='ltr'><strong>eo</strong></span> 
     </span>
     <span class='ocr_line' id='line_1_25' title="bbox 77 2278 1077 2359; baseline 0.008 -25"><span class='ocrx_word' id='word_1_209' title='bbox 77 2279 151 2339; x_wconf 88' lang='lat' dir='ltr'><strong>tradi</strong></span> <span class='ocrx_word' id='word_1_210' title='bbox 174 2290 291 2340; x_wconf 88' lang='lat' dir='ltr'><strong>ceteras</strong></span> <span class='ocrx_word' id='word_1_211' title='bbox 313 2290 407 2355; x_wconf 83' lang='lat' dir='ltr'><strong>artes,</strong></span> <span class='ocrx_word' id='word_1_212' title='bbox 437 2280 560 2358; x_wconf 89' lang='lat' dir='ltr'><strong>plusque</strong></span> <span class='ocrx_word' id='word_1_213' title='bbox 586 2278 635 2337; x_wconf 88' lang='lat' dir='ltr'><strong>vel</strong></span> <span class='ocrx_word' id='word_1_214' title='bbox 662 2279 724 2337; x_wconf 86' lang='lat' dir='ltr'><strong>sine</strong></span> <span class='ocrx_word' id='word_1_215' title='bbox 751 2279 880 2340; x_wconf 90' lang='lat' dir='ltr'><strong>doctrina</strong></span> <span class='ocrx_word' id='word_1_216' title='bbox 899 2282 1077 2359; x_wconf 88' lang='lat' dir='ltr'><strong>prudentiam</strong></span> 
     </span>
     <span class='ocr_line' id='line_1_26' title="bbox 77 2362 1075 2442; baseline 0.006 -22"><span class='ocrx_word' id='word_1_217' title='bbox 77 2377 163 2438; x_wconf 89' lang='lat' dir='ltr'><strong>quam</strong></span> <span class='ocrx_word' id='word_1_218' title='bbox 179 2367 244 2423; x_wconf 90' lang='lat' dir='ltr'><strong>sine</strong></span> <span class='ocrx_word' id='word_1_219' title='bbox 261 2365 411 2442; x_wconf 88' lang='lat' dir='ltr'><strong>prudentia</strong></span> <span class='ocrx_word' id='word_1_220' title='bbox 429 2366 528 2424; x_wconf 91' lang='lat' dir='ltr'><strong>facere</strong></span> <span class='ocrx_word' id='word_1_221' title='bbox 544 2363 713 2430; x_wconf 86' lang='lat' dir='ltr'><strong>doctrinam.</strong></span> <span class='ocrx_word' id='word_1_222' title='bbox 744 2362 853 2441; x_wconf 85' lang='lat' dir='ltr'><strong>Aptare</strong></span> <span class='ocrx_word' id='word_1_223' title='bbox 870 2368 953 2424; x_wconf 89' lang='lat' dir='ltr'><strong>etiam</strong></span> <span class='ocrx_word' id='word_1_224' title='bbox 969 2369 1075 2426; x_wconf 90' lang='lat' dir='ltr'><strong>oratio-</strong></span> 
     </span>
     <span class='ocr_line' id='line_1_27' title="bbox 78 2447 1077 2526; baseline 0.01 -25"><span class='ocrx_word' id='word_1_225' title='bbox 78 2461 144 2503; x_wconf 91' lang='lat' dir='ltr'><strong>nem</strong></span> <span class='ocrx_word' id='word_1_226' title='bbox 160 2448 248 2523; x_wconf 78' lang='lat' dir='ltr'><strong>locis,</strong></span> <span class='ocrx_word' id='word_1_227' title='bbox 265 2448 452 2526; x_wconf 86' lang='lat' dir='ltr'><strong>temporibus,</strong></span> <span class='ocrx_word' id='word_1_228' title='bbox 470 2447 603 2525; x_wconf 88' lang='lat' dir='ltr'><strong>personis</strong></span> <span class='ocrx_word' id='word_1_229' title='bbox 617 2454 661 2504; x_wconf 90' lang='lat' dir='ltr'><strong>est</strong></span> <span class='ocrx_word' id='word_1_230' title='bbox 671 2447 798 2506; x_wconf 89' lang='lat' dir='ltr'><strong>eiusdem</strong></span> <span class='ocrx_word' id='word_1_231' title='bbox 809 2449 930 2508; x_wconf 72' lang='lat' dir='ltr'><strong>virtutis,</strong></span> <span class='ocrx_word' id='word_1_232' title='bbox 960 2451 1019 2511; x_wconf 91' lang='lat' dir='ltr'><strong>Sed</strong></span> <span class='ocrx_word' id='word_1_233' title='bbox 1030 2452 1077 2510; x_wconf 92' lang='lat' dir='ltr'><strong>hic</strong></span> 
     </span>
     <span class='ocr_line' id='line_1_28' title="bbox 79 2530 1074 2606; baseline 0.009 -21"><span class='ocrx_word' id='word_1_234' title='bbox 79 2531 145 2603; x_wconf 89' lang='lat' dir='ltr'><strong>quia</strong></span> <span class='ocrx_word' id='word_1_235' title='bbox 162 2530 249 2590; x_wconf 90' lang='lat' dir='ltr'><strong>latius</strong></span> <span class='ocrx_word' id='word_1_236' title='bbox 270 2532 349 2590; x_wconf 88' lang='lat' dir='ltr'><strong>fusus</strong></span> <span class='ocrx_word' id='word_1_237' title='bbox 365 2542 410 2590; x_wconf 89' lang='lat' dir='ltr'><strong>est</strong></span> <span class='ocrx_word' id='word_1_238' title='bbox 425 2533 507 2590; x_wconf 90' lang='lat' dir='ltr'><strong>locus</strong></span> <span class='ocrx_word' id='word_1_239' title='bbox 526 2532 688 2606; x_wconf 86' lang='lat' dir='ltr'><strong>mixtusque</strong></span> <span class='ocrx_word' id='word_1_240' title='bbox 701 2549 764 2590; x_wconf 93' lang='lat' dir='ltr'><strong>cum</strong></span> <span class='ocrx_word' id='word_1_241' title='bbox 780 2532 957 2594; x_wconf 87' lang='lat' dir='ltr'><strong>elocutione:</strong></span> <span class='ocrx_word' id='word_1_242' title='bbox 971 2544 1074 2595; x_wconf 85' lang='lat' dir='ltr'><strong>tracta·</strong></span> 
     </span>
     <span class='ocr_line' id='line_1_29' title="bbox 78 2607 923 2696; baseline 0.008 -29"><span class='ocrx_word' id='word_1_243' title='bbox 78 2607 166 2690; x_wconf 75' lang='lat' dir='ltr'><strong>bitur,</strong></span> <span class='ocrx_word' id='word_1_244' title='bbox 188 2633 252 2674; x_wconf 91' lang='lat' dir='ltr'><strong>cum</strong></span> <span class='ocrx_word' id='word_1_245' title='bbox 268 2618 439 2696; x_wconf 89' lang='lat' dir='ltr'><strong>praecipere</strong></span> <span class='ocrx_word' id='word_1_246' title='bbox 455 2615 491 2674; x_wconf 92' lang='lat' dir='ltr'><strong>de</strong></span> <span class='ocrx_word' id='word_1_247' title='bbox 509 2623 575 2694; x_wconf 88' lang='lat' dir='ltr'><strong>apte</strong></span> <span class='ocrx_word' id='word_1_248' title='bbox 591 2613 713 2674; x_wconf 89' lang='lat' dir='ltr'><strong>dicendo</strong></span> <span class='ocrx_word' id='word_1_249' title='bbox 733 2618 923 2693; x_wconf 87' lang='lat' dir='ltr'><strong>coeperimus.</strong></span> 
     </span>
    </p>
   </div>
   <div class='ocr_carea' id='block_1_3' title="bbox 0 0 1240 3925">
    <p class='ocr_par' dir='ltr' id='par_1_4' title="bbox 0 0 1240 3925">
     <span class='ocr_line' id='line_1_30' title="bbox 0 0 1240 3925; baseline 0 0"><span class='ocrx_word' id='word_1_250' title='bbox 0 0 1240 3925; x_wconf 95' lang='lat' dir='ltr'><strong> </strong></span> 
     </span>
    </p>
   </div>
  </div>
 </body>
</html>
