2434 3925
323 206 753 275 msr.oasroa.ms.1x,1.
993 197 1029 259 91

29 377 103 430 tum
122 382 192 426 esse
210 362 371 430 uideaturs
392 369 422 423 et
440 361 512 423 laic
531 365 691 424 contraria
706 382 801 443 saepe
818 365 979 443 percursio
993 372 1038 426 est

30 459 67 513 et
90 447 139 509 ad
160 448 230 525 plus
257 447 499 524 intelliqendum,
523 462 615 524 quam
635 447 769 524 diaetis,
791 449 987 526 siqnificatio,
1010 457 1039 510 ei

33 535 188 596 distincte
203 532 327 591 concisa
343 531 478 591 brevitas
499 539 528 590 et
549 532 741 603 extenuatios
761 540 790 592 et
803 532 874 593 ltuic
890 534 1080 595 adiuncta28

31 618 155 691 illusio,
173 631 194 674 a
205 615 383 693 praeceptis
399 612 545 674 Caesaris
558 632 619 675 non
633 615 818 691 abhorrens,
840 625 869 677 ct
882 616 922 676 ab
939 635 975 676 re
988 617 1037 677 di-

27 701 180 780 pressim·
199 700 231 758 iu
246 712 308 776 quo
322 716 392 758 cam
403 697 498 775 fuerit
512 698 689 774 delectatio,
705 706 766 760 tum
780 700 898 759 reditus
916 700 961 759 od
974 718 1040 760 rem

35 792 137 863 aptas
161 791 190 842 et
206 783 373 842 concinnus
392 800 459 841 esse
477 780 616 851 debebit,·
636 784 877 861 propositioque,
902 783 976 869 quid
994 784 1039 843 sis

36 870 202 941 dictonis,
219 873 248 926 et
265 864 305 925 ab
320 883 373 941 eo,
394 865 475 943 quod
489 872 534 926 est
549 867 680 944 dicium,
698 868 860 943 seiunctio,
876 876 906 927 ct
921 867 1039 927 reditus

36 954 87 1013 ad
97 951 286 1029 propositum
307 956 336 1009 et
348 949 469 1010 iteratio
486 956 515 1010 et
533 952 662 1011 rationis
682 959 757 1028 apto
781 951 933 1012 conclusio
939 971 953 1021 ;
978 958 1080 1014 tumeo

38 1036 181 1113 aaqcndi
194 1033 387 1103 adnuendioc
407 1049 505 1093 causa
526 1034 665 1094 namtaiis
687 1036 853 1112 superlatio
867 1042 958 1111 atque
972 1040 1038 1093 ira-

38 1120 150 1194 iectio,
178 1125 207 1177 et
224 1117 343 1194 roqatio
368 1124 459 1192 atque
488 1115 559 1178 baic
582 1117 712 1194 finitima
739 1120 829 1195 quasi
849 1118 1039 1195 percontatio

39 1203 251 1281 expositioque
267 1201 434 1260 sententiae
443 1217 536 1268 sanes
551 1208 613 1260 tum
628 1202 693 1276 illa,
711 1214 790 1278 quoe
806 1202 937 1262 manime
951 1202 1041 1279 quasi

40 1288 154 1364 irrepit
169 1287 203 1345 in
224 1284 373 1345 bominum
393 1292 521 1358 mentes,
546 1285 611 1345 olio
632 1286 763 1346 dicentis
780 1303 820 1347 ac
839 1285 1040 1364 siqnificantis

42 1369 266 1445 dissimulatio,
290 1384 369 1445 quae
389 1376 434 1428 est
452 1367 665 1445 periucunda,
688 1387 758 1430 cum
776 1370 810 1429 in
829 1371 966 1430 oratione
978 1388 1040 1430 uon

43 1454 301 1515 consectemus
317 1469 453 1512 sermone
467 1458 639 1520 tractatum
660 1453 772 1517 deiude
793 1453 958 1528 dubitatio,
979 1457 1081 1513 tum30

44 1537 229 1609 distributio,
246 1543 308 1595 turn
325 1536 490 1610 correctio,
510 1535 560 1595 oel
571 1544 643 1596 ante
658 1537 711 1598 oel
720 1544 790 1615 post
804 1553 895 1614 quam
910 1538 1038 1613 disseris,

42 1623 95 1682 vel
118 1639 186 1680 cum
199 1619 317 1696 aliquid
336 1635 358 1678 a
376 1621 484 1696 teipso
501 1620 637 1679 reiicias.
671 1617 876 1681 Praemunitio
891 1621 981 1681 etiam
995 1629 1041 1681 esi

44 1705 155 1781 adid,
178 1704 260 1781 quod
274 1703 475 1781 aqqrediore,
496 1708 525 1762 et
545 1703 669 1764 reiectio
687 1704 721 1763 iu
740 1704 853 1774 alium;
876 1705 1040 1765 communi-

45 1790 145 1864 catio,
164 1804 243 1864 quoe
260 1794 304 1846 est
318 1787 408 1863 quasi
425 1804 494 1846 cum
513 1786 553 1845 iis
566 1787 660 1864 ipsis,
682 1785 768 1865 opud
781 1802 856 1863 quos
872 1788 971 1861 dicas,
987 1786 1039 1847 de·

45 1873 186 1933 liberatio
191 1893 205 1938 ,·
226 1888 343 1931 morum
356 1888 396 1931 ac
410 1871 491 1930 uitae
505 1870 632 1930 imitatio
647 1870 697 1931 oel
712 1871 744 1930 in
755 1873 898 1949 personis
913 1871 962 1932 oei
973 1872 1040 1931 sine

44 1958 123 2034 illis,
144 1973 286 2035 maqnum
305 1954 460 2032 quoddam
480 1960 690 2016 oruamentum
714 1955 861 2017 orationis
886 1963 915 2015 et
933 1960 1040 2033 aptum

47 2043 92 2103 ad
111 2042 230 2102 animos
250 2039 459 2099 conciliandos
484 2038 534 2098 oel
553 2039 686 2100 momine
707 2055 802 2117 saepe
823 2047 924 2099 autem
948 2039 1039 2099 etiam

47 2126 92 2187 od
106 2122 352 2190 commovendos,·
369 2139 575 2200 personarum
591 2121 666 2199 ficta
681 2123 818 2203 inductio
832 2121 882 2184 oel
892 2122 1081 2200 provisa-31

47 2226 128 2270 mam
142 2210 241 2269 lumen
255 2205 411 2284 auqcndis
432 2205 611 2283 descriptio,
632 2207 749 2267 erroris
768 2207 920 2282 inductio,
936 2206 979 2268 ad
992 2206 1039 2266 m·-

48 2294 201 2354 laritatem
213 2290 364 2368 impulsio,
380 2291 630 2367 anteoccupotios
646 2297 708 2351 tum
722 2291 783 2351 duo
798 2290 863 2366 illo,
879 2304 958 2368 quae
972 2308 1038 2351 ma·

48 2378 128 2438 aime
137 2382 263 2449 ment,
274 2373 438 2435 similitudo
445 2379 474 2436 et
484 2375 671 2451 exemplum·
682 2375 819 2452 dipestio,
826 2374 1039 2453 interpellatio,

50 2459 210 2530 contentio,
225 2458 400 2535 reticentia,
415 2458 643 2519 commendatio.
684 2456 750 2520 Voa
771 2458 924 2536 quaedam
945 2458 1083 2521 liberati

50 2552 139 2621 atque
154 2543 245 2603 ctiam
258 2540 433 2622 effrersotior
446 2543 581 2619 unqendi
604 2558 721 2610 causas
739 2543 922 2618 iracundia,
938 2542 1041 2605 obiur-

50 2628 141 2706 qotio,
154 2626 333 2703 promissio,
350 2626 544 2704 deprecatio,
559 2625 742 2702 obsecratio,
759 2627 924 2688 declinatio
940 2625 1042 2687 breuis

52 2728 73 2771 a
83 2711 252 2790 proposito,
272 2726 334 2770 non
352 2718 386 2769 nt
398 2711 540 2787 superior
552 2710 607 2770 illa
623 2710 784 2788 diqressio,
797 2711 950 2789 purqatio,
968 2728 1041 2770 con·

52 2795 172 2869 ailiatio,
187 2794 293 2868 laesio,
308 2794 420 2872 optatio
436 2800 528 2869 atque
542 2795 708 2854 execratio.
737 2791 794 2854 His
801 2795 870 2873 fere
880 2792 1083 2856 luminibus&

51 2878 202 2941 illustrant
227 2878 392 2939 orationem
414 2879 591 2940 sententiae.
639 2875 794 2938 Orationis
818 2884 917 2938 autem
944 2876 1042 2953 ipsius

52 2971 194 3040 tauquam
215 2979 371 3023 armorum
390 2967 435 3021 est
453 2962 502 3022 oel
522 2961 566 3021 ad
585 2979 674 3021 usum
694 2962 884 3023 comminatio
904 2967 933 3019 ct
952 2960 1043 3036 quasi

50 3047 152 3127 petitio
167 3045 217 3106 oel
229 3047 274 3106 ad
282 3045 469 3106 venustatem
482 3045 553 3124 ipsa
567 3045 720 3108 tractatio.
745 3041 825 3105 Nom
840 3052 868 3104 et
880 3044 1042 3121 qemiuotio

52 3131 208 3192 uerborum
223 3129 313 3190 babet
325 3129 478 3189 interdum
491 3130 568 3205 oim,
583 3130 717 3207 leporem
731 3130 826 3202 alias,
844 3136 873 3188 ct
884 3127 1042 3205 paululum

53 3217 236 3276 immutatum
249 3214 374 3274 uerbum
388 3221 481 3290 atque
497 3210 667 3290 deflexum,
682 3219 711 3272 et
727 3213 861 3273 eiusdem
874 3212 961 3272 corbi
975 3230 1041 3273 cre·

54 3299 110 3361 bra
125 3307 187 3360 tum
201 3315 221 3358 a
234 3299 334 3376 primo
349 3298 487 3375 repetitio
508 3297 616 3358 tamin
632 3303 798 3356 eatremum
818 3297 992 3371 conversio,
1011 3304 1041 3358 et
1064 3325 1070 3330 ·

53 3384 85 3445 in
99 3383 206 3444 eadmn
219 3381 316 3443 oerba
328 3382 457 3458 impetus
478 3388 507 3440 et
528 3380 686 3441 concursio
702 3385 732 3440 cl
750 3379 906 3441 adiunctio
927 3388 956 3440 et
967 3396 1040 3458 pro-

53 3468 176 3549 qressio,
189 3464 362 3529 eteiusdem
371 3463 457 3525 oerbi
467 3465 608 3526 crebrius
618 3463 710 3544 positi
726 3464 879 3542 quaedam
889 3464 1041 3526 distinctio
