2434 3925
381 200 470 250 mou.
484 186 815 269 omros.urs.v‘1,e.
1033 191 1093 254 265

84 358 196 434 guerit
211 363 240 416 et
254 356 410 415 testimonii
426 356 494 415 loco
509 357 622 435 posuit3
637 365 679 432 ut,
696 373 754 434 qno
769 366 835 416 sunt
846 358 1091 436 magisvulgaria,

90 457 135 500 eo
150 442 188 499 sit
203 439 389 514 credibilius,
410 439 460 498 illa
475 439 511 498 ab
528 449 645 501 oratore
667 458 726 499 non
746 441 812 500 licta
835 443 887 501 sed
902 445 1009 519 passim
1025 461 1093 503 esse

88 526 212 585 iactata.
242 523 412 602 Utinamque
431 523 551 583 libertus
565 525 628 583 eius
641 525 708 584 Tiro
723 534 772 584 aut
786 525 870 599 alius,
889 527 1017 603 quisquis
1028 528 1120 603 fuito

92 609 145 685 qui
161 608 213 667 tris
227 606 282 667 bae
297 607 334 666 de
345 625 378 666 re
396 606 486 666 libros
502 607 604 681 edidit,
629 610 744 685 parcius
761 611 902 669 dictorum
916 627 1034 669 numero
1050 613 1091 670 in-

91 691 255 752 dulsissent
273 700 304 749 et
324 689 389 768 plus
410 692 506 751 iudicii
528 693 557 751 in
575 691 719 768 eligendis
740 710 824 769 quam
848 694 876 751 in
897 695 1092 769 congerendis

93 774 183 835 studii
200 774 410 835 adhibuissent:
429 777 520 835 miuus
536 775 668 835 obiectus
683 774 917 835 calumniantibus
933 776 1025 845 ioret;
1044 779 1093 856 qui

93 867 192 918 tamen
206 876 281 918 nunc
298 862 430 936 quoque,
448 869 479 918 ut
493 861 522 918 in
536 861 612 918 omni
627 862 690 918 eius
704 861 837 936 ingenio,
861 859 991 935 facilius,
1015 861 1092 939 quod

92 943 179 1002 reiici
192 960 278 1040 quam
294 942 371 1019 quod
386 942 470 1003 adiici
485 945 594 1043 possit,
615 945 769 1003 invenient
799 944 893 1003 Affert
905 953 1000 1003 autern
1017 958 1120 1012 sum-6

93 1042 169 1085 mam
189 1027 232 1085 rei
253 1025 449 1086 difficultatem
473 1030 608 1105 primum,
631 1028 708 1105 quod
732 1027 880 1086 ridiculum
900 1027 1006 1086 dietum
1028 1029 1090 1105 ple·

93 1127 216 1187 rumque
233 1109 337 1168 falsum
351 1119 413 1184 est
428 1110 485 1170 boc
500 1129 632 1188 semper,
654 1111 774 1179 bumile;
796 1106 887 1188 saepe
902 1128 940 1170 ex
953 1111 1091 1172 industria

95 1193 298 1271 depravatum,
315 1203 468 1271 praeterea
489 1213 631 1272 nunquam
646 1187 849 1263 honorificum
871 1203 929 1253 turn
945 1197 1024 1254 varia
1039 1195 1090 1254 bo·

95 1280 200 1336 minum
215 1277 341 1337 iudicia
333 1296 362 1336 ιιι
379 1294 426 1353 eo,
443 1279 521 1356 quod
536 1296 593 1337 non
608 1281 719 1338 ratione
731 1278 826 1355 aliqua
842 1278 895 1338 sed
912 1288 990 1337 motu
1006 1280 1089 1337 animi

96 1361 221 1438 quodam
239 1363 339 1420 nescio
354 1380 391 1421 an
408 1362 561 1422 enarrabili
576 1363 727 1449 iudicatur.
764 1362 868 1440 Neque
890 1365 964 1421 euim
979 1362 1014 1422 ab
1028 1363 1088 1422 ullo
1103 1375 1119 1431 7

95 1446 168 1504 satia
180 1444 327 1522 explicari
335 1455 415 1523 puto,
438 1446 507 1505 licet
524 1446 603 1505 multi
618 1436 829 1524 temptaverint,
845 1447 920 1505 unde
937 1448 1023 1520 risus,
1042 1448 1090 1524 qui

95 1545 155 1587 non
172 1528 265 1587 solum
280 1529 358 1588 lacto
379 1530 476 1608 aliquo
498 1530 614 1590 dictove
633 1531 687 1589 sed
706 1530 847 1589 interdum
869 1529 991 1608 quodam
1005 1533 1091 1588 etiam

97 1614 249 1711 corporis
252 1621 344 1672 tractu
366 1613 528 1673 lacessitur.
568 1613 723 1673 Praeterea
743 1631 801 1672 uon
819 1632 874 1672 una
896 1615 1008 1672 ratione
1031 1630 1090 1672 mo-

94 1697 159 1754 veri
175 1695 271 1771 solet,
292 1715 386 1774 neque
411 1699 485 1756 enim
503 1706 590 1756 acute
609 1706 716 1755 tantum
731 1714 765 1756 ac
781 1706 903 1755 venuste
923 1696 975 1755 sed
991 1697 1090 1770 stulte,

93 1780 243 1854 iracunde,
259 1781 356 1840 timide
371 1780 452 1846 dieta
457 1789 505 1839 aut
516 1780 595 1839 iacta
607 1781 748 1848 ridentum
765 1781 891 1857 ideoque
904 1798 1011 1857 anceps
1028 1783 1091 1839 eius

92 1865 140 1922 rei
153 1865 226 1922 ratio
245 1872 306 1938 est,
327 1865 404 1941 quod
422 1883 439 1924 a
459 1865 555 1924 derisu
574 1880 633 1923 non
657 1863 761 1942 procul
782 1863 864 1922 abest
880 1865 965 1921 risus.
993 1861 1120 1924 Habetss

93 1948 188 2021 euim,
211 1956 242 2007 ut
257 1945 361 2009 Cicero
383 1947 465 2023 dicit,
484 1949 588 2010 sedem
603 1950 637 2009 in
652 1948 843 2027 deformitate
857 1949 963 2024 aliqua
979 1956 1008 2008 et
1028 1955 1090 2007 tur·

90 2033 249 2111 pitudine,
272 2050 346 2109 quae
369 2051 431 2092 eum
450 2034 478 2091 iu
498 2032 560 2092 aliis
576 2033 823 2107 demonstrantur,
843 2031 1002 2098 urbanitas;
1025 2048 1090 2089 cum

93 2117 126 2174 in
139 2117 220 2193 ipsos
235 2115 364 2175 dieentes
380 2116 525 2190 recidunt,
542 2116 659 2176 stultitia
673 2125 804 2176 vocatur.

181 2197 251 2259 Cum
268 2200 398 2259 uideatur
417 2209 511 2259 autem
531 2218 579 2259 res
605 2202 680 2260 levis
702 2209 731 2259 et
755 2217 830 2278 quae
848 2199 883 2260 ab
898 2198 1017 2271 scurris,
1039 2198 1090 2258 mi·

93 2283 167 2357 mis,
194 2284 391 2360 insipientibus
418 2284 543 2361 denique
564 2302 661 2361 saepe
689 2293 854 2342 moveatur:
882 2293 976 2342 tamen
1002 2281 1090 2340 babet

93 2368 162 2425 vim
176 2368 277 2426 nescio
292 2385 328 2427 an
342 2370 615 2445 imperiosissimam,
633 2376 662 2426 et
673 2370 719 2427 cui
731 2369 885 2444 repugnari
896 2368 1009 2425 minime
1024 2375 1089 2442 pot·

94 2459 151 2509 est.
181 2449 310 2528 Erumpit
326 2453 408 2510 etiam
428 2453 530 2510 invitus
546 2469 654 2530 saepe,
674 2470 728 2510 neo
741 2450 837 2509 vultus
854 2450 939 2509 modo
954 2467 989 2508 ac
1002 2451 1114 2510 rocis9

96 2534 229 2610 exprimit
253 2535 466 2593 confessionem
490 2534 542 2593 sed
566 2544 657 2594 totum
686 2552 793 2612 corpus
821 2537 850 2594 vi
874 2552 925 2593 sua
952 2534 1087 2593 concutit.

95 2616 202 2676 Rerum
232 2627 325 2676 autern
351 2635 441 2696 saepe
466 2618 511 2696 (ut
525 2618 598 2698 diui)
621 2621 804 2678 maximarum
828 2627 971 2677 momenta
991 2618 1087 2689 vertit,

95 2709 128 2760 ut
151 2718 214 2760 oum
232 2701 326 2760 odium
344 2703 472 2780 iramque
491 2701 724 2779 frequentissime
750 2703 873 2779 frangat.
907 2701 1087 2760 Documento
1097 2706 1130 2759 10

96 2793 161 2843 sunt
180 2785 298 2843 iuvenes
322 2781 482 2858 Tarentini,
504 2787 552 2862 qui
574 2786 662 2845 multa
683 2788 812 2862 detege
827 2786 936 2861 Pyrrho
958 2784 1088 2843 securius

96 2869 170 2927 inter
191 2868 437 2943 coenamlocuti3
459 2886 522 2928 cum
544 2872 683 2929 rationem
703 2870 772 2929 lacti
795 2876 1035 2946 reposcerentur,
1060 2875 1090 2925 et

96 2969 191 3028 neque
208 2954 308 3028 negari
325 2971 373 3011 res
388 2970 483 3029 neque
506 2952 622 3013 delendi
639 2962 755 3052 posset:
778 2954 837 3010 risu
857 2960 923 3010 sunt
937 2959 967 3009 et
981 2966 1088 3027 oppor-

96 3044 165 3094 tuno
186 3036 253 3095 ioco
275 3036 376 3113 elapsi.
411 3035 539 3114 Namque
554 3055 625 3096 unus
641 3055 679 3096 ex
693 3040 745 3111 iis,
766 3034 877 3108 Immo,
899 3035 1008 3111 inquit,
1028 3035 1090 3094 nisi

93 3119 208 3197 tepore
227 3121 404 3198 defecisset,
428 3121 645 3181 occidissemus
665 3129 712 3191 te,·
733 3137 826 3196 eaque
849 3118 1008 3228 urbanitate
1027 3126 1088 3177 tota

94 3211 143 3263 est
156 3204 260 3263 invidia
275 3205 399 3263 criminis
417 3203 565 3262 dissoluta.

177 3286 285 3346 Verum
305 3288 377 3362 boc,
399 3288 537 3366 quidquid
550 3295 609 3360 est,
625 3294 664 3345 ιιι
685 3303 743 3345 non
768 3286 857 3345 ausim
872 3249 971 3346 nlicere
987 3294 1146 3348 carerell¹

92 3372 209 3431 omniuo
226 3380 287 3431 arte
297 3374 389 3449 ,quia
404 3371 566 3431 nonnullam
588 3369 820 3430 observationem
840 3370 943 3443 babet,
965 3377 1087 3445 suntque

92 3454 132 3515 ad
148 3455 176 3515 id
194 3458 367 3536 pertinentia
388 3464 418 3515 et
441 3472 458 3514 a
484 3453 602 3515 Graecis
624 3463 654 3514 et
674 3452 813 3515 alaricis
828 3453 987 3532 composita
1001 3467 1086 3530 prae·
