2434 3925
122 176 143 237 4
438 188 475 236 Μ.
488 186 566 238 PAR.
578 186 796 249 nummum

123 350 178 417 est,
195 359 251 419 qua
266 340 399 402 iudicium
414 342 451 400 sit
467 344 658 402 constitutum.
695 339 767 403 Nam
787 344 927 423 quaedam
949 344 977 402 iu
997 343 1122 405 schola·

122 426 202 506 stiois
219 435 361 503 ponuntur
384 426 419 485 ad
436 427 663 504 coniungendam
681 429 767 487 modu
787 436 869 487 actae
883 429 926 486 rei
944 428 1068 503 seriem,
1088 438 1123 488 nt

122 517 207 587 puta:
223 508 402 588 Expositum
424 511 476 586 qui
496 513 663 589 opuooem't,
684 512 789 572 solutis
808 513 959 573 alimentis
972 513 1122 589 recipiat.

120 590 223 653 Minus
244 596 324 655 dicto
339 595 512 654 audientem
536 595 632 672 fitium
660 596 751 656 dicent
770 597 928 657 abdicare.
971 592 1032 666 Qui
1059 614 1121 656 en·

117 678 247 753 positum
261 679 385 757 recepit,
406 679 536 755 imperat
553 680 582 738 ei
597 680 720 757 nuptias
734 679 891 758 locupletis
903 681 1122 757 propinquae,-

78 761 169 829 15ilte
188 761 304 822 ducere
321 762 384 822 uult
398 762 494 840 titium
513 764 664 841 pauperis
686 763 870 824 educatoris.
925 761 985 821 Lex
1010 762 1046 820 de
1066 781 1119 820 ex·

120 846 222 922 positis
243 846 278 905 ad
302 846 435 904 affectum
449 847 587 924 pertinet;
608 846 742 905 iudicium
762 846 869 925 pendet
894 865 931 905 ex
951 846 1019 921 lege
1034 845 1119 906 abdi·

121 930 251 987 cationis.
281 928 344 988 Nec
358 938 452 988 tamen
466 947 582 1007 semper
601 947 639 987 cx
655 948 709 988 una
724 930 792 1007 lege
810 932 940 1008 quaestio
957 938 1016 1005 est,
1039 932 1119 990 utin

120 1002 281 1088 ἆντινομία.
312 1012 362 1071 His
378 1014 516 1089 spectatis
531 1012 692 1090 apparebit,
709 1015 786 1073 circa
801 1032 874 1092 quae
890 1031 985 1091 pugna
999 1014 1046 1071 sit.

79 1108 112 1163 16
203 1093 360 1156 Coniuncta
376 1095 506 1154 defensio
522 1105 577 1171 est,
594 1096 687 1174 qualis
702 1114 755 1174 pro
773 1097 906 1156 Rabirio:
929 1096 965 1156 Si
980 1098 1115 1157 occidis·

119 1184 175 1255 set,
196 1189 278 1241 recte
296 1181 437 1258 fecissem
457 1182 513 1240 sed
533 1199 593 1240 uon
607 1180 727 1245 occidit.
767 1181 822 1241 Ubi
842 1198 913 1239 vero
935 1180 1022 1239 multa
1045 1197 1117 1239 cou-

119 1272 164 1321 tra
184 1281 266 1322 unam
293 1263 521 1340 propositionem
548 1264 681 1323 dicimus:
709 1265 892 1341 cogitandum
918 1273 962 1322 est
982 1264 1118 1341 primum,

120 1346 256 1424 quidquid
271 1347 327 1406 dici
350 1355 461 1422 potest;
482 1355 540 1405 tum
562 1358 599 1406 ex
614 1347 668 1422 his,
690 1365 747 1425 quo
763 1349 888 1426 quidque
906 1349 972 1408 loco
992 1347 1047 1406 diei
1064 1365 1117 1406 ex·
1195 1393 1196 1426 ,

119 1430 227 1506 pediat,
244 1430 456 1489 aestimandum.
493 1429 525 1489 In
540 1448 596 1509 quo
612 1448 669 1489 non
683 1432 759 1491 idem
776 1434 886 1506 sentio,
904 1431 980 1509 quod
995 1426 1030 1489 de
1046 1447 1117 1508 pru·
1195 1429 1196 1508 i

119 1513 309 1591 positionibus
327 1514 413 1591 paulo
430 1523 505 1590 ante,
522 1515 658 1593 quodque
674 1515 710 1575 de
726 1517 899 1592 argumentis
915 1513 1117 1592 probationum
1195 1511 1196 1516 ’

120 1595 189 1654 loco
206 1600 356 1672 concessi,
383 1614 472 1674 posse
500 1599 654 1678 aliquando
681 1615 734 1658 nos
756 1601 884 1677 incipere
900 1618 916 1657 a
932 1597 1116 1656 firmioribus.
1195 1597 1196 1640 ἶ

75 1689 109 1742 17
119 1678 191 1737 Nam
211 1683 254 1739 vis
277 1684 474 1759 quaestionum
495 1701 686 1760 percreseere
707 1682 794 1742 debet
817 1692 846 1742 et
867 1682 901 1742 ad
917 1683 1117 1759 potentissima

120 1762 156 1821 ab
181 1764 376 1825 infirmissimis
397 1769 569 1845 pervenire,
589 1768 652 1825 sive
676 1776 745 1832 sunt,
761 1768 888 1828 eiusdem
912 1766 1029 1841 generis
1052 1767 1117 1823 sive

74 1857 109 1910 18
120 1847 237 1907 diversi.
270 1848 342 1907 luris
359 1859 453 1909 autem
469 1852 653 1928 quaestiones
669 1851 764 1909 scient
780 1868 847 1909 esse
864 1866 1062 1926 nonnunquam
1080 1865 1117 1907 ex

120 1930 185 1990 aliis
201 1941 288 2012 atque
310 1933 373 1993 aliis
390 1934 634 2009 condictionibus,
659 1934 727 1995 facti
743 1953 860 2014 semper
872 1933 948 1992 idem
964 1939 1115 2010 spectant;

118 2018 148 2073 in
164 2026 287 2095 utroque
302 2037 412 2094 genere
428 2019 527 2078 similis
544 2018 615 2078 ordo
634 2028 687 2078 est.
733 2018 791 2078 Sed
811 2021 890 2096 prius
913 2018 949 2076 de
972 2016 1115 2074 dissimili·
1195 2074 1196 2085 ,

118 2097 183 2174 bus,
207 2102 361 2178 exquibus
383 2102 600 2161 infirmissimum
621 2102 745 2180 quidque
762 2103 882 2180 primum
896 2100 1012 2160 tractari
1029 2116 1116 2176 opor·

119 2191 176 2257 tet,
199 2185 265 2244 ideo
282 2185 358 2262 quod
374 2186 510 2263 quasdam
527 2187 712 2264 quaestiones
730 2186 845 2245 executi
866 2181 973 2244 donare
989 2183 1116 2242 solemus

120 2274 149 2324 et
171 2269 349 2335 concedere;
380 2287 475 2346 neque
497 2271 572 2328 euim
591 2272 714 2329 transire
735 2271 770 2330 ad
792 2269 862 2328 alias
885 2285 1038 2346 possumus
1060 2267 1116 2324 nisi

78 2351 233 2420 190missis
249 2352 402 2429 prioribus.
451 2352 535 2425 Quod
552 2354 645 2430 ipsum
660 2355 698 2412 ita
715 2353 777 2412 beri
793 2360 926 2430 oportet,
950 2368 1008 2410 uon
1022 2358 1053 2408 ut
1067 2349 1115 2408 da·

118 2451 233 2493 muasse
251 2453 301 2494 eas
317 2436 467 2495 videantur
481 2436 534 2495 sed
549 2438 692 2512 omisisse,
710 2439 776 2515 quia
793 2437 936 2515 possimus
953 2437 1039 2493 etiam
1053 2433 1117 2491 sine

120 2519 162 2577 eis
181 2521 310 2578 vincere.
357 2517 545 2581 Procurator
566 2521 698 2581 alicuius
723 2522 884 2600 pecuniam
907 2520 982 2598 petit
1007 2535 1047 2578 em
1069 2518 1116 2595 se·

118 2621 194 2662 nore
213 2602 420 2664 bereditario:
449 2613 546 2681 potest
569 2605 696 2664 incidere
718 2605 866 2683 quaestio,
888 2601 938 2663 Aa
958 2602 1029 2662 duic
1050 2619 1117 2661 esse

75 2704 111 2756 20
118 2696 352 2765 procuratorem
375 2688 489 2748 dicent?
534 2685 626 2765 Finge
654 2706 725 2765 nos,
752 2697 905 2767 postquam
931 2686 1114 2745 tractavimus

120 2789 193 2846 eam,
209 2773 356 2831 remittere
373 2770 422 2829 vel
438 2773 523 2830 etiam
536 2774 686 2832 convinci:
708 2781 879 2851 quaeretur,
903 2766 950 2829 Aa
973 2771 1011 2844 ei,
1031 2770 1117 2828 cuius

119 2857 237 2916 nomime
252 2858 404 2934 ditiputur,
422 2864 656 2933 procuratorem
670 2857 804 2918 bobersdi
824 2857 864 2915 sit
878 2855 949 2914 ius?
979 2851 1115 2913 Disceda-

118 2956 180 2996 mus
198 2940 263 2999 hinc
279 2957 414 3017 quoque:
430 2941 535 3018 recipit
545 2942 664 3000 materia
676 2942 883 3018 quaestionem,
895 2934 943 2997 Au
953 2938 1014 3011 ide,
1030 2937 1116 2995 cuius

117 3025 238 3084 nomine
260 3026 379 3102 opiter,
400 3024 546 3084 decessit
569 3025 775 3103 feneratoris?
797 3042 840 3083 on
862 3041 902 3082 eu
920 3040 990 3082 usse
1008 3019 1115 3079 beree?

78 3105 198 3176 21Haec
227 3124 343 3185 quoque
361 3118 520 3167 'concessa
550 3109 622 3166 sint:
654 3117 824 3186 quaeretur,
855 3102 904 3165 Aa
944 3103 1112 3165 debentur?

122 3186 229 3250 Contra
251 3208 336 3249 nemu
359 3200 415 3250 tam
437 3191 555 3252 demens
577 3191 681 3265 fuerit,
704 3191 802 3265 mid,
831 3190 907 3266 quud
931 3187 1115 3247 firmissimum
1195 3210 1196 3217 ι

120 3273 235 3333 duxerit
259 3293 292 3333 se
315 3273 440 3349 habere,
462 3276 586 3334 remittat
602 3283 630 3333 et
646 3275 682 3334 ad
698 3276 810 3335 leviora
825 3271 1018 3332 transcendat.
1045 3268 1114 3328 Huic

120 3358 150 3416 in
170 3359 271 3418 schola
295 3358 389 3417 simile
412 3366 466 3417 est:
493 3356 744 3420 Nounbdicudis
764 3359 963 3436 adoptatum·
986 3361 1019 3414 ut
1038 3354 1115 3413 bunc

121 3459 256 3522 quoque:
285 3461 346 3521 acu
360 3445 459 3505 uirum
471 3445 600 3522 sortem·
620 3453 654 3506 ut
673 3451 702 3505 et
717 3444 845 3523 fortem.-
869 3458 929 3501 uou
949 3439 1115 3519 quicunque
