2434 3925
831 134 845 179 r

147 216 208 278 274
452 229 488 277 u.
509 227 587 278 aaa.
608 226 826 288 auruummm

146 384 246 460 batur,
262 381 343 463 Ape,
361 382 467 460 inquit,
490 383 609 461 aliquid
624 390 653 443 et
666 385 714 443 rei
725 383 868 461 publicae
883 402 979 444 causo
994 384 1120 446 elaboro
1128 409 1141 453 ‚·

149 486 262 546 quaque
278 465 382 527 Cicero
399 467 475 543 lusit,
493 485 566 542 cum,
580 467 686 527 Vatinii
697 476 789 526 morte
801 468 936 542 nuntiata,
949 470 1030 526 euius
1041 486 1142 546 parum

106 561 140 617 69
150 561 246 611 certus
262 551 410 611 dicebatur
427 561 537 626 auctor,
554 550 690 627 iuterim,
706 552 805 628 inquit,
821 570 919 611 usuro
934 553 1035 629 fruor.
1062 552 1142 612 Idem

148 655 202 714 per
224 635 440 711 allegorian
462 635 499 694 M.
520 634 666 711 Caelium,
691 637 792 694 melius
815 634 998 694 obiicientem
1024 637 1141 695 erimina

148 738 231 798 quam
245 719 460 795 defendentem,
482 718 609 780 Bonum
616 722 689 782 deut
678 727 772 796 trum,
787 721 899 780 mulam
912 721 1066 780 sinistram
1086 721 1140 780 ltc-

147 806 219 865 bere
238 802 361 862 dicebat.
397 802 622 880 Emphasih.
645 802 756 863 Tullius
777 803 863 879 dixit,
883 803 1047 901 ferrumiu
1065 802 1140 863 Tue-

105 877 228 952 locium
241 888 396 948 incidisse.
428 886 549 964 Figurae
565 904 681 964 quoque
699 887 815 962 mentis,
838 905 911 986 quae
933 879 1063 966 σχήματα
1077 888 1140 946 δια-

147 971 230 1044 νοίας
244 971 390 1046 dicuntur,
416 989 464 1030 res
484 970 584 1030 eadem
606 972 710 1048 recipit
732 989 846 1046 ornnes,
868 973 896 1029 in
918 988 988 1048 quas
1012 970 1141 1030 nonnulli

61 1077 64 1083 ·
147 1055 306 1114 diviserunt
321 1057 436 1132 speeies
458 1055 606 1115 dictorum.
637 1054 708 1114 Nam
728 1064 756 1115 et
777 1057 986 1130 interrogamus
1014 1064 1043 1114 et
1060 1053 1140 1114 dubi·

147 1148 238 1198 tamus
255 1147 283 1198 et
299 1138 470 1198 affirmamus
486 1147 515 1197 et
529 1141 667 1198 minamur
690 1149 719 1198 et
735 1149 875 1217 optamus,
892 1139 1031 1215 quaedam
1046 1148 1075 1197 ut
1089 1139 1140 1196 mi·

149 1230 291 1296 serentes,
306 1222 445 1299 quaedam
468 1232 498 1282 ut
512 1225 671 1282 irascentes
689 1225 817 1283 dicimus.
846 1222 1005 1281 Ridiculum
1027 1231 1071 1280 est
1091 1239 1155 1279 au-‘

107 1315 204 1370 litem
220 1323 320 1381 omne,
337 1305 413 1382 quod
430 1315 530 1384 aperte
546 1306 670 1383 lingitur.
700 1306 792 1366 Stulta
807 1306 1021 1384 reprehendere
1037 1304 1141 1364 facilli·

148 1408 221 1448 mum
239 1398 300 1464 est,
324 1407 388 1448 nam
410 1407 463 1469 per
483 1408 516 1448 se
540 1398 604 1448 sunt
625 1390 758 1458 ridicula;
781 1391 833 1449 sed
847 1407 908 1448 rem
922 1389 1056 1449 urbanam
1070 1389 1143 1447 iacit

149 1474 244 1551 aliqua
260 1490 297 1531 ex
311 1472 394 1531 nobis
410 1474 544 1533 adiectio.
581 1474 675 1533 Stulte
692 1476 920 1550 interrogaverat
936 1480 1086 1532 exeuntem
1104 1473 1142 1531 de

148 1557 261 1616 theatro
288 1554 470 1634 Carpathium
495 1557 585 1617 Titius
607 1556 761 1632 Maximus,
791 1575 827 1617 an
857 1554 1040 1634 spectasset?
1069 1557 1143 1616 iecit

149 1638 320 1719 Carpathius
337 1641 541 1701 dubitationem
563 1643 624 1700 eius
647 1642 807 1701 stultiorem
820 1641 959 1718 dicendo,
981 1639 1063 1718 Nou,
1082 1642 1143 1701 seri

148 1727 180 1785 in
194 1725 352 1786 orchestra
362 1726 432 1803 pilu
446 1726 514 1787 lusi.

109 1817 141 1874 ta
232 1808 426 1868 Relutatio
449 1827 512 1869 oum
533 1810 569 1867 sit
589 1810 618 1868 in
636 1810 786 1884 negando,
804 1808 1023 1885 redarguendo,
1039 1758 1140 1866 deien-

150 1893 260 1993 dendo,
289 1892 446 1953 elevando:
472 1893 593 1953 ridicule
619 1894 769 1970 negavit
794 1891 903 1951 Manius
923 1891 1040 1957 Curius;
1064 1909 1140 1968 narn,

152 1996 216 2037 eum
232 1978 295 2037 eius
311 1988 464 2038 accusator
485 1980 513 2036 in
537 1980 644 2056 sipario
660 1977 790 2036 omnibus
806 1978 879 2037 loois
895 1986 942 2036 aut
957 1978 1060 2036 nudum
1074 1994 1142 2034 euru

150 2063 178 2121 in
193 2079 283 2120 nervo
301 2071 348 2120 aut
369 2062 404 2121 ab
425 2064 522 2121 amieis
543 2062 722 2139 redemptum
744 2080 782 2120 ex
802 2062 866 2120 alea
884 2062 1039 2139 pinxisset:
1056 2057 1143 2138 Ergo

109 2153 215 2222 73390,
231 2147 330 2222 inquit,
345 2163 499 2223 uunquam
516 2147 596 2206 vici?
614 2145 879 2221 Redarguimus
899 2146 1010 2203 interim
1026 2153 1141 2221 aperte,

150 2238 181 2286 ut
196 2226 301 2287 Cicero
317 2228 430 2288 Vibium
445 2228 560 2288 Curium
578 2229 694 2288 multum
714 2228 750 2287 de
766 2231 845 2287 annis
861 2231 962 2288 aetatis
978 2245 1047 2286 suae
1062 2245 1141 2286 men-

151 2312 285 2387 tientem,
305 2310 378 2373 Tum
391 2332 479 2391 ergo,
498 2332 565 2373 eum
579 2330 643 2373 uua
657 2314 913 2387 declumrutnmm,
927 2332 986 2373 nou
1000 2329 1072 2373 erus
1085 2329 1143 2371 no·

153 2403 201 2456 tus
205 2417 219 2465 ,⁰
234 2397 344 2456 interim
359 2406 388 2455 et
402 2397 531 2456 simulata
543 2400 722 2472 assensione,
738 2405 768 2454 ut
781 2397 856 2455 idem
868 2395 955 2455 Fabia
967 2394 1143 2454 Dolabellae

154 2478 283 2554 dicente,
304 2482 418 2557 triginta
438 2498 470 2539 se
488 2494 576 2539 annos
592 2480 717 2554 habere,
740 2478 850 2541 Verum
862 2488 923 2555 est,
942 2480 1046 2557 inquit;
1068 2497 1144 2539 nom

111 2562 210 2625 labec
225 2564 308 2623 illam
328 2566 434 2643 cipiuti
451 2566 541 2625 anuis
561 2567 664 2626 audio.
697 2563 779 2623 Belle
792 2566 903 2622 interim
924 2563 1071 2622 subiicitur
1086 2578 1143 2639 pro

154 2663 202 2720 eo,
219 2649 296 2724 quod
311 2666 412 2725 neges,
429 2647 504 2708 aliud
519 2649 695 2708 mordacius:
711 2657 741 2707 ut
756 2648 851 2707 lunius
867 2647 984 2721 Bassus,
996 2652 1145 2723 'querente

153 2730 276 2790 Domitia
295 2732 438 2807 Passieni,
469 2733 545 2809 quod
569 2735 702 2792 incusans
731 2734 792 2790 eius
815 2732 916 2790 sordes
938 2731 1054 2790 calceos
1078 2746 1144 2788 eam

49 2872 52 2878 ,
152 2823 271 2874 veteres
297 2817 407 2876 diceret
430 2816 558 2876 vendere
587 2817 701 2892 solere,
729 2814 797 2876 Nou
816 2816 1019 2890 mehercules,
1039 2815 1144 2891 iuquit,

153 2897 211 2959 hoc
223 2916 357 2976 uuqrram
371 2902 457 2968 diuir
476 2903 532 2962 sed
547 2902 629 2977 disi,
646 2920 745 2962 emere
759 2908 787 2960 te
800 2901 906 2961 solere.
940 2898 988 2957 De
997 2898 1076 2956 iens
1085 2899 1093 2956 i
1103 2913 1143 2955 o·

153 2998 230 3041 nem
251 2985 373 3043 imitatus
395 2995 439 3044 est
460 3003 550 3062 eques
571 2984 730 3059 Romanus,
759 2985 806 3061 qui
830 2982 975 3042 obiicienti
995 2981 1143 3057 Augusto,

113 3070 146 3126 75
153 3065 230 3141 quod
246 3070 442 3143 patrimonium
457 3069 647 3143 comedisset,
664 3066 779 3143 Meum,
795 3068 895 3144 inquit,
910 3068 1028 3145 putaui.
1056 3064 1143 3124 Ele·

155 3149 264 3208 vandi
280 3154 353 3210 ratio
369 3162 413 3212 est
427 3153 545 3229 duplex,
566 3161 596 3221 ut
615 3161 662 3212 aut
676 3150 877 3210 verecundiam
894 3152 956 3227 quis
973 3158 1020 3208 aut
1033 3150 1143 3208 iaetan-

155 3235 222 3292 tiam
235 3234 357 3297 minuat:
379 3236 612 3313 quemadmodum
628 3234 660 3295 C.
679 3234 787 3295 Caesar
799 3235 955 3311 Pomponio
978 3232 1144 3292 ostendenti

154 3316 257 3375 uulnus
272 3334 324 3376 ore
339 3329 491 3397 exceptum
508 3321 536 3377 in
551 3319 692 3378 seditione
709 3320 882 3396 Sulpiciana,
895 3317 972 3396 quod
987 3320 1011 3376 is
1026 3335 1060 3376 se
1075 3334 1142 3394 pas-

139 3417 218 3482 ‚sum
232 3417 285 3478 pro
302 3398 426 3461 Caesare
444 3412 617 3480 pugnantem
637 3403 827 3479 gloriabatur,
845 3400 1007 3479 Nunquam
1019 3402 1144 3480 fugiens

155 3487 340 3564 respexeris,
355 3486 458 3563 inquit;
474 3496 522 3547 aut
536 3488 642 3546 crimen
657 3486 811 3564 obiectum,
825 3494 856 3546 ut
868 3483 972 3547 Cicero
988 3485 1141 3563 obiurgan-
