2434 3925
477 186 515 233 rr.
525 184 605 233 ran.
617 185 837 245 Qumnmmur

4 385 6 418 3
157 340 215 400 tori
231 337 430 400 benedixisse
445 339 509 398 linis
528 349 583 400 εει.
616 338 687 399 Nam
708 350 753 400 est
773 360 819 401 ars
840 359 890 415 ea,
910 350 941 400 nt
954 350 1021 419 post
1037 342 1152 418 paulum

4 429 6 498 ζ
116 423 264 486 toclarius
279 423 474 499 ostendemus,
491 426 520 483 in
533 433 599 484 actu
615 427 710 502 posita
724 443 782 484 non
797 427 825 485 in
839 426 955 484 ellectu.
988 425 1030 485 lta
1046 425 1153 487 falsum

158 507 304 570 eritillud
325 525 457 587 quoqne,
480 508 558 586 quod
578 509 700 583 dicitur,
721 519 806 571 artes
824 511 924 584 scire,
951 510 1073 587 quando
1090 511 1153 569 εἰει

156 592 248 670 finem
261 600 460 662 conmenta&
474 593 647 654 rhetoricen
659 595 788 657 nescire.
814 592 886 652 Nam
896 611 930 651 se
942 594 1063 671 quisque
1075 593 1152 652 bene

158 676 258 735 dicere
270 675 416 752 intelligit.

245 757 294 819 uu
307 763 393 819 etiam
406 759 489 820 etate
502 758 689 835 rhetoricen,
709 760 787 838 quod
807 778 854 820 ars
871 760 949 819 nulla
971 759 1076 835 faciat,
1096 762 1151 819 cri-

116 842 149 897 nt
157 845 313 919 minantur,
332 847 399 923 qnia
419 843 568 902 et'falsum
584 843 662 902 dicat
681 854 711 903 ει
728 845 850 903 allectus
864 852 988 903 moveat.
1022 843 1152 916 Quorum

157 936 288 987 neutrum
307 937 352 987 est
367 937 469 1005 turpe,
493 946 557 987 cum
571 945 609 986 ex
623 927 699 987 bona
713 930 825 1002 ratione
840 928 1046 1006 proficiscitur,
1070 927 1152 987 ideo·.

157 1029 215 1088 que
234 1020 365 1070 neutrum
383 1012 490 1070 vitium.
529 1010 601 1070 Nam
626 1020 656 1071 et
675 1012 853 1071 mendacium
874 1012 972 1071 dicere
1000 1013 1084 1069 etiam
1105 1029 1152 1069 sa-

157 1097 246 1173 pienti
270 1094 423 1172 aliquando
450 1112 621 1154 concessum
645 1105 708 1171 εει,
736 1105 765 1155 ει
789 1096 927 1171 allectus,
953 1097 977 1155 si
1003 1094 1087 1154 aliter
1114 1095 1153 1154 ad

158 1181 331 1256 aequitatem
353 1178 473 1257 perduci
492 1179 579 1238 iudex
603 1197 661 1238 non
681 1183 807 1258 poterit,
834 1181 1002 1238 necessario
1024 1179 1154 1237 movebit

100 1271 266 1324 'woraton
309 1262 437 1341 Imperiti
463 1265 538 1322 enim
562 1264 688 1324 iudicant
722 1273 751 1323 et
776 1266 824 1341 qui
848 1263 1016 1341 frequenter
1039 1264 1068 1320 in
1092 1262 1154 1321 hoc

158 1349 252 1423 ipsum
270 1345 390 1406 fallendi
412 1347 482 1422 sint,
503 1365 540 1405 ne
563 1358 670 1407 errent.
700 1347 788 1423 Nam,
812 1347 923 1407 simili
946 1349 1093 1425 sapientes
1108 1349 1152 1405 iu·

159 1431 240 1490 dices
261 1430 378 1505 dentur,
403 1431 574 1508 sapientium
596 1434 748 1492 contiones
769 1441 856 1509 atque
878 1448 962 1490 omne
983 1430 1151 1494 consilium:

159 1514 228 1573 nibil
244 1514 348 1573 invidia
362 1513 476 1587 valeat,
497 1515 566 1575 nibil
581 1518 684 1592 gratia,
702 1516 773 1575 nihil
787 1517 885 1593 opinio
899 1523 1082 1593 praesumpta
1097 1514 1152 1572 ial-

159 1600 242 1676 sique
256 1606 364 1657 testes:
379 1616 516 1677 perquam
530 1601 567 1658 sit
583 1602 704 1677 exiguus
719 1600 902 1678 eloquentiae
917 1599 999 1659 locus
1015 1607 1043 1657 ct
1057 1614 1153 1675 prope

117 1682 263 1747 aninsula
278 1682 471 1742 delectatione
492 1682 624 1760 ponatur.
655 1684 705 1744 Sin
719 1693 748 1743 et
766 1683 940 1743 audientium
953 1681 1075 1741 mobiles
1089 1683 1151 1739 ani·

158 1769 196 1824 mi
210 1776 239 1825 et
253 1775 296 1825 tot
309 1767 392 1825 malis
406 1766 531 1825 obnoxia
545 1770 667 1826 veritas:
691 1778 752 1828 arte
770 1768 951 1846 pugnandum
966 1775 1010 1825 est
1027 1774 1056 1824 et
1071 1765 1152 1824 adbi-

158 1849 252 1909 benda
275 1869 349 1928 quae
371 1860 500 1930 prosunt.
538 1850 641 1929 Neque
665 1856 755 1927 enim,
776 1854 824 1930 qui
843 1861 925 1911 recta
944 1851 991 1909 uia
1010 1848 1151 1926 depulsus

159 1942 219 2010 εει,
240 1934 339 1995 reduci
353 1936 389 1996 ad
404 1953 465 1995 eam
479 1937 533 1996 uisi
547 1936 604 1995 alio
621 1936 697 1996 llexu
713 1944 821 2015 potest.

116 2030 152 2083 30
242 2019 364 2080 Plurima
385 2038 456 2079 vero
482 2040 520 2079 ex
542 2037 578 2078 eo
605 2029 705 2079 contm
730 2020 896 2094 rhetoricen
922 2018 1066 2078 cavillatio
1093 2025 1150 2092 εει,

159 2104 236 2180 quod
257 2122 296 2162 ex
315 2113 436 2181 utraque
454 2120 559 2164 causae
575 2114 657 2182 parte
678 2104 797 2163 dicatur.
831 2102 901 2162 lude
923 2103 1012 2161 baec:
1034 2101 1151 2160 nulwm

158 2206 225 2248 csse
245 2196 343 2248 artem
368 2190 556 2249 conbanem
579 2190 654 2265 sibi,
678 2189 850 2249 rhetoricen
874 2206 942 2248 esse
963 2186 1152 2247 contrariom

157 2270 231 2336 ettc
249 2271 367 2331 nullam
380 2280 477 2332 ortem
491 2274 666 2346 destruere,
682 2274 764 2350 quod
778 2271 920 2354 effecerit,
935 2270 1081 2330 accidere
1093 2268 1154 2328 boc

158 2353 326 2416 rhetorices
346 2357 452 2432 opert·
475 2357 546 2417 item
564 2364 620 2417 out
641 2357 776 2417 dicanda
796 2374 866 2416 cam
886 2357 998 2415 docere
1016 2360 1071 2412 out
1090 2370 1153 2411 non

159 2437 309 2513 dicenda,
326 2439 431 2515 itaque
445 2441 494 2501 vel
504 2458 564 2518 per
577 2440 634 2502 loc
648 2459 708 2501 noc
722 2459 788 2501 essa
802 2447 915 2514 ortem,
932 2438 1014 2514 quod
1027 2455 1087 2496 non
1102 2436 1154 2495 ‹tt-

159 2522 260 2583 ccndc
273 2524 464 2600 praecipiat,
482 2525 531 2585 vel
540 2543 600 2603 per
615 2525 691 2599 boc,
709 2525 807 2602 quod,
825 2542 894 2584 cum
910 2522 1044 2583 dicendo
1057 2537 1155 2597 proe-

117 2613 150 2666 31
159 2608 289 2684 ceperit,
309 2608 400 2668 etiam
417 2610 577 2668 contraria
597 2609 646 2669 lais
662 2610 780 2669 docent.
814 2605 896 2680 Quae
916 2607 1009 2664 omnia
1028 2611 1155 2682 apparet

160 2688 197 2749 de
213 2706 248 2750 ea
268 2690 414 2750 rhetorIce
429 2691 501 2766 dici,
518 2709 592 2768 quae
608 2695 645 2751 sit
659 2709 676 2751 a
692 2692 769 2751 bono
785 2693 847 2750 viro
863 2699 950 2767 atque
965 2688 1000 2747 ab
1016 2690 1078 2765 ipsa
1093 2687 1154 2744 vir·

159 2782 220 2844 tute
234 2777 379 2842 seiuncta3
397 2775 505 2853 alioqui
518 2775 566 2834 ubi
580 2777 681 2835 iniusta
697 2793 783 2836 causa
798 2783 858 2849 est,
879 2774 919 2833 ibi
933 2773 1079 2832 rhetorice
1093 2787 1156 2830 non

161 2867 221 2935 εει,
245 2859 318 2919 adeo
333 2868 364 2917 ut
381 2861 430 2918 vix
444 2859 602 2918 admirabili
621 2860 744 2938 quodam
760 2877 829 2919 casu
843 2859 936 2937 possit
950 2856 1101 2929 accidere,
1122 2863 1157 2915 ut

117 2947 198 3001 dtex
219 2952 341 3021 utraque
361 2945 443 3021 parte
465 2952 580 3021 orator,
605 2943 633 3002 id
656 2953 701 3003 est
720 2946 764 3002 vir
784 2943 894 3018 bonus,
917 2941 1003 3001 dicat.
1043 2938 1156 2998 'lamen

162 3028 294 3104 quoniam
308 3027 365 3086 hoc
379 3044 496 3105 quoque
510 3028 538 3085 in
552 3045 648 3086 rerum
662 3037 788 3087 naturam
803 3027 889 3101 cadit,
904 3034 935 3083 ut
949 3024 1021 3093 duos
1037 3025 1155 3101 sapien-

160 3119 206 3170 tes
228 3111 381 3189 aliquando
408 3112 500 3169 iustae
523 3128 627 3169 causac
651 3113 680 3169 in
702 3113 846 3172 diversum
865 3109 994 3184 trahant,
1020 3107 1155 3185 (quando

162 3196 246 3253 etiam
261 3203 436 3271 pugnaturos
452 3211 504 3253 eos
519 3195 593 3252 inter
608 3212 657 3268 se,
679 3197 704 3254 si
719 3197 791 3255 ratio
807 3194 991 3267 deduxerit,
1014 3191 1154 3268 credunt)

161 3277 347 3355 respondebo
363 3280 537 3356 propositis,
553 3286 638 3355 atque
652 3280 690 3338 ita
706 3280 837 3356 quidem,
857 3287 888 3337 ut
902 3284 1057 3355 appareat,
1078 3274 1156 3333 baec

161 3362 301 3422 adversus
322 3379 374 3421 eos
396 3378 511 3439 quoquc
529 3362 634 3420 frustra
654 3364 834 3438 excogitata,
856 3363 903 3439 qui
922 3360 1003 3420 malis
1023 3357 1155 3418 moribus

164 3464 266 3508 romeu
280 3447 404 3507 oratoris
419 3445 594 3522 indulgeant.
627 3444 698 3505 Nam
713 3445 859 3507 rhetorice
874 3462 931 3506 non
946 3453 992 3504 εει
1007 3442 1157 3507 contraria
