2434 3925
157 202 215 263 164
469 211 830 273 u.sac.ou1nu1cmu1
876 245 879 253 ,

154 370 298 430 astrictius
314 368 360 429 hic
375 370 470 444 latins,
485 377 593 447 pugnat
608 368 658 427 ille
676 369 804 429 acumine
824 385 940 444 semper
954 367 1000 427 hic
1012 368 1162 447 frequen·
1213 378 1214 401 ¹

97 505 102 515 .
153 464 199 513 ter
215 462 243 512 et
259 453 398 531 pondere,
414 453 454 512 illi
469 453 538 512 nihil
554 452 665 511 detrahi
677 460 777 530 potest
793 451 858 510 huic
871 451 938 510 nihil
951 452 1045 526 adiici,
1065 472 1166 515 curae

97 538 220 615 lotplus
239 538 267 595 in
283 537 333 597 illo
350 539 377 595 iu
394 537 450 596 hoc
465 547 592 596 naturae.
625 535 739 595 Salibus
752 544 832 594 certe
850 544 878 593 et
890 538 1159 614 commiseratione,

154 622 202 698 qui
223 621 279 680 duo
306 621 457 699 plurimum
487 620 608 679 affectus
635 620 748 693 valent,
773 619 922 677 vincimus.
962 618 999 678 Et
1026 620 1159 682 fortasse

154 704 288 782 epilogos
317 705 359 764 illi
386 723 447 763 mos
475 705 597 763 civitatis
631 703 794 769 abstulerit:
831 702 882 762 sed
915 712 944 761 et
974 703 1059 763 nohis
1095 707 1157 781 illa,

155 806 228 866 quae
250 789 337 847 Attici
362 791 511 862 mirantur,
537 787 652 846 diversa
674 786 764 846 Latini
796 789 936 867 sermonis
961 789 1035 846 ratio
1063 792 1157 849 minus

154 873 326 950 permiserit.
362 871 393 930 ln
415 871 547 950 epistolis
568 870 699 949 quidem,
722 888 882 948 quanquam
904 879 969 928 sunt
991 873 1155 951 utriusque,

97 957 332 1033 108dialogisve,
350 955 452 1032 quibus
471 954 539 1015 nihil
557 955 626 1028 ille,
642 954 720 1013 nulla
737 957 883 1014 contentio
899 963 954 1012 est.
988 952 1155 1016 cedendum

153 1057 223 1099 vero
239 1042 267 1098 in
282 1039 348 1114 hoc,
367 1040 444 1118 quod
460 1049 490 1098 et
506 1040 585 1117 prior
596 1039 648 1097 fuit
664 1047 693 1097 et
709 1056 745 1097 ex
759 1055 863 1114 magua
875 1047 956 1116 parte
970 1036 1155 1114 Ciceronem,

155 1127 276 1202 quantus
290 1134 344 1199 est,
359 1123 438 1182 fecit.
460 1122 531 1182 Nam
543 1123 609 1181 mihi
625 1122 737 1181 videtur
748 1121 786 1203 Μ
800 1122 921 1196 Tullius,
939 1140 1002 1181 cum
1015 1141 1048 1181 se
1065 1133 1155 1184 totum

155 1209 189 1267 ad
205 1209 389 1267 imitationem
406 1207 580 1267 Graecorum
595 1206 782 1280 contulisset,
809 1206 957 1264 effinxisse
974 1207 1029 1264 vim
1047 1207 1155 1267 Demo·
1176 1278 1203 1293 l

97 1290 281 1367 109sthenis,
304 1294 416 1370 copiam
431 1292 574 1365 Platonis,
593 1290 796 1349 iucunditatem
813 1289 959 1349 Isocratis.
998 1289 1064 1349 Nec
1084 1294 1176 1351 vero‘

155 1376 232 1453 quod
249 1378 275 1434 in
292 1392 408 1454 quoque
424 1377 559 1453 optimum
576 1375 645 1448 fuit,
670 1373 764 1432 studio
781 1383 955 1433 consecutus
972 1382 1016 1432 est
1032 1384 1155 1443 tanturm
1174 1373 1178 1381 ’

155 1461 207 1519 sed
226 1460 362 1539 plurimas
379 1459 427 1518 vel
443 1461 538 1536 potius
555 1475 655 1517 omnes
675 1477 759 1517 exse
776 1459 839 1534 ipso
853 1458 1093 1519 virtutesextulit
1111 1462 1156 1519 iur-

154 1543 282 1603 mortalis
305 1544 410 1620 ingenii
432 1543 597 1603 beatissima
618 1541 744 1601 ubertas.
784 1541 849 1600 Non
873 1542 945 1600 enim
966 1543 1111 1619 plrruics,
1131 1553 1158 1602 nt

155 1627 193 1686 ait
207 1627 360 1702 Pindarus,
378 1643 478 1704 aquius
494 1629 604 1705 callipit
626 1629 682 1687 aed
696 1627 763 1688 cino
776 1627 897 1705 purpite
912 1628 1062 1703 extundat,
1079 1628 1157 1686 dono

157 1711 280 1788 quodam
297 1712 495 1789 providentiae
512 1713 643 1788 genitus,
665 1712 693 1768 in
717 1726 774 1787 quo
801 1719 877 1790 totas
898 1710 976 1767 vir‘es
997 1727 1066 1769 snas
1095 1713 1156 1771 elu-

99 1798 271 1871 lloqneutia
292 1798 482 1874 experiretur.
520 1795 593 1853 Nam
613 1795 676 1871 quis
699 1793 806 1853 docere
828 1794 1008 1869 diligentius,
1033 1812 1157 1854 movere

155 1879 354 1939 vehementius
373 1875 492 1956 potest?
533 1876 585 1938 Cui
614 1887 691 1937 tanta
716 1895 839 1955 unquam
864 1877 1024 1937 incunditas
1052 1876 1157 1939 alluit?

156 1974 187 2024 ut
202 1967 265 2043 ipsa
283 1965 345 2039 illa,
363 1982 436 2042 quae
453 1971 623 2042 extorquet,
643 1964 798 2040 impetrare
816 1980 880 2022 eum
896 1961 1016 2038 credas,
1041 1973 1072 2022 et
1094 1981 1156 2023 cum

156 2057 348 2108 transversum
364 2050 392 2107 vi
409 2066 460 2107 sua
480 2048 600 2108 iudicem
617 2046 705 2107 ferat:
728 2056 822 2105 tamen
840 2047 890 2123 ille
908 2063 964 2104 non
980 2049 1044 2125 rapi
1059 2048 1155 2107 videa·

100 2138 202 2191 llltur
218 2133 270 2193 sed
286 2133 378 2210 sequi.
413 2131 472 2191 lam
494 2133 523 2191 in
538 2130 679 2214 omnihus,
702 2148 775 2208 quae
791 2132 876 2206 dicit,
898 2139 974 2189 tanta
997 2135 1155 2191 auctoritas

156 2218 247 2291 inest,
271 2225 301 2275 ut
321 2216 473 2275 dissentire
493 2215 620 2294 pudeat,
638 2232 693 2273 nec
714 2215 845 2274 advocati
868 2215 990 2273 studium
1006 2215 1061 2275 sed
1073 2218 1155 2275 testis

156 2309 204 2358 aut
219 2299 319 2359 iudicis
335 2299 437 2359 afferat
453 2299 553 2365 hdem;
580 2317 642 2359 cum
667 2300 776 2358 interim
799 2299 997 2373 haecomnia,
1017 2317 1093 2377 qnae
1108 2300 1155 2358 vix

156 2383 268 2459 singula
291 2385 438 2461 quisquam
461 2384 648 2443 intentissima
672 2400 740 2442 curu
763 2383 902 2460 consequi
925 2392 1042 2462 posset,
1068 2383 1155 2443 fluunt

156 2467 317 2542 illaborata,
335 2477 363 2526 et
377 2468 438 2541 illa,
454 2485 508 2545 qua
520 2467 588 2526 nihil
599 2465 747 2545 pulchrius
762 2465 886 2526 auditum
901 2475 955 2541 est,
975 2469 1069 2526 oratio
1085 2485 1154 2544 prae

100 2565 189 2617 mse
205 2551 260 2610 fert
276 2561 370 2610 tumen
393 2551 587 2610 felicissimam
606 2550 784 2610 facilitatem.
821 2550 918 2623 Quare
934 2567 992 2609 uon
1014 2553 1153 2610 immerito

158 2635 193 2698 ab
220 2634 378 2694 hominihus
407 2637 508 2694 aetatis
534 2653 603 2694 suae
628 2653 761 2713 reparare
782 2636 814 2694 in
832 2635 957 2695 iudiciis
982 2635 1076 2694 dictus
1101 2643 1152 2708 est,

157 2719 232 2798 apud
248 2728 382 2798 posteros
399 2735 470 2778 vero
486 2718 514 2777 id
529 2727 714 2793 consecutus,
729 2727 759 2777 ut
775 2716 949 2777 Cicereium
964 2735 1022 2777 uon
1033 2718 1154 2777 hominis

157 2820 262 2863 nomen
289 2803 341 2863 sed
362 2803 544 2881 eloquentiae
565 2802 714 2863 habeatur.
759 2801 840 2861 Hunc
862 2804 948 2878 igitur
978 2812 1152 2880 spectemus,

158 2887 214 2947 hoc
231 2889 410 2966 propositum
423 2886 505 2946 nobis
520 2889 557 2947 sit
573 2886 752 2964 exemplum,
775 2885 824 2945 ille
843 2904 875 2944 se
892 2887 1055 2963 profecisse
1073 2890 1151 2958 sciat,

100 2974 203 3031 ursoni
219 2969 324 3031 Cicero
341 2972 426 3032 valde
443 2971 579 3048 placebit.
616 2970 703 3029 Multa
728 2972 756 3029 iu
777 2970 907 3029 Asinio
924 2969 1096 3030 Pollione
1117 2974 1153 3029 in

158 3056 271 3131 ventio,
288 3074 393 3115 summa
408 3054 572 3132 diligentia,
593 3054 667 3114 adeo
683 3063 713 3113 nt
729 3053 895 3131 quibusdam
911 3056 996 3114 etiam
1011 3056 1096 3114 nimia
1115 3056 1152 3112 ri·

159 3139 277 3214 deutur,
302 3148 331 3199 et
352 3139 464 3198 consilii
483 3148 512 3197 et
527 3140 609 3202 animi
626 3139 712 3205 satis;
735 3156 751 3197 a
766 3138 859 3197 nitore
876 3147 904 3196 et
919 3139 1095 3198 iucunditate
1110 3137 1151 3197 (li-

159 3223 274 3281 cerouis
292 3224 329 3282 ita
345 3222 432 3299 longe
451 3222 549 3296 abest,
571 3231 602 3281 ut
623 3223 715 3282 videri
736 3223 829 3300 possit
848 3222 969 3283 saeculo
990 3224 1081 3300 prior.
1117 3222 1152 3292 ht

158 3305 320 3364 Messala
340 3306 444 3364 nitidus
470 3316 499 3365 et
515 3306 651 3366 candidus
674 3315 703 3364 et
718 3305 926 3383 quodammodo
943 3306 1113 3384 praeferens
1127 3307 1152 3363 in

101 3388 282 3448 llldicendo
299 3388 474 3448 nobilitatem
491 3408 585 3464 suam,
607 3390 715 3448 viribus
731 3391 831 3449 minor.
853 3368 901 3480 lG.
923 3407 995 3449 vero
1020 3392 1153 3451 Caesar

160 3477 186 3535 si
200 3472 265 3533 foro
278 3481 383 3532 tantum
393 3483 537 3548 vacasset,
555 3490 612 3534 non
623 3474 696 3534 alius
709 3492 745 3535 ex
757 3475 862 3535 nostris
875 3483 974 3534 contra
987 3471 1152 3535 Ciceronem
