2434 3925
329 212 419 262 nrsn.
435 211 584 262 oneror.
601 212 671 260 nra.
689 211 745 279 rv,
758 208 785 260 a.
1004 197 1063 261 175

71 365 151 443 outo
165 360 259 444 ergo?
274 365 375 428 eudem
386 363 586 446 exponemus?
606 367 638 426 Si
653 366 690 426 de
707 365 844 444 qualitate
859 364 964 444 agitur,
981 365 1063 426 cuins

69 461 133 512 tum
147 451 259 510 demum
274 453 405 529 quaestio
420 460 476 526 est,
495 469 558 511 curn
573 450 611 509 de
625 468 658 509 rc
674 458 803 525 constat,
820 449 922 509 cadesa
936 448 989 509 seo
1005 465 1064 510 non

72 534 178 596 eodem
196 534 296 604 morl03
317 534 389 594 alias
411 552 528 611 causas,
553 534 637 595 aliam
660 542 798 608 mentem,
819 533 903 593 aliam
923 535 1063 594 rationem

71 618 159 679 dabo.
194 617 299 677 Verbis
314 618 432 678 elevare
448 618 586 696 quaedam
606 617 719 682 licebit:
742 617 852 676 luxuria
869 617 1060 694 liberalitatis,
1070 617 1105 678 77

71 702 192 762 avaritia
210 703 417 780 parsimoniae,
437 702 615 779 negligentia
635 701 824 779 simplicitatis
843 703 956 761 nomine
972 702 1062 761 lenie-

72 793 130 845 tur.
166 785 255 844 Vultu
277 784 416 864 denique,
438 802 531 861 uoce,
559 784 655 846 habitu
679 785 727 845 vel
752 786 861 845 lusoris
887 785 993 862 aliquid
1013 785 1063 846 vel

70 869 264 928 miserationis
285 868 429 929 merebor.
466 869 549 929 Solet
570 886 770 947 nonnunquam
790 885 908 928 mouere
927 868 1062 928 lacrimas

71 953 137 1029 ipsa
152 952 309 1011 confessio.
339 953 436 1030 Atque
452 969 509 1029 ego
529 952 654 1012 libenter
669 955 861 1028 interrogem,
877 954 933 1012 sint
947 953 997 1012 illa
1012 954 1062 1014 de·

72 1035 199 1110 sensuri,
222 1053 296 1113 quae
317 1053 374 1096 non
393 1038 590 1112 narraverint,
611 1034 725 1096 necne?
758 1036 830 1095 Nam
850 1038 875 1095 si
895 1054 990 1113 neque
1011 1036 1104 1097 tle-78

72 1118 216 1179 tenuerint
237 1137 331 1198 neque
353 1122 546 1195 narraverint,
567 1129 627 1180 tota
643 1137 729 1180 causa
744 1121 897 1198 prodetur;
920 1129 949 1180 at
966 1122 991 1179 si
1011 1121 1061 1180 tle·

72 1202 182 1262 iensuri
196 1212 274 1264 sunt:
291 1220 456 1282 proponere
473 1212 553 1263 certe
568 1204 738 1283 plerumque
753 1204 798 1279 id,
821 1203 898 1281 quod
913 1205 1060 1264 conflrma-

71 1287 129 1347 turi
155 1304 267 1363 sumus,
293 1296 419 1365 oportet.
462 1285 520 1347 Cur
545 1305 696 1364 ergonon
719 1305 911 1367 exponamus,
934 1289 1062 1367 quadan

71 1369 141 1430 (lilui
160 1379 277 1448 potest,
299 1380 345 1447 et,
367 1369 478 1447 utsboc
496 1373 659 1448 contingat,
680 1374 778 1450 utique
795 1372 973 1432 indicandum
995 1368 1061 1432 est?

71 1452 131 1512 Aut
158 1454 224 1531 quid
249 1456 324 1513 inter
347 1454 548 1532 probationem
572 1463 602 1514 et
626 1458 817 1516 narrationem
841 1458 978 1530 interest,
1007 1457 1104 1522 nisits

72 1537 150 1614 quod
174 1540 299 1598 narratio
322 1547 367 1598 est
389 1539 567 1618 probationis
594 1542 727 1600 continua
752 1542 933 1618 propositio,
962 1558 1061 1599 rursus

70 1620 205 1699 probatio
220 1623 374 1682 narrationi
391 1640 554 1699 congruens
576 1620 774 1682 confirmatio?
806 1623 961 1684 Videamus
977 1641 1060 1701 ergo,

70 1721 137 1763 num
158 1703 234 1764 baec
256 1708 400 1784 expositio
424 1706 539 1783 longior
559 1706 671 1765 demum
694 1706 800 1767 debeat
821 1725 906 1781 esse,
928 1716 958 1766 et
973 1707 1061 1785 paulo

69 1788 225 1849 verbosior
236 1791 456 1868 praeparatione
472 1799 501 1849 et
513 1789 681 1867 quibusdam
695 1792 878 1866 argumentis,
895 1791 1061 1867 (argumem

71 1874 109 1932 tis
124 1874 205 1948 dico,
226 1891 284 1932 non
304 1874 583 1952 argumentatione),
607 1874 652 1932 cui
668 1882 763 1932 tamen
781 1874 932 1951 plurimum
948 1875 1062 1934 confert

69 1956 209 2035 frequens
234 1957 401 2020 allirmatio:
432 1955 604 2041 Effecturos
626 1976 699 2033 nos,
727 1959 808 2036 quod
829 1958 976 2027 (sicimam
1001 1977 1062 2020 noa

67 2058 159 2121 posse
173 2043 233 2102 cim
251 2043 355 2104 cerain
375 2044 494 2104 ostendi
509 2044 612 2121 primu
631 2044 835 2121 expositionis:
855 2050 1015 2121 ccpectent
1032 2050 1062 2103 ct

68 2127 227 2203 optatam
245 2142 321 2187 auos
339 2126 483 2208 differunt
503 2135 532 2187 ct
552 2126 628 2188 tene
646 2134 778 2204 merent.
814 2124 946 2204 Denique
961 2125 1104 2202 utiqueto

69 2208 239 2269 narrantium
254 2218 314 2285 est,
335 2210 470 2288 quidquid
492 2210 591 2284 aliter,
613 2226 697 2287 quam
717 2210 898 2269 adversarius
914 2211 1060 2288 exposuit,

69 2295 181 2352 narrari
196 2301 306 2371 potest;
326 2303 375 2353 aut
389 2297 474 2354 etium
486 2295 635 2372 prooemia
650 2302 714 2352 sunt
733 2295 762 2353 in
776 2293 821 2353 his
842 2296 937 2354 causis
958 2312 1060 2373 super·

68 2393 179 2450 vacua,
202 2393 276 2454 quae
300 2377 367 2454 quid
388 2378 479 2454 magis
499 2386 602 2455 agunt,
627 2386 763 2455 quarunt
785 2379 942 2454 cognitioni
964 2396 1061 2438 rerum

67 2460 358 2519 accommodatiorem
380 2462 503 2521 iudicem
523 2458 651 2521 iaciant?
688 2461 785 2540 Atque
809 2461 968 2538 constabit,
993 2481 1060 2521 nus·

69 2556 154 2622 qnam
176 2561 243 2602 esse
266 2561 365 2603 eorum
384 2548 521 2605 maiorem
542 2563 638 2619 usum,
658 2562 742 2621 quarn
763 2545 810 2605 ubi
828 2548 936 2606 animus
957 2546 1060 2607 iudicis

67 2625 105 2685 ab
128 2626 224 2706 aliqua
248 2636 348 2688 contra
367 2646 421 2688 nos
440 2630 524 2687 insita
545 2630 681 2705 opinione
704 2628 863 2689 llcctentlns
888 2637 943 2689 est.
984 2628 1102 2689 Gon-81

67 2711 225 2770 iecturales
239 2721 336 2771 nutem
352 2729 473 2787 causae,
495 2711 644 2789 inquibus
666 2712 703 2771 de
722 2713 800 2772 iacto
817 2716 981 2792 quaeritur,
1003 2730 1061 2772 non

66 2801 124 2853 tam
143 2812 233 2872 saepe
248 2797 307 2871 rei,
326 2796 362 2855 de
378 2809 433 2873 qua
448 2795 582 2854 iudicium
596 2803 657 2869 est,
680 2813 763 2874 quarn
778 2815 895 2873 eorum,
918 2816 972 2877 per
985 2814 1060 2875 quac

65 2893 116 2935 res
131 2878 295 2955 colligenda
316 2889 376 2955 est,
397 2880 609 2956 expositionem
629 2878 745 2940 babent.
778 2880 875 2957 Quae,
895 2900 958 2941 cum
974 2898 1059 2940 accu-

64 2969 148 3020 sator
174 2964 338 3040 suspiciose
360 2963 475 3035 namet,
504 2980 572 3022 reus
600 2964 699 3023 levare
725 2967 919 3041 suspicionem
942 2964 1059 3040 debeat,

66 3043 154 3104 aliter
168 3045 203 3105 ab
219 3045 276 3107 hoc
291 3056 378 3126 atque
393 3046 430 3106 ab
445 3046 497 3106 illo
512 3046 548 3106 utl
569 3047 693 3107 iudicem
713 3048 836 3126 perferri
858 3057 985 3126 oportet.
1020 3048 1101 3108 Atssb

66 3128 143 3187 enim
159 3130 300 3207 quaedam
315 3139 482 3208 argumenta
499 3129 581 3190 turba
595 3132 709 3206 valent,
728 3131 842 3192 diducta
857 3132 967 3192 leuiora
982 3140 1058 3192 snut.

64 3208 98 3271 lo
114 3213 228 3289 quidem
242 3232 300 3274 non
315 3232 352 3275 eo
368 3215 510 3294 pertinet,
527 3223 560 3274 ut
574 3223 745 3293 quaeratur,
765 3232 800 3274 an
820 3215 990 3276 narrandum
1006 3217 1059 3278 sed

66 3298 212 3373 quomodo
225 3298 395 3359 nmrundum
411 3295 470 3358 sit‘l
495 3296 567 3357 llam
580 3307 611 3358 et
627 3315 790 3375 congerere
805 3300 926 3378 plurima
942 3301 1059 3379 exposi-

64 3379 145 3438 tione
167 3383 231 3459 quis
249 3382 403 3459 probibet,
424 3383 448 3441 si
469 3381 589 3442 inutile
612 3391 658 3442 est
679 3399 802 3459 causae,
820 3392 851 3443 ct
871 3387 1057 3462 promittere:

64 3463 119 3524 satl
134 3474 173 3525 et
185 3465 316 3525 uincere
331 3468 522 3527 monimen
541 3475 572 3526 st
593 3465 781 3546 probationes
799 3467 977 3545 subiungere
993 3483 1058 3546 par·
1134 3519 1138 3525 .
