2434 3925
123 206 165 270 60
438 220 475 267 ιι.
490 219 570 266 ιιι.
588 218 809 277 autumnum

123 374 244 436 minibus
262 375 319 435 illis
333 374 502 451 frequenter
518 370 675 433 inseritur?
704 372 770 432 Non
790 390 955 433 commones
970 374 1085 448 loci,
1060 393 1127 435 srve

125 462 172 539 qui
194 468 260 518 sunt
281 460 398 518 invitia
421 459 541 531 directi,
566 458 668 535 quales
692 457 816 534 legimus
838 476 855 516 a
878 455 1021 517 Cicerone
1045 475 1127 518 com·

97 537 252 623 '‘positos;
275 531 328 602 se'u
344 541 446 620 quibus
465 543 654 620 quaestiones
669 542 847 618 generaliter
865 550 1033 616 tractantur,
1054 561 1127 621 qua·

124 630 169 689 les
191 635 256 687 sunt
273 627 342 687 editi
359 645 376 686 a
396 624 501 699 Quinto
525 642 642 704 quoque
660 626 831 685 Hortensio:
855 635 896 701 ut,
916 624 1002 688 Sitne
1013 630 1128 724 portia

124 714 310 790 argumentis
324 711 528 784 credendum,
551 718 581 769 et
592 729 653 788 pro
669 712 880 771 restituerat
896 719 1000 785 testea,
1017 712 1045 769 in
1064 730 1125 770 me-

84 797 178 857 radiis
203 795 293 855 litium
315 793 449 855 medullis
470 789 648 854 versantur?
691 792 778 853 Arma
800 804 865 853 sunt
887 793 961 854 haec
985 794 1123 872 quodam-

123 880 208 940 modo
231 878 429 958 praeparanda
452 894 584 956 semper,
608 886 638 935 ut
656 877 707 952 iis,
732 896 797 937 cum
818 897 866 938 res
883 888 999 956 poscet,
1022 880 1122 938 utaris.

124 964 206 1039 Quae
225 965 273 1042 qui
291 964 438 1042 pertinere
456 961 492 1021 ad
510 964 671 1022 orationem
689 979 746 1021 non
761 961 888 1039 putabit,
912 965 936 1021 is
951 981 988 1021 ne
1001 972 1124 1022 statuam

125 1049 240 1126 quidem
263 1048 392 1107 inchoari
411 1045 528 1121 credet,
552 1063 616 1104 oum
635 1047 697 1103 eius
716 1044 843 1105 membra
859 1045 1023 1106 fundentur.
1064 1045 1124 1105 Ne·

124 1150 181 1211 que
198 1132 271 1192 lranc
289 1132 336 1210 (ut
355 1130 443 1209 aliqui
463 1129 618 1208 putabunt)
635 1129 848 1190 festinationem
871 1149 963 1190 meam
983 1132 1026 1189 sic
1044 1132 1124 1207 quis·

125 1235 209 1295 quam
229 1215 426 1289 calumnietur,
445 1222 579 1291 tanquam
596 1231 677 1288 eum,
702 1215 750 1292 qui
773 1216 809 1272 sit
827 1215 937 1274 rhetori
955 1213 1123 1288 tradendus,

83 1299 322 1360 lbabducendum
341 1300 471 1377 protinus
494 1295 722 1357 aGrammaticis
737 1306 844 1376 putem
876 1298 1025 1358 Dabuntur
1039 1306 1069 1356 et
1088 1298 1123 1357 il·

124 1385 160 1444 lis
186 1392 245 1443 tum
268 1400 385 1467 quoque
406 1391 538 1458 tempora
560 1400 622 1456 sua,
641 1400 737 1460 neque
756 1384 810 1441 erit
831 1382 998 1456 uerendum,
1020 1400 1056 1440 ne
1079 1382 1123 1440 bi-

123 1469 167 1528 nis
188 1462 429 1546 praeceptoribus
452 1474 588 1525 oneretur
609 1484 692 1543 puer.
736 1465 801 1525 Non
829 1469 903 1526 enim
932 1475 1047 1526 crescet
1070 1466 1124 1526 sed

125 1552 282 1626 dividetur,
306 1552 354 1629 qui
376 1550 428 1609 sub
451 1565 508 1608 uno
530 1549 716 1625 miscebatur,
741 1550 835 1626 labor,
858 1560 887 1611 et
910 1552 965 1609 erit
986 1550 1029 1608 sui
1044 1551 1123 1627 quis·

126 1653 182 1714 que
205 1636 304 1713 operis
320 1635 457 1711 magister
473 1633 584 1699 utilior:
610 1634 687 1711 quod
705 1634 798 1694 adhuc
820 1635 950 1695 obtinent
970 1634 1124 1708 Graeci,a

124 1719 230 1780 Latinis
252 1720 388 1778 omissum
411 1727 473 1793 est,
502 1725 532 1776 et
554 1717 617 1776 lieri
638 1719 752 1778 videtur
773 1730 928 1795 excusate,
958 1720 1023 1797 quia
1045 1727 1123 1791 sunt,

125 1806 172 1882 qui
196 1803 287 1864 labori
309 1803 357 1862 isti
377 1803 582 1863 successerint.

282 1958 325 2009 DE
339 1955 481 2009 MORIBUS
497 1956 539 2006 ET
556 1954 691 2007 crotous
709 1955 961 2008 PRAECEPTORIS.

206 2054 241 2115 ll.
272 2054 353 2132 Ergo
377 2074 441 2114 cum
461 2054 565 2115 adeas
588 2055 617 2112 in
638 2052 739 2112 studiis
755 2055 833 2114 vires
854 2055 1020 2132 pervenerit
1036 2072 1122 2131 puer,

123 2147 170 2214 ut,
198 2156 272 2216 quae
300 2141 390 2217 prima
412 2157 479 2198 esse
508 2146 668 2217 praecepta
689 2138 837 2197 rhetorum
857 2138 995 2212 diximus,
1025 2147 1124 2196 mente

124 2224 263 2300 consequi
281 2224 384 2300 possit,
402 2222 556 2283 tradendus
577 2222 639 2281 eius
660 2223 729 2280 artis
750 2223 895 2299 magistris
913 2224 981 2290 erit;
1001 2238 1123 2301 quorum
1161 2262 1164 2277 .

95 2306 152 2372 sin
165 2306 263 2384 primis
288 2306 390 2384 inspici
413 2323 534 2366 mores
557 2304 714 2383 oportebit.
751 2302 836 2378 Quod
859 2323 915 2383 ego
931 2322 988 2365 non
1005 2305 1121 2377 ‚idcirco

124 2391 302 2468 potissimum
324 2392 353 2448 in
374 2389 430 2449 bac
452 2400 534 2467 parte
557 2399 682 2449 tractare
704 2408 766 2448 sum
782 2408 950 2466 aggressus,
975 2391 1040 2467 quia
1062 2406 1122 2447 non

123 2475 151 2532 in
173 2474 280 2533 ceteris
304 2490 421 2552 quoque
441 2473 611 2534 doctoribus
630 2474 705 2532 idem
725 2473 782 2533 boc
806 2474 1021 2534 examinandum
1036 2491 1121 2551 quam

123 2557 342 2633 diligentissime
364 2567 479 2635 putem,
507 2560 583 2618 sicut
603 2565 727 2616 testatus
749 2575 812 2617 sum
834 2557 907 2617 libro
931 2559 1043 2636 priore;
1067 2556 1121 2616 sed

124 2641 200 2719 quod
215 2643 306 2718 magis
321 2643 516 2702 necessariam
537 2643 598 2701 eius
621 2642 664 2700 rei
685 2642 858 2701 mentionem
875 2643 945 2702 facit
960 2651 1040 2702 aetas
1056 2642 1121 2719 ipsa

95 2726 301 2790 adiscentium.
345 2724 418 2785 Nam
438 2734 468 2786 et
492 2726 580 2787 adulti
595 2726 659 2784 fere
681 2727 764 2802 pueri
787 2726 822 2786 ad
840 2727 894 2785 bos
909 2734 1121 2804 praeceptores

124 2811 331 2869 transferuntur
353 2819 382 2869 et
405 2810 479 2887 apud
507 2828 558 2870 eos
580 2810 699 2868 iuvenes
722 2811 808 2868 etiarn
829 2811 898 2870 iacti
913 2818 1120 2888 perseverant;

122 2894 247 2971 ideoque
265 2895 356 2954 maior
373 2893 532 2954 adhibenda
548 2903 606 2953 tum
623 2911 690 2952 cura
707 2902 768 2968 est,
791 2903 821 2953 ut
842 2904 871 2954 et
892 2895 1054 2953 teneriores
1072 2912 1119 2952 an·

123 2995 176 3036 nos
198 2977 233 3036 ab
263 2980 363 3038 iniuria
384 2980 521 3037 sanctitas
543 2979 675 3038 docentis
698 2978 842 3038 custodiat
870 2988 899 3038 et
918 2978 1082 3037 ferociores
1096 2994 1121 3043 va

94 3062 239 3124 tlicentia
255 3063 381 3138 gravitas
394 3062 549 3123 deterreat.
580 3060 683 3139 Neque
694 3078 765 3120 vero
776 3071 821 3122 sat
832 3072 877 3122 est
888 3080 1023 3121 summam
1035 3078 1120 3139 prae·

123 3154 201 3205 stare
218 3145 432 3220 abstinentiam,
456 3148 510 3205 nisi
528 3145 698 3223 discipliuae
715 3148 872 3207 severitate
891 3145 1119 3207 convenientium

122 3245 239 3309 quoque
255 3229 289 3289 ad
305 3248 337 3288 se
354 3247 450 3288 mores
467 3231 640 3290 astrinxerit.
717 3293 719 3296 Α

206 3314 304 3373 Sumat
324 3315 411 3390 igitur
431 3324 496 3373 aute
517 3314 611 3374 omnia
635 3315 762 3390 parentis
787 3334 856 3392 erga
876 3293 1035 3392 discipulos
1050 3329 1120 3371 suos
1193 3370 1195 3375 ι

124 3398 261 3471 animum,
279 3416 313 3456 ac
328 3398 489 3459 succedere
504 3417 537 3457 se
554 3400 583 3457 in
599 3397 698 3455 ebrum
714 3397 826 3473 locum,
853 3417 876 3460 a
889 3398 991 3476 quibus
1015 3396 1069 3456 sibi
1086 3397 1119 3455 li-

95 3481 186 3543 obern
198 3481 360 3557 tradantur,
384 3482 560 3542 existimet.
576 3481 644 3559 lpse
668 3498 723 3539 nec
743 3481 848 3545 babeat
868 3484 935 3543 uitia
957 3500 1012 3542 nec
1033 3481 1119 3540 ferat.
