2434 3925
367 192 458 242 rusm-
479 192 628 243 onaron.
649 192 833 258 nrn.v11,1.
1080 181 1098 239 5

101 351 252 415 cannuca·
264 358 335 411 tuoe
348 368 409 410 non
420 348 562 428 paruerit
566 369 580 416 ,·
594 355 628 408 nt
637 349 669 409 in
683 347 751 409 utic
765 347 1029 411 onniosnbiectus
1043 349 1099 410 rit:

102 456 165 498 non
176 442 304 514 propter
323 436 470 511 optionem
476 454 490 500 ,·
512 438 546 493 nt
562 440 691 510 propter
709 434 875 509 optionem:
901 453 961 495 non
975 440 1101 511 propter

103 521 197 583 ratem
225 519 384 596 optionem.
434 515 515 575 llaec
539 515 608 573 iuris
635 517 833 593 quaestionum
858 518 1017 577 differentia
1044 525 1098 575 est.

104 602 237 663 Infantis
255 609 348 661 autem
369 599 404 659 ad
418 599 495 659 idem
516 598 661 658 tendentia
678 608 743 657 sunt
757 599 857 676 plura,
880 619 917 659 ex
933 600 1034 678 quibus
1050 599 1142 662 ali-as

106 705 163 765 qua
179 687 250 745 citra
265 702 400 744 summam
415 684 613 761 quaestionem
628 683 732 742 remitti
747 683 857 752 solent;
879 692 926 758 ut,
945 686 969 742 si
980 686 1020 758 is,
1037 702 1101 743 cum

106 786 164 849 quo
178 770 246 828 furti
257 770 359 844 agitur,
376 767 467 825 dicat:
483 765 584 827 Probo
595 775 625 827 te
635 766 788 843 debuisse,
800 768 902 845 probo
913 768 1100 846 perdidisse,

104 854 205 933 prodo
222 854 305 932 furto
319 851 510 930 perdidisse,
528 851 629 929 proba
649 869 717 911 meo
739 847 863 929 fraude.
906 851 1004 911 Priora
1027 853 1101 910 enim

106 938 213 996 remitti
228 944 362 1014 possunt;
383 934 509 993 ultimum
522 949 579 991 non
595 941 703 1010 potest.

191 1019 328 1080 Solebam
343 1028 372 1077 et
386 1018 443 1077 hoc
456 1017 556 1076 iacere
571 1019 745 1096 praecipue,
761 1027 791 1077 ut
805 1019 855 1078 vel
870 1018 905 1078 ab
921 1018 1019 1078 ultima
1034 1022 1143 1095 spe-23

108 1102 155 1163 cie
183 1103 262 1180 (nam
288 1121 322 1161 ea
348 1102 411 1160 fere
438 1109 498 1176 est,
525 1118 600 1179 quae
630 1103 757 1160 continet
783 1104 916 1182 causam)
943 1112 1101 1161 retrorsum

107 1204 278 1265 quaererem
297 1203 389 1263 usque
404 1185 439 1245 ad
454 1186 572 1263 primam
592 1185 759 1260 generalem
775 1189 989 1263 quaestionem,
1015 1186 1064 1245 vel
1085 1204 1102 1246 a
1203 1247 1206 1252 ,

104 1287 217 1347 genere
244 1271 279 1330 ad
310 1277 464 1328 extremam
490 1269 619 1345 speciem
641 1269 866 1346 descenderem,
887 1272 971 1330 etiam
991 1272 1020 1329 in
1037 1287 1100 1329 sua·

105 1355 203 1413 soriis.
246 1354 283 1413 Ut
299 1352 439 1412 deliberat
454 1350 561 1427 Numa,
581 1371 623 1413 un
637 1372 764 1431 repnnrn
778 1353 972 1436 offerentibus
990 1353 1094 1415 Rontc-
1108 1356 1144 1408 24

104 1438 157 1498 nis
178 1439 318 1516 recipiat.
361 1436 483 1496 Primum
504 1436 532 1495 id
553 1445 599 1494 est
622 1454 730 1513 genus,
755 1433 804 1497 An
825 1438 1038 1516 reqnondum?
1060 1454 1102 1514 on

105 1521 141 1581 in
158 1523 281 1583 civitate
297 1522 420 1582 alieno?
442 1539 484 1580 nn
500 1519 635 1581 nomme
655 1539 697 1581 on
717 1522 813 1582 loturi
827 1524 888 1583 sint
904 1521 1034 1583 Romani
1055 1534 1102 1581 ta-

105 1605 166 1666 lem
181 1607 307 1683 repens?
340 1604 477 1664 Similiter
492 1605 520 1661 in
536 1605 752 1668 controversiis.
797 1603 884 1684 Optet
900 1606 974 1665 enim
985 1608 1029 1664 vir
1043 1606 1102 1668 for·

105 1689 144 1748 tis
160 1689 282 1748 alienam
296 1705 425 1747 uxorem.
468 1686 572 1747 Ultima
596 1690 712 1765 species
730 1696 789 1764 est,
814 1686 862 1748 An
880 1697 989 1767 optare
1005 1691 1104 1766 possit

105 1774 241 1834 alienun
251 1774 401 1844 notorem?
436 1770 578 1832 Generale
593 1778 657 1847 est,
674 1768 724 1831 An
739 1773 889 1848 qnidqnid
902 1774 1031 1850 optarit,
1047 1791 1102 1832 ac-

105 1859 212 1936 cipere
243 1856 372 1917 debeat?
412 1854 498 1929 lnde,
526 1852 574 1914 An
596 1872 638 1915 en
659 1856 804 1933 privato?
825 1874 867 1916 un
886 1856 1033 1933 nuptias?
1060 1872 1102 1915 on

104 1942 250 2003 maritum
264 1941 424 2002 tabentis?
446 1938 504 1999 Sed
516 1938 574 1998 hoc
587 1954 661 2014 non,
679 1938 914 2016 quemadmodum
931 1939 1048 2014 dieitur,
1064 1940 1143 2001 itaut

106 2034 137 2085 et
153 2026 307 2102 quaeritur.
345 2024 466 2084 Primum
488 2025 562 2082 eninr
578 2025 705 2082 occurrit
724 2023 803 2099 iere,
825 2023 902 2101 quod
917 2031 962 2081 est
976 2023 1102 2082 ultimum

106 2109 270 2184 dicendum,
284 2116 315 2167 ut
328 2109 395 2182 boc,
412 2105 479 2167 Non
494 2107 587 2168 debes
600 2107 732 2168 atnam
745 2125 872 2168 neorern
881 2115 996 2185 optare.
1017 2104 1101 2165 ldeo·

107 2210 166 2270 que
181 2192 351 2251 divisionem
366 2191 460 2269 perdit
474 2190 630 2250 festinatio.
662 2188 728 2248 Non
743 2199 859 2269 oportet
876 2193 962 2267 igitur
978 2190 1101 2249 offeren-

105 2275 183 2335 tibus
206 2294 238 2334 se
260 2284 424 2334 contentum
450 2292 532 2341 esse;
560 2282 715 2352 quaeratur
736 2275 843 2352 aliquid
861 2277 946 2334 etiam
967 2274 1058 2348 ultra,
1075 2275 1104 2333 ei

104 2379 145 2420 ne
158 2359 285 2420 cidnum
306 2360 449 2436 quidem?
472 2358 566 2418 adhuc
578 2358 661 2435 plus,
678 2359 706 2418 si
725 2359 801 2419 nibil
814 2377 854 2419 en
869 2359 1012 2438 privato?
1037 2357 1101 2416 ulti·

105 2460 182 2501 mum
190 2452 365 2518 retrorsum,
384 2442 460 2519 quod
475 2441 549 2501 idem
565 2458 581 2500 a
597 2441 692 2519 capite
706 2444 826 2520 primum
841 2452 902 2517 est,
919 2445 947 2503 si
957 2441 1033 2502 nibil
1044 2442 1102 2501 ini-

107 2528 223 2604 qnnm?
265 2524 365 2603 ltaque
377 2527 578 2603 propositione
594 2525 673 2600 visa,
697 2526 774 2603 quod
790 2535 836 2585 est
850 2525 1030 2600 facillimum,
1054 2536 1143 2589 coto

107 2610 247 2687 gitemus,
265 2610 290 2667 si
299 2609 362 2668 beri
377 2617 489 2686 potest,
506 2607 573 2686 quid
589 2609 719 2668 naturale
734 2611 771 2669 sit
785 2611 905 2688 primum
920 2608 1100 2686 responderi.

106 2692 139 2753 ld
156 2695 198 2768 si,
220 2702 352 2770 tanquam
372 2704 420 2751 res
439 2700 540 2767 agatur
555 2700 585 2750 et
598 2692 681 2751 nobis
699 2694 771 2771 ipsis
790 2693 985 2771 respondendi
999 2708 1101 2750 neces·

107 2779 177 2835 sitas
200 2779 252 2852 sit,
273 2777 377 2835 intueri
399 2775 548 2849 volumus,
575 2778 711 2834 occurrit.
751 2778 781 2836 Si
803 2777 831 2835 id
858 2776 1143 2850 nosocomorum

106 2877 280 2937 seponamus
301 2859 346 2934 id,
373 2858 450 2937 quod
470 2861 589 2937 primum
609 2877 643 2917 se
660 2859 811 2934 obtulerit,
834 2867 863 2918 et
878 2860 934 2936 ipsi
953 2857 1102 2917 nobiscum

107 2944 152 3002 sic
166 2943 328 3021 loquamur:
349 2942 424 3015 Quid
439 2943 464 3000 si
481 2941 538 3001 hoe
552 2958 609 3000 non
621 2939 722 3001 esset?
741 2944 769 3003 id
785 2945 887 3001 iterum
903 2950 932 3000 et
947 2944 1062 3001 tertium
1073 2950 1103 3000 et

107 3027 174 3087 dum
189 3026 258 3085 nihil
281 3029 317 3085 sit
337 3026 451 3104 reliqui.
492 3024 594 3103 ltaque
613 3027 750 3085 iuferiora
769 3041 886 3104 quoque
901 3025 1100 3100 scrutabimur,

107 3127 182 3188 quae
203 3118 325 3170 tractata
345 3109 505 3169 faciliorem
520 3108 603 3168 nobis
619 3109 741 3169 iudicem
762 3110 790 3167 in
807 3127 914 3168 summa
932 3111 1102 3187 quaestione

68 3244 72 3259 ,
107 3195 224 3253 facient.
267 3191 333 3252 Non
355 3193 493 3252 dissimile
516 3193 582 3252 lruie
605 3201 651 3251 est
671 3200 701 3252 et
722 3192 791 3252 illud
812 3203 1016 3271 praeceptum,
1038 3202 1068 3252 ut
1085 3203 1143 3257 a28

107 3276 302 3337 communibus
318 3277 353 3337 ad
368 3278 486 3355 propria
497 3277 667 3355 ueniamus..
691 3274 768 3335 Fere
784 3277 859 3335 enim
875 3279 1032 3337 communia
1049 3295 1100 3352 ge·

106 3360 218 3419 neralia
240 3369 314 3419 sunt.
349 3357 519 3434 Commune,
544 3359 717 3438 Tyrannum
736 3360 866 3429 oceidit·
889 3363 1035 3439 proprium
1059 3369 1100 3418 ta-

106 3462 187 3520 men,
207 3442 381 3523 Tyrannum
395 3444 525 3511 ocoidit,·
539 3444 649 3505 mulier
661 3443 790 3520 occidit,
805 3463 884 3507 neor
898 3445 1019 3506 occidit.
