2434 3925
138 201 201 264 252
451 213 814 274 u.sue.onmu1u1uu1
1210 189 1213 297 l

60 402 64 417 ι
139 369 305 447 adversario
327 368 637 443 iudicem,·oonoitare
660 368 783 427 aoecuus
809 377 840 428 ct
865 385 1050 448 componere.
1100 368 1145 431 Et

138 454 336 514 brevissimum
355 453 467 531 quidem
484 451 541 512 hoc
560 462 748 531 praeceptum
765 451 825 512 dari
847 455 960 532 utrique
976 454 1050 532 parti
1068 463 1143 533 pot·

139 546 204 613 cst,
227 547 258 596 ut
277 546 353 597 totas
370 555 476 596 causae
489 539 567 596 vires
586 545 685 596 orator
706 546 795 614 ponat
809 546 875 596 ante
890 538 1007 605 oculos;
1025 547 1143 598 etcum

136 621 259 696 viderit,
292 620 359 699 quid
382 620 565 695 invidiosum,
595 619 772 693 favorabile,
798 622 933 688 invisum,
965 622 1141 682 miserabile

138 715 186 765 aut
198 707 236 765 sit
250 707 277 763 iu
294 704 381 763 rebus
396 714 444 763 aut
458 704 550 763 videri
566 707 674 782 possit:
698 722 732 763 ea
751 703 843 780 dicat,
860 704 979 783 quibus,
1003 707 1027 763 si
1044 706 1142 765 iudex

96 795 233 864 laesset,
263 790 326 868 ipse
350 789 471 848 maxime
499 797 675 871 moveretur.
720 788 779 848 Sed
809 790 915 848 certius
938 799 983 849 est
1008 791 1052 849 ire
1079 807 1142 868 per

137 872 260 951 singula.
389 946 394 953 ,

220 955 257 1015 Ει
277 974 352 1035 quae
378 955 534 1016 concilient
559 954 674 1033 quidem
695 964 967 1032 accusatorem,
989 958 1018 1015 in
1046 975 1138 1035 prae-

137 1041 231 1118 ceptis
261 1041 373 1100 exordii
398 1042 452 1100 iam
475 1040 605 1099 diximus.
652 1039 799 1112 Quaedam
825 1049 936 1116 tamen,
965 1057 1039 1119 quae
1071 1041 1139 1105 illic

136 1124 292 1184 ostendere
312 1133 357 1183 sat
379 1133 439 1199 est,
462 1124 490 1182 ln
514 1123 700 1201 peroratione
724 1122 868 1201 implenda
892 1134 957 1183 sunt
975 1125 1089 1202 magis,
1110 1127 1138 1185 si

137 1200 236 1267 contra
261 1210 463 1286 impotentem,
497 1208 633 1280 invisum,
662 1208 856 1283 perniciosum
884 1217 1021 1287 suscepta
1044 1227 1152 1270 causa-

63 1348 66 1357 ,
137 1301 196 1359 est;
221 1291 409 1369 siiudicibus
430 1293 500 1367 ipsis
521 1299 569 1351 aut
589 1291 704 1366 gloriae
727 1291 867 1350 damnatio
889 1294 932 1351 rei
956 1300 1004 1351 aut
1031 1292 1135 1352 defor-

95 1376 225 1449 13mitati
241 1375 335 1434 lutura
350 1374 504 1435 absolutio.
548 1373 621 1434 Nam
644 1376 764 1452 egregie
788 1377 817 1434 in
841 1375 983 1435 Vatinium
1009 1373 1134 1451 Calvus,

135 1457 379 1537 Factuminquit,
387 1460 530 1520 ambitum
541 1459 627 1520 scitis
638 1478 750 1534 omnes,
758 1467 787 1521 et
798 1460 855 1520 lucc
867 1478 921 1521 cos
932 1463 1014 1521 scire
1028 1479 1137 1522 omnes

134 1543 245 1605 scium.
289 1541 394 1602 Cicero
410 1544 524 1620 quidem
538 1544 566 1601 in
582 1542 705 1601 Verrem
722 1545 807 1603 etiam
822 1544 968 1603 emendari
983 1561 1074 1622 posse
1090 1545 1134 1604 in·

134 1626 249 1686 lamiam
272 1625 440 1686 iudiciorum
463 1620 597 1687 damnato
620 1643 672 1686 reo
700 1626 786 1695 dicit:
815 1627 893 1705 quod
914 1636 959 1687 est
986 1646 1071 1687 unum
1094 1647 1133 1688 ex

136 1728 222 1788 supra
250 1710 342 1770 dictis.
386 1710 479 1771 Metus
508 1712 609 1785 etiam,
635 1712 660 1768 si
689 1719 734 1769 est
762 1711 956 1786 adhibendus,
986 1716 1017 1770 ut
1042 1712 1133 1772 iaciat

134 1793 224 1870 idem,
244 1794 319 1854 hunc
334 1794 424 1869 habet
438 1796 533 1855 locum
543 1795 694 1854 fortiorem
710 1812 794 1872 quam
815 1796 844 1853 in
859 1797 1020 1874 prooemio.
1066 1795 1131 1868 Qua

92 1879 170 1938 llde
185 1897 217 1937 re
233 1878 299 1957 quid
315 1881 466 1954 sentirem,
485 1879 609 1939 eliciam
622 1878 696 1937 libro
710 1879 842 1957 exposui.
888 1876 1042 1939 concitare
1058 1896 1130 1958 quo·

112 2005 116 2012 ¹
134 1982 191 2043 que
208 1964 357 2038 invidiam,
370 1964 481 2039 odium,
497 1965 583 2040 iram,
600 1963 719 2023 liberius
731 1964 759 2022 in
775 1965 1128 2042 perorationecontingin

134 2054 254 2125 quorum
279 2047 410 2107 invIdiam
442 2049 550 2124 gratia,
583 2049 679 2107 odium
708 2047 872 2126 turpitudo,
906 2049 976 2108 iram
1005 2048 1128 2107 offensio

132 2132 218 2191 iudici
235 2132 319 2206 lacit,
342 2133 366 2190 si
390 2142 558 2207 contumax,
583 2148 740 2209 arrogans,
762 2150 882 2191 secums
904 2133 958 2207 sit,
982 2149 1056 2209 quae
1071 2149 1128 2192 non

112 2213 172 2274 ‘ex
201 2214 278 2277 lacto
306 2215 391 2275 modo
419 2216 535 2275 dictove
557 2215 655 2294 aliquo
677 2216 729 2276 scd
749 2215 847 2290 vultu,
870 2215 984 2291 habitu,
1007 2225 1127 2295 aspectu

133 2300 244 2357 moveri
260 2298 345 2358 solet.
390 2299 577 2377 Egregieque
593 2298 677 2359 nobis
693 2298 928 2359 adolescentibus
949 2300 1058 2359 dixisse
1079 2318 1125 2359 ac·

134 2391 251 2442 cusator
265 2380 427 2443 Cossutiani
445 2381 592 2461 Capitonis
614 2382 782 2458 videbatur,
805 2381 917 2443 Graece
939 2383 1053 2462 quidem
1074 2382 1125 2443 sed

92 2477 125 2529 15
135 2467 162 2525 in
178 2466 252 2525 hunc
266 2485 399 2542 sensum,
415 2464 583 2529 Erubescit
604 2465 771 2528 Caesarem
796 2468 910 2529 timere.
954 2469 1068 2528 Summa
1084 2477 1125 2527 ta-

132 2568 198 2609 men
214 2550 376 2611 concitandi
399 2551 519 2611 affectus
540 2552 705 2611 accusatori
729 2553 758 2611 in
774 2550 834 2610 lroc
855 2559 915 2627 est,
937 2560 968 2610 ut
985 2551 1030 2627 id,
1050 2551 1124 2629 quod

133 2633 256 2711 obiecit,
280 2644 327 2695 aut
347 2654 431 2714 quam
454 2636 663 2695 atrocissimum
685 2636 856 2711 autetiam,
885 2635 910 2693 si
932 2634 995 2694 lieri
1017 2641 1123 2714 potest,

134 2736 217 2796 quam
240 2721 360 2779 maxime
381 2718 547 2779 miserabile
569 2737 636 2779 esse
662 2720 803 2779 videatur.
847 2719 994 2779 Atrocitas
1020 2720 1125 2779 crescit
1202 2750 1205 2755 ·

133 2820 171 2861 ex
184 2802 244 2877 his,
262 2804 328 2881 quid
343 2804 448 2863 lactum
467 2804 520 2879 sit,
543 2822 559 2864 a
579 2820 652 2881 quo,
673 2804 701 2861 in
726 2820 828 2881 quem,
853 2820 910 2881 quo
934 2804 1044 2879 animo,
1068 2820 1122 2881 quo

133 2895 281 2964 tempore,
301 2904 358 2965 quo
377 2888 460 2963 loco,
477 2903 534 2965 quo
550 2888 651 2954 modo;
670 2901 745 2965 quac
766 2887 859 2947 omnia
879 2886 1004 2946 infinitos
1021 2896 1122 2947 tracta·

90 2979 178 3036 16tus
191 2969 307 3030 habent.
351 2971 497 3031 Pulsatum
515 2972 674 3048 querimur:
700 2971 736 3031 de
759 2990 792 3031 re
809 2971 930 3049 primum
946 2972 1009 3050 ipsa
1029 2971 1122 3031 dicen·

132 3053 214 3121 dum;
234 3063 292 3114 tum
309 3055 334 3114 si
351 3074 459 3131 senex,
481 3056 506 3114 si
529 3073 619 3133 puer,
644 3055 669 3113 si
688 3056 889 3131 magistratus,
912 3057 936 3114 si
956 3054 1080 3134 probus,
1098 3058 1121 3115 si

131 3136 206 3196 bene
228 3137 318 3197 dere
346 3140 462 3217 publica
483 3140 616 3206 meritus;
644 3140 729 3198 etiam
751 3140 776 3198 si
799 3156 956 3217 percussus
980 3140 1016 3198 sit
1037 3157 1053 3199 a
1074 3139 1121 3199 rili

131 3220 228 3298 aliquo
247 3224 471 3302 contemptoqbe
488 3223 536 3281 vel
553 3241 590 3281 ex
612 3224 757 3282 contrario
778 3240 795 3281 a
813 3230 932 3301 potente
948 3224 1062 3282 nimium
1075 3222 1120 3283 nel

132 3304 168 3365 ab
187 3322 239 3380 eo,
253 3322 312 3383 quo
327 3308 439 3366 minime
455 3307 597 3384 oportuit,
619 3315 648 3366 et
671 3308 696 3366 si
716 3307 763 3366 die
778 3307 856 3365 forte
874 3306 1006 3366 sollemni
1028 3314 1075 3367 aut
1087 3307 1119 3365 iis

131 3389 324 3468 temporibus,
345 3407 408 3449 cum
426 3389 528 3449 iudicia
552 3390 614 3470 eius
641 3390 684 3449 rei
701 3392 823 3450 maxime
839 3400 1060 3466 exercerentur,
1075 3398 1120 3451 aut

131 3475 160 3533 in
177 3473 305 3536 sollicito
327 3474 451 3535 ciuitatis
475 3482 569 3551 statu,
591 3472 660 3535 item
680 3475 709 3534 in
730 3474 861 3552 theatro,
887 3476 916 3534 in
940 3475 1066 3556 templo,
1092 3475 1118 3535 io
