2434 3925
367 241 455 291 nasu.
469 241 617 295 onsnon.
630 243 698 291 mm
710 242 750 309 11,
761 238 788 295 o.
1028 229 1068 292 73

74 397 169 458 virtus
192 396 285 458 adest.
326 394 429 476 Neque
455 399 529 458 enim
553 414 606 456 uos
629 395 769 457 tarditatis
792 406 894 458 natura
915 397 1111 474 damnositas

75 481 130 542 sed
146 481 260 542 dicendi
281 483 448 542 mutavimus
464 500 556 559 genus
575 491 604 541 et
619 481 693 540 ultra
708 481 790 541 nobis
809 500 893 561 qnam
914 483 1069 561 oportebat

74 565 261 633 indulsimns3
289 568 327 625 ita
349 582 406 625 nou
428 576 486 626 tam
509 567 625 642 ingenio
649 565 690 625 illi
710 583 764 624 uos
788 576 959 644 superarunt
984 585 1068 645 qnam

59 650 241 728 rproposito.
282 648 371 709 llulta
394 667 465 727 ergo
484 650 583 710 licebit
603 650 730 726 eligere;
755 649 808 710 sed
832 651 987 710 curandum
1003 652 1067 726 erit,

75 751 114 793 ne
137 733 191 808 iis,
214 733 316 812 quibus
338 736 478 812 permixta
499 744 579 808 sunt,
601 735 791 813 inquinentur.
829 732 975 807 Quosdam
997 745 1110 799 verotb

76 818 183 892 etiam,
207 835 279 895 quos
295 827 373 877 totos
389 819 490 878 imitari
505 827 656 897 oporteat,
680 828 709 877 et
730 818 820 878 luisse
841 836 933 896 nuper
948 827 977 878 et
993 837 1068 878 nunc

77 917 163 974 esse,
186 901 282 979 quidni
307 902 429 963 libenter
449 920 504 962 nou
528 906 614 965 modo
639 903 835 962 concesserim
857 920 956 962 verum
983 904 1068 962 etiam

76 982 296 1045 contenderim?
329 987 387 1047 Sed
403 986 431 1045 bi
447 987 495 1064 qui
511 988 584 1062 sint,
600 1004 659 1045 non
674 987 869 1064 cuiuscunque
885 996 929 1046 est
944 990 1125 1065 pronun-lb

76 1071 162 1128 tiare.
193 1068 291 1128 Tutius
308 1070 385 1130 circa
402 1071 516 1148 priores
530 1071 578 1130 vel
596 1079 724 1143 erratur,
747 1069 871 1148 ideoque
888 1070 961 1129 benc
978 1087 1067 1130 novo·

76 1171 139 1212 rum
155 1153 251 1212 distuli
267 1154 437 1229 lectionem,
452 1172 489 1213 ue
504 1155 623 1214 imitatio
640 1154 772 1213 iudicium
788 1154 983 1214 antecederet.

294 1307 338 1357 ul:
356 1307 521 1358 DIVlSlONE
537 1308 579 1358 ΕΤ
597 1306 844 1361 PARENCHIRESI.

160 1402 210 1464 vl.
247 1403 310 1465 Fuit
326 1406 410 1465 etiam
431 1408 459 1466 in
474 1407 532 1467 boc
548 1407 692 1467 diversum
709 1405 944 1485 praecipientium
959 1421 1066 1482 propo·

76 1489 178 1563 sitnm,
203 1489 280 1566 quod
300 1507 400 1549 eornm
415 1490 528 1569 quidam
546 1492 698 1566 materias,
721 1507 792 1568 quas
808 1489 957 1567 discipulis
973 1488 1008 1547 ad
1025 1487 1067 1546 di·

77 1572 200 1633 cendum
212 1573 326 1649 debant,
342 1591 399 1633 non
411 1576 537 1635 contenti
551 1575 691 1635 divisione
707 1574 833 1650 dirigere
848 1572 932 1632 latins
943 1571 1066 1631 dicendo

76 1656 346 1735 prosequebantur,
376 1676 431 1718 nec
461 1658 555 1718 solum
583 1658 800 1737 probationibus
830 1655 986 1735 implebant
1014 1654 1067 1714 sed

76 1742 163 1800 etiam
179 1740 341 1801 affectibus.
381 1741 455 1818 Alii,
479 1761 541 1802 cnm
561 1744 667 1821 primas
684 1742 769 1802 modo
794 1741 885 1801 lineas
907 1741 1093 1812 duxissentt

75 1833 146 1904 post
170 1824 412 1901 declamationes,
442 1826 509 1904 quid
538 1828 682 1885 omisisset
714 1826 855 1904 quisque,
887 1822 1065 1889 tractabant3

77 1908 217 1989 quosdam
232 1927 303 1970 vero
326 1910 408 1971 locos
424 1927 480 1971 non
501 1911 610 1971 minore
627 1928 711 1980 cura,
735 1927 818 1988 quam
840 1925 903 1968 cnm
919 1907 953 1967 ad
969 1907 1066 1967 dicen·

76 1993 144 2055 dum
166 1994 221 2072 ipsi
244 2004 412 2071 surgerent,
437 1995 620 2055 excolebant.
657 1994 735 2054 Utile
757 2003 924 2070 utrumque,
950 1999 979 2050 et
1000 1992 1066 2051 ideo

75 2085 208 2137 neutrum
223 2078 259 2137 ab
277 2079 370 2139 altero
388 2097 509 2159 separo;
535 2080 587 2139 sed
602 2080 627 2138 si
642 2079 742 2139 iacere
759 2086 865 2138 tantum
881 2077 1001 2136 alterum
1016 2092 1066 2133 ne·

76 2179 164 2222 cesse
180 2162 234 2235 sit,
258 2163 322 2240 plus
338 2164 467 2241 proderit
487 2164 701 2225 demonstrasse
721 2171 830 2221 rectam
845 2162 975 2239 protinus
993 2159 1067 2217 viam

75 2262 161 2324 quam
177 2252 318 2307 revocare
333 2247 369 2306 ab
385 2265 486 2307 errore
501 2249 556 2309 iam
573 2247 681 2326 lapsos.
713 2246 834 2307 Primum
851 2247 917 2324 quia
935 2242 1092 2304 emenda-3

74 2331 184 2390 tionem
199 2330 314 2390 nuribus
336 2331 421 2391 modo
437 2333 598 2410 accipiunt,
622 2331 790 2391 divisionem
812 2347 884 2389 vero
904 2329 939 2388 ad
956 2327 1065 2403 cogita·

75 2414 183 2472 tionem
197 2414 281 2473 etiam
294 2423 323 2473 et
333 2415 427 2474 stilum
443 2415 604 2494 perierunt;
622 2416 724 2475 deinde
740 2414 816 2493 quod
833 2413 966 2473 libentius
981 2428 1065 2489 pruc-

75 2497 232 2574 cipieutem
248 2498 364 2558 audiunt
378 2517 462 2576 quum
476 2500 746 2579 reprehendentem.
782 2499 812 2559 si
829 2499 876 2576 qui
891 2514 962 2556 vero
979 2495 1065 2574 paulo

75 2588 142 2640 sunt
155 2580 335 2659 vivaciores,
358 2584 385 2641 in
400 2583 443 2643 bis
459 2584 628 2662 praesertim
643 2583 785 2657 moribus,
804 2584 888 2642 etiam
899 2584 1065 2649 ,irascuntur

75 2665 259 2724 admonitioni
284 2674 312 2726 et
336 2667 414 2726 taciti
435 2677 604 2746 repugnant.
643 2667 746 2747 Neque
767 2668 834 2728 idco
859 2676 953 2727 tamen
973 2665 1064 2722 minus

75 2749 144 2807 uitia
160 2757 261 2826 aperte
280 2751 464 2827 coarguenda
486 2760 561 2811 sunt.
587 2751 740 2812 Habenda
763 2752 837 2810 enim
860 2752 933 2810 ratio
950 2754 1090 2808 cetero-4

75 2849 147 2907 rum,
161 2833 214 2910 qni
229 2843 404 2908 rectaesse,
421 2853 496 2913 quae
511 2846 686 2914 praeceptor
702 2853 759 2895 non
774 2834 985 2905 emendaverit,
1002 2848 1065 2891 crc-

75 2915 152 2976 dent.
183 2915 312 2996 Utraque
327 2928 422 2978 autem
437 2920 509 2979 ratio
525 2920 672 2981 miscenda
688 2929 733 2979 est
748 2921 829 2980 etita
847 2916 1012 2989 tractanda,
1034 2923 1065 2974 ut

74 3000 157 3078 ipsae
171 3018 219 3060 res
235 3001 429 3079 postulabunt.
451 3002 580 3081 Namque
596 3004 797 3082 incipientibus
810 3002 901 3063 dauda
917 3002 971 3061 erit
985 2999 1089 3060 veluto

72 3083 267 3164 prseiormata
280 3087 398 3146 materia
414 3088 569 3147 secundum
586 3089 725 3166 cuiusque
740 3088 831 3154 vires;
857 3094 887 3145 st
909 3103 972 3145 cum
993 3083 1063 3142 satis

73 3170 275 3245 composuisse
288 3187 355 3228 sese
371 3170 405 3229 ad
421 3171 583 3249 exemplum
598 3171 778 3245 uidebuntur,
797 3171 913 3249 praevia
925 3168 1064 3247 quaedam

72 3249 293 3313 demonstranda
310 3255 449 3331 vestigia,
473 3272 548 3333 quse
565 3257 712 3333 persecuti
728 3256 782 3314 iam
800 3256 859 3314 suis
876 3252 984 3312 viribus
998 3252 1061 3309 sine

72 3334 245 3395 adminiculo
266 3338 404 3415 progredi
425 3340 545 3415 possint.
581 3338 791 3418 Nonnunquam
811 3338 889 3398 credi
910 3336 964 3395 sibi
981 3337 1087 3412 ipsosd

71 3418 231 3497 oportebit,
247 3438 283 3479 ne
299 3421 372 3481 mala
388 3423 594 3483 cousuetudine
609 3441 725 3500 semper
736 3423 858 3483 alienum
874 3421 1002 3482 laborem
1017 3433 1062 3474 se-

72 3502 179 3583 quendi
196 3503 266 3563 nibil
286 3522 339 3584 per
354 3522 387 3564 se
409 3506 506 3566 conari
522 3515 551 3566 et
570 3500 714 3587 qnnerere
729 3508 829 3568 sciant.
867 3503 977 3579 Quodsi
992 3499 1069 3607 satis!
