2434 3925
70 301 85 318 ,
159 241 217 308 118
469 255 595 304 ΗΔΒ.
608 256 827 317 onmrmmnr

155 409 249 470 diator
265 407 382 469 Clodius
404 410 529 488 ideoque
549 412 612 469 iure
634 410 803 470 interiectus
824 405 992 470 ostenditur.
1031 411 1069 473 Et
1087 413 1147 475 hoc

156 501 210 568 est,
230 494 306 571 quod
321 504 386 553 ante
402 497 493 554 omnia
509 496 685 555 constituere
696 496 724 554 iu
736 496 828 554 animo
845 511 897 553 suo
913 495 1018 556 debeat
1033 508 1144 569 orator,

155 579 264 637 etiamsi
286 595 338 655 pro
364 596 450 638 causa
470 579 551 657 plura
575 580 701 638 dicturus
723 586 783 652 est,
805 579 872 656 quid
893 582 1014 639 maxime
1030 581 1145 658 liquere

154 662 240 720 iudici
261 663 341 721 velit.
379 662 462 736 Quod
483 671 593 737 tamen,
614 671 644 721 ut
664 664 783 741 primum
805 663 1003 740 cogitandum,
1025 665 1065 726 ita
1086 683 1145 726 non

153 747 252 823 utique
267 748 385 824 primum
400 746 548 807 dicendum
565 747 628 805 erit.

492 898 593 950 UNDE
611 898 803 950 nuenton.

113 995 146 1049 13
235 991 294 1052 Alii
309 1002 411 1053 statum
427 995 609 1056 crediderunt
622 996 738 1074 primam
754 997 827 1070 eius,
844 1013 907 1055 cum
923 1012 979 1072 quo
994 1005 1143 1073 ageretur,

153 1076 395 1153 deprecationem.
430 1079 520 1152 Quam
536 1081 706 1140 sententiam
720 1079 764 1138 lris
779 1079 877 1138 verbis
893 1077 997 1139 Cicero
1014 1081 1143 1158 comple·

154 1163 252 1220 ctitur:
273 1163 305 1222 in
321 1179 379 1240 qno
391 1165 522 1240 primurn
538 1165 649 1225 insistit
665 1165 755 1241 qnasi
769 1165 813 1224 od
826 1165 1059 1242 repugnandum
1073 1184 1144 1226 con·

147 1262 261 1323 ¹presso
276 1247 420 1326 defensio.
451 1247 532 1307 Unde
548 1266 647 1307 rursus
662 1247 717 1307 alia
733 1249 880 1325 quaestio,
897 1266 932 1307 an
948 1266 1012 1307 eum
1027 1267 1146 1326 semper

151 1330 177 1387 is
198 1327 300 1403 iaciat,
322 1333 370 1408 qui
390 1333 557 1410 respondet.
595 1330 648 1391 Cui
668 1333 710 1390 rei
733 1334 889 1410 praecipue
912 1340 1055 1410 repugnat
1070 1331 1143 1392 Gor·

152 1412 246 1474 uellus
272 1411 375 1474 Celsus
396 1415 512 1491 dicens,
541 1432 598 1475 nou
622 1433 638 1475 a
661 1415 831 1493 depulsione
855 1417 927 1474 sumi
955 1414 1010 1474 sed¹
1030 1415 1066 1474 ab
1093 1433 1142 1490 eo,

154 1497 202 1573 qui
216 1500 444 1575 propositionem
459 1518 538 1559 suam
559 1500 721 1568 confirmet3
744 1508 790 1575 ut,
811 1501 836 1558 si
853 1500 995 1559 homiuem
1013 1500 1144 1559 occisum

152 1597 220 1638 reus
235 1591 337 1658 negat,
359 1592 449 1642 status
462 1583 497 1642 ab
513 1592 683 1643 accusatore
699 1593 847 1659 nascatur,
868 1585 934 1662 quia
949 1586 973 1642 is
988 1584 1060 1643 velit
1074 1600 1143 1661 pro·

153 1662 237 1732 bare3
260 1667 285 1723 si
305 1667 367 1726 iure
391 1668 517 1727 occisum
537 1686 604 1727 reus
627 1669 710 1742 dicit,
730 1666 867 1727 translata
890 1667 1068 1745 probationis
1092 1686 1143 1726 ne·

112 1745 415 1810 1loessnateidemn
434 1768 486 1810 reo
507 1752 570 1828 liat,
594 1761 625 1811 et
647 1754 684 1811 sit
701 1752 763 1810 eius
781 1753 909 1811 intentio.
944 1749 997 1810 Cui
1012 1769 1071 1810 uon
1095 1769 1142 1811 ac-

153 1833 226 1892 cedo
251 1835 396 1911 equidem;
423 1854 486 1894 nam
512 1845 557 1895 est
577 1853 648 1895 vero
669 1837 788 1914 propius
810 1837 886 1914 quod
908 1835 1142 1911 contradicitur,

152 1916 257 1977 nullam
273 1936 340 1978 esse
355 1919 450 1996 litem,
474 1922 498 1980 si
513 1921 555 1997 is,
576 1938 639 1980 cum
657 1936 714 1998 quo
733 1928 849 1996 agatur,
869 1919 938 1980 nihil
953 1919 1141 1998 respondeat,

110 2002 276 2079 15ideoque
301 2004 363 2063 lieri
388 2012 491 2064 statum
514 2024 530 2065 a
555 2005 760 2083 respondente.
794 2003 860 2064 Mea
882 2013 976 2064 tamen
1000 2006 1144 2063 sententia

150 2087 258 2146 varium
275 2087 304 2146 id
323 2096 383 2162 est,
404 2097 433 2146 et
454 2089 556 2148 accidit
577 2106 630 2166 pro
653 2090 822 2149 condicione
843 2106 1007 2163 causarum,
1030 2089 1098 2166 quia
1114 2096 1143 2146 et

150 2169 242 2228 videri
259 2179 356 2247 potest
374 2175 535 2250 propositio
551 2173 704 2250 aliquando
726 2181 828 2231 statum
843 2172 957 2246 lacere,
980 2173 1055 2230 utin
1072 2188 1142 2230 cou-

150 2253 337 2313 iecturalihus
360 2259 470 2324 causis;
491 2256 578 2315 utitur
601 2258 675 2316 enim
696 2258 861 2316 coniectura
882 2258 973 2332 magis
996 2257 1044 2332 qui
1066 2256 1141 2331 agit;

152 2336 225 2413 (quo
247 2339 316 2396 moti
336 2340 450 2416 quidam
471 2342 591 2401 eundem
612 2359 628 2401 a
650 2358 702 2400 reo
724 2340 880 2418 infitialem
902 2358 970 2398 esse
992 2339 1141 2416 dixerunt)

152 2429 181 2479 et
201 2422 230 2479 in
251 2421 423 2499 syllogismo
446 2433 505 2484 tota
527 2426 708 2484 ratiocinatio
730 2424 765 2483 ab
788 2440 824 2483 eo
847 2432 908 2497 est,
936 2425 984 2501 qui
1010 2423 1140 2483 intendit.

109 2504 210 2564 noSed
227 2506 292 2581 quia
312 2507 425 2566 videtur
444 2507 501 2567 illis
524 2525 640 2586 quoque
661 2509 865 2567 necessitatem
887 2507 941 2567 hos
963 2515 1054 2566 status
1072 2524 1142 2565 exe·

152 2588 256 2665 quendi
271 2589 370 2650 lacere
386 2593 433 2669 qui
448 2601 551 2668 negat,
574 2593 615 2670 (is
636 2593 710 2651 enim
725 2594 750 2651 si
765 2591 856 2666 dicat,
876 2611 936 2653 non
956 2591 1034 2669 sesi,
1053 2599 1144 2667 coget
1210 2600 1211 2605 ’

152 2672 345 2735 aduersarium
366 2677 531 2735 coniectura
554 2679 608 2745 uti;
633 2685 662 2736 et
683 2678 707 2734 si
729 2677 820 2750 dicat,
841 2694 901 2737 non
921 2676 1017 2736 dobes
1033 2675 1142 2750 legem,

110 2772 113 2781 ’
152 2756 339 2837 syllogismo)
357 2760 548 2819 concedamus
562 2778 599 2819 ex
615 2760 785 2838 depulsione
797 2761 877 2818 nasci
893 2767 1006 2818 statum.
1030 2756 1142 2817 Nihilo·

151 2841 241 2899 minus
265 2844 339 2902 enim
359 2862 407 2903 res
430 2861 466 2903 eo
482 2853 663 2918 revertetur,
685 2852 716 2903 ut
736 2843 822 2902 modo
841 2845 867 2902 is
889 2843 936 2920 qui
957 2842 1032 2918 agit,
1054 2842 1143 2901 modo

110 2926 142 2980 17
150 2926 175 2982 is
197 2943 259 2984 cum
283 2944 339 3004 quo
361 2930 468 3004 agitur,
491 2937 594 2987 statum
615 2928 710 2987 iaciat.
741 2928 785 2987 Sit
806 2927 1078 2986 enim'accusatoris
1101 2926 1143 2984 in·

150 3010 255 3085 tentio,
270 3010 427 3073 Hominem
442 3013 590 3073 occidisti.
620 3013 651 3072 st
666 3019 755 3087 neget
770 3029 855 3086 reus,
874 3010 961 3070 laniat
974 3017 1078 3068 statum
1095 3009 1145 3086 qui

151 3100 247 3168 negat.
296 3094 370 3168 Quid
390 3098 415 3155 si
439 3097 591 3155 confitetur
609 3096 663 3155 sed
689 3098 758 3156 inre
777 3114 798 3156 a
818 3113 852 3155 ee
873 3095 1047 3155 adulterum
1074 3092 1144 3152 dioit

150 3178 307 3238 comeum?
339 3198 443 3258 nempe
467 3180 565 3256 legem
592 3197 660 3240 esse
683 3189 792 3239 certum
810 3187 863 3237 ‘est
889 3195 964 3256 quae
985 3178 1141 3255 permittat.

150 3258 212 3318 Nisi
232 3258 339 3338 aliquid
362 3273 514 3324 accusator
533 3263 707 3341 respondet,
723 3262 808 3337 ,nulla
831 3262 867 3321 lis
890 3271 944 3321 est.
986 3258 1054 3321 Non
1072 3260 1142 3338 fnit,

150 3345 256 3421 iuquit,
276 3346 417 3417 adnitem·
435 3364 506 3424 ergo
523 3346 657 3424 depulsio
674 3348 774 3424 incipit
790 3364 858 3404 esse
874 3345 999 3419 actoris,
1018 3344 1069 3403 ille
1085 3351 1141 3403 sta·

150 3437 207 3488 tum
222 3428 319 3489 faciet.
354 3429 397 3492 lta
414 3432 468 3490 erit
486 3430 599 3509 quidem
616 3439 706 3489 status
721 3431 863 3506 exprime
879 3429 1067 3507 depulsione,
1088 3427 1141 3487 sed

111 3518 144 3573 18
152 3532 186 3575 es
201 3514 251 3574 det
266 3514 301 3574 ab
317 3524 488 3575 accusatore
502 3530 559 3574 non
574 3531 666 3575 areo.
689 3511 783 3588 Quid?
801 3514 877 3591 quod
891 3514 992 3575 eadem
1007 3511 1141 3590 quaestio
