<?xml version="1.0" encoding="UTF-8"?>
<!DOCTYPE html PUBLIC "-//W3C//DTD XHTML 1.0 Transitional//EN"
    "http://www.w3.org/TR/xhtml1/DTD/xhtml1-transitional.dtd">
<html xmlns="http://www.w3.org/1999/xhtml" xml:lang="en" lang="en">
 <head>
  <title>
</title>
<meta http-equiv="Content-Type" content="text/html;charset=utf-8" />
  <meta name='ocr-system' content='tesseract 3.04.00' />
  <meta name='ocr-capabilities' content='ocr_page ocr_carea ocr_par ocr_line ocrx_word'/>
</head>
<body>
  <div class='ocr_page' id='page_1' title='image "./mfabiiquintilia08bonngoog_0595.png"; bbox 0 0 2434 3925; ppageno 0'>
   <div class='ocr_carea' id='block_1_1' title="bbox 366 200 1073 297">
    <p class='ocr_par' dir='ltr' id='par_1_1' title="bbox 366 200 1073 297">
     <span class='ocr_line' id='line_1_1' title="bbox 366 200 1073 297; baseline 0.004 -19"><span class='ocrx_word' id='word_1_1' title='bbox 366 200 788 297; x_wconf 58' lang='lat' dir='ltr'><strong>memonanomnmxm.</strong></span> <span class='ocrx_word' id='word_1_2' title='bbox 1012 218 1073 282; x_wconf 76' lang='lat' dir='ltr'><strong>too,</strong></span> 
     </span>
    </p>
   </div>
   <div class='ocr_carea' id='block_1_2' title="bbox 70 382 1156 3564">
    <p class='ocr_par' dir='ltr' id='par_1_2' title="bbox 70 382 1115 1300">
     <span class='ocr_line' id='line_1_2' title="bbox 71 382 1071 465; baseline 0 -19"><span class='ocrx_word' id='word_1_3' title='bbox 71 386 104 446; x_wconf 88' lang='lat' dir='ltr'><strong>in</strong></span> <span class='ocrx_word' id='word_1_4' title='bbox 124 384 182 453; x_wconf 89' lang='lat' dir='ltr'><strong>illis</strong></span> <span class='ocrx_word' id='word_1_5' title='bbox 200 401 271 444; x_wconf 87' lang='lat' dir='ltr'><strong>vera</strong></span> <span class='ocrx_word' id='word_1_6' title='bbox 295 385 324 443; x_wconf 91' lang='lat' dir='ltr'><strong>in</strong></span> <span class='ocrx_word' id='word_1_7' title='bbox 346 382 390 443; x_wconf 89' lang='lat' dir='ltr'><strong>bis</strong></span> <span class='ocrx_word' id='word_1_8' title='bbox 408 384 571 445; x_wconf 86' lang='lat' dir='ltr'><strong>assimulata</strong></span> <span class='ocrx_word' id='word_1_9' title='bbox 585 386 704 444; x_wconf 88' lang='lat' dir='ltr'><strong>materia</strong></span> <span class='ocrx_word' id='word_1_10' title='bbox 721 394 776 445; x_wconf 88' lang='lat' dir='ltr'><strong>est.</strong></span> <span class='ocrx_word' id='word_1_11' title='bbox 814 384 897 445; x_wconf 81' lang='lat' dir='ltr'><strong>Adde</strong></span> <span class='ocrx_word' id='word_1_12' title='bbox 921 384 998 465; x_wconf 93' lang='lat' dir='ltr'><strong>quod</strong></span> <span class='ocrx_word' id='word_1_13' title='bbox 1022 404 1071 461; x_wconf 80' lang='lat' dir='ltr'><strong>ea,</strong></span> 
     </span>
     <span class='ocr_line' id='line_1_3' title="bbox 72 468 1069 550; baseline 0.001 -21"><span class='ocrx_word' id='word_1_14' title='bbox 72 470 193 550; x_wconf 87' lang='lat' dir='ltr'><strong>quaein</strong></span> <span class='ocrx_word' id='word_1_15' title='bbox 212 476 328 528; x_wconf 88' lang='lat' dir='ltr'><strong>oratore</strong></span> <span class='ocrx_word' id='word_1_16' title='bbox 343 470 463 527; x_wconf 81' lang='lat' dir='ltr'><strong>maxima</strong></span> <span class='ocrx_word' id='word_1_17' title='bbox 478 477 558 542; x_wconf 90' lang='lat' dir='ltr'><strong>sunt,</strong></span> <span class='ocrx_word' id='word_1_18' title='bbox 583 468 729 528; x_wconf 78' lang='lat' dir='ltr'><strong>imitabilia</strong></span> <span class='ocrx_word' id='word_1_19' title='bbox 742 486 800 528; x_wconf 92' lang='lat' dir='ltr'><strong>non</strong></span> <span class='ocrx_word' id='word_1_20' title='bbox 814 477 894 543; x_wconf 90' lang='lat' dir='ltr'><strong>sunt,</strong></span> <span class='ocrx_word' id='word_1_21' title='bbox 915 470 1069 546; x_wconf 79' lang='lat' dir='ltr'><strong>ingenium,</strong></span> 
     </span>
     <span class='ocr_line' id='line_1_4' title="bbox 70 550 1115 630; baseline 0.004 -17"><span class='ocrx_word' id='word_1_22' title='bbox 70 554 220 628; x_wconf 86' lang='lat' dir='ltr'><strong>inventio,</strong></span> <span class='ocrx_word' id='word_1_23' title='bbox 235 553 296 626; x_wconf 85' lang='lat' dir='ltr'><strong>vis,</strong></span> <span class='ocrx_word' id='word_1_24' title='bbox 318 550 442 610; x_wconf 79' lang='lat' dir='ltr'><strong>facilitas</strong></span> <span class='ocrx_word' id='word_1_25' title='bbox 463 561 493 612; x_wconf 90' lang='lat' dir='ltr'><strong>et</strong></span> <span class='ocrx_word' id='word_1_26' title='bbox 514 551 650 630; x_wconf 90' lang='lat' dir='ltr'><strong>quidquid</strong></span> <span class='ocrx_word' id='word_1_27' title='bbox 670 562 731 612; x_wconf 90' lang='lat' dir='ltr'><strong>arte</strong></span> <span class='ocrx_word' id='word_1_28' title='bbox 755 569 812 611; x_wconf 91' lang='lat' dir='ltr'><strong>non</strong></span> <span class='ocrx_word' id='word_1_29' title='bbox 833 551 961 612; x_wconf 80' lang='lat' dir='ltr'><strong>traditur.</strong></span> <span class='ocrx_word' id='word_1_30' title='bbox 1001 553 1070 613; x_wconf 90' lang='lat' dir='ltr'><strong>ldeo</strong></span> <span class='ocrx_word' id='word_1_31' title='bbox 1081 566 1115 620; x_wconf 79' lang='grc'><strong>13</strong></span> 
     </span>
     <span class='ocr_line' id='line_1_5' title="bbox 74 634 1071 716; baseline 0.002 -20"><span class='ocrx_word' id='word_1_32' title='bbox 74 637 228 716; x_wconf 80' lang='lat' dir='ltr'><strong>plerique,</strong></span> <span class='ocrx_word' id='word_1_33' title='bbox 247 652 311 694; x_wconf 90' lang='lat' dir='ltr'><strong>cum</strong></span> <span class='ocrx_word' id='word_1_34' title='bbox 329 634 419 694; x_wconf 85' lang='lat' dir='ltr'><strong>verba</strong></span> <span class='ocrx_word' id='word_1_35' title='bbox 442 636 581 713; x_wconf 82' lang='lat' dir='ltr'><strong>quaedam</strong></span> <span class='ocrx_word' id='word_1_36' title='bbox 603 636 838 696; x_wconf 83' lang='lat' dir='ltr'><strong>exorationibus</strong></span> <span class='ocrx_word' id='word_1_37' title='bbox 862 647 1071 714; x_wconf 80' lang='lat' dir='ltr'><strong>excerpserunt</strong></span> 
     </span>
     <span class='ocr_line' id='line_1_6' title="bbox 73 719 1071 799; baseline 0.001 -19"><span class='ocrx_word' id='word_1_38' title='bbox 73 730 123 780; x_wconf 92' lang='lat' dir='ltr'><strong>aut</strong></span> <span class='ocrx_word' id='word_1_39' title='bbox 137 720 250 799; x_wconf 91' lang='lat' dir='ltr'><strong>aliquos</strong></span> <span class='ocrx_word' id='word_1_40' title='bbox 268 719 484 796; x_wconf 76' lang='lat' dir='ltr'><strong>compositionis</strong></span> <span class='ocrx_word' id='word_1_41' title='bbox 500 728 596 778; x_wconf 91' lang='lat' dir='ltr'><strong>certos</strong></span> <span class='ocrx_word' id='word_1_42' title='bbox 613 720 722 797; x_wconf 91' lang='lat' dir='ltr'><strong>pedes,</strong></span> <span class='ocrx_word' id='word_1_43' title='bbox 744 721 815 779; x_wconf 88' lang='lat' dir='ltr'><strong>mire</strong></span> <span class='ocrx_word' id='word_1_44' title='bbox 836 737 919 794; x_wconf 88' lang='lat' dir='ltr'><strong>ase,</strong></span> <span class='ocrx_word' id='word_1_45' title='bbox 940 738 1014 797; x_wconf 88' lang='lat' dir='ltr'><strong>quae</strong></span> <span class='ocrx_word' id='word_1_46' title='bbox 1030 721 1071 781; x_wconf 89' lang='lat' dir='ltr'><strong>le·</strong></span> 
     </span>
     <span class='ocr_line' id='line_1_7' title="bbox 72 802 1071 882; baseline 0.001 -19"><span class='ocrx_word' id='word_1_47' title='bbox 72 813 189 882; x_wconf 90' lang='lat' dir='ltr'><strong>gerunt,</strong></span> <span class='ocrx_word' id='word_1_48' title='bbox 206 802 304 879; x_wconf 83' lang='lat' dir='ltr'><strong>silingi</strong></span> <span class='ocrx_word' id='word_1_49' title='bbox 320 802 504 870; x_wconf 80' lang='lat' dir='ltr'><strong>arbitrantur3</strong></span> <span class='ocrx_word' id='word_1_50' title='bbox 531 822 595 863; x_wconf 90' lang='lat' dir='ltr'><strong>cum</strong></span> <span class='ocrx_word' id='word_1_51' title='bbox 616 812 645 862; x_wconf 90' lang='lat' dir='ltr'><strong>et</strong></span> <span class='ocrx_word' id='word_1_52' title='bbox 668 803 759 864; x_wconf 88' lang='lat' dir='ltr'><strong>verba</strong></span> <span class='ocrx_word' id='word_1_53' title='bbox 780 803 949 863; x_wconf 87' lang='lat' dir='ltr'><strong>intercidant</strong></span> <span class='ocrx_word' id='word_1_54' title='bbox 964 804 1071 864; x_wconf 88' lang='lat' dir='ltr'><strong>invale-</strong></span> 
     </span>
     <span class='ocr_line' id='line_1_8' title="bbox 73 885 1072 966; baseline 0 -19"><span class='ocrx_word' id='word_1_55' title='bbox 73 897 214 966; x_wconf 86' lang='lat' dir='ltr'><strong>scantque</strong></span> <span class='ocrx_word' id='word_1_56' title='bbox 230 885 418 964; x_wconf 84' lang='lat' dir='ltr'><strong>temporibus,</strong></span> <span class='ocrx_word' id='word_1_57' title='bbox 433 896 464 945; x_wconf 90' lang='lat' dir='ltr'><strong>ut</strong></span> <span class='ocrx_word' id='word_1_58' title='bbox 479 903 599 964; x_wconf 91' lang='lat' dir='ltr'><strong>quorum</strong></span> <span class='ocrx_word' id='word_1_59' title='bbox 616 889 774 947; x_wconf 88' lang='lat' dir='ltr'><strong>certissima</strong></span> <span class='ocrx_word' id='word_1_60' title='bbox 792 889 829 947; x_wconf 92' lang='lat' dir='ltr'><strong>sit</strong></span> <span class='ocrx_word' id='word_1_61' title='bbox 841 887 941 964; x_wconf 88' lang='lat' dir='ltr'><strong>regula</strong></span> <span class='ocrx_word' id='word_1_62' title='bbox 958 889 985 945; x_wconf 91' lang='lat' dir='ltr'><strong>in</strong></span> <span class='ocrx_word' id='word_1_63' title='bbox 1004 906 1072 947; x_wconf 87' lang='lat' dir='ltr'><strong>con·</strong></span> 
     </span>
     <span class='ocr_line' id='line_1_9' title="bbox 73 970 1073 1050; baseline 0.001 -20"><span class='ocrx_word' id='word_1_64' title='bbox 73 971 237 1044; x_wconf 86' lang='lat' dir='ltr'><strong>suetudine,</strong></span> <span class='ocrx_word' id='word_1_65' title='bbox 254 987 347 1047; x_wconf 86' lang='lat' dir='ltr'><strong>eaque</strong></span> <span class='ocrx_word' id='word_1_66' title='bbox 361 986 418 1028; x_wconf 92' lang='lat' dir='ltr'><strong>non</strong></span> <span class='ocrx_word' id='word_1_67' title='bbox 432 988 483 1030; x_wconf 92' lang='lat' dir='ltr'><strong>sna</strong></span> <span class='ocrx_word' id='word_1_68' title='bbox 498 980 597 1030; x_wconf 81' lang='lat' dir='ltr'><strong>natrrra</strong></span> <span class='ocrx_word' id='word_1_69' title='bbox 614 973 670 1030; x_wconf 92' lang='lat' dir='ltr'><strong>sint</strong></span> <span class='ocrx_word' id='word_1_70' title='bbox 684 970 759 1031; x_wconf 90' lang='lat' dir='ltr'><strong>bona</strong></span> <span class='ocrx_word' id='word_1_71' title='bbox 775 980 823 1031; x_wconf 88' lang='lat' dir='ltr'><strong>aut</strong></span> <span class='ocrx_word' id='word_1_72' title='bbox 835 971 908 1030; x_wconf 92' lang='lat' dir='ltr'><strong>mala</strong></span> <span class='ocrx_word' id='word_1_73' title='bbox 925 971 1004 1048; x_wconf 86' lang='lat' dir='ltr'><strong>(nam</strong></span> <span class='ocrx_word' id='word_1_74' title='bbox 1019 990 1073 1050; x_wconf 90' lang='lat' dir='ltr'><strong>per</strong></span> 
     </span>
     <span class='ocr_line' id='line_1_10' title="bbox 72 1054 1071 1134; baseline 0.002 -19"><span class='ocrx_word' id='word_1_75' title='bbox 72 1072 108 1115; x_wconf 88' lang='lat' dir='ltr'><strong>se</strong></span> <span class='ocrx_word' id='word_1_76' title='bbox 129 1056 193 1114; x_wconf 89' lang='lat' dir='ltr'><strong>soni</strong></span> <span class='ocrx_word' id='word_1_77' title='bbox 215 1063 321 1113; x_wconf 86' lang='lat' dir='ltr'><strong>tantum</strong></span> <span class='ocrx_word' id='word_1_78' title='bbox 345 1055 430 1134; x_wconf 89' lang='lat' dir='ltr'><strong>sunt)</strong></span> <span class='ocrx_word' id='word_1_79' title='bbox 453 1054 506 1113; x_wconf 89' lang='lat' dir='ltr'><strong>sed</strong></span> <span class='ocrx_word' id='word_1_80' title='bbox 528 1063 614 1132; x_wconf 90' lang='lat' dir='ltr'><strong>prout</strong></span> <span class='ocrx_word' id='word_1_81' title='bbox 635 1064 797 1132; x_wconf 90' lang='lat' dir='ltr'><strong>opportune</strong></span> <span class='ocrx_word' id='word_1_82' title='bbox 818 1056 994 1133; x_wconf 85' lang='lat' dir='ltr'><strong>proprieque</strong></span> <span class='ocrx_word' id='word_1_83' title='bbox 1023 1065 1071 1117; x_wconf 90' lang='lat' dir='ltr'><strong>aut</strong></span> 
     </span>
     <span class='ocr_line' id='line_1_11' title="bbox 72 1138 1072 1216; baseline 0.002 -18"><span class='ocrx_word' id='word_1_84' title='bbox 72 1156 160 1198; x_wconf 87' lang='lat' dir='ltr'><strong>secus</strong></span> <span class='ocrx_word' id='word_1_85' title='bbox 179 1138 322 1198; x_wconf 87' lang='lat' dir='ltr'><strong>collocata</strong></span> <span class='ocrx_word' id='word_1_86' title='bbox 337 1147 416 1204; x_wconf 78' lang='lat' dir='ltr'><strong>sunt:</strong></span> <span class='ocrx_word' id='word_1_87' title='bbox 438 1146 467 1197; x_wconf 89' lang='lat' dir='ltr'><strong>et</strong></span> <span class='ocrx_word' id='word_1_88' title='bbox 482 1138 653 1216; x_wconf 77' lang='lat' dir='ltr'><strong>compositio</strong></span> <span class='ocrx_word' id='word_1_89' title='bbox 676 1157 740 1198; x_wconf 87' lang='lat' dir='ltr'><strong>eum</strong></span> <span class='ocrx_word' id='word_1_90' title='bbox 754 1139 842 1199; x_wconf 91' lang='lat' dir='ltr'><strong>rebus</strong></span> <span class='ocrx_word' id='word_1_91' title='bbox 858 1139 1072 1200; x_wconf 85' lang='lat' dir='ltr'><strong>accommodata</strong></span> 
     </span>
     <span class='ocr_line' id='line_1_12' title="bbox 71 1223 604 1300; baseline -0.004 -19"><span class='ocrx_word' id='word_1_92' title='bbox 71 1225 111 1282; x_wconf 92' lang='lat' dir='ltr'><strong>sit</strong></span> <span class='ocrx_word' id='word_1_93' title='bbox 126 1231 184 1281; x_wconf 95' lang='lat' dir='ltr'><strong>tum</strong></span> <span class='ocrx_word' id='word_1_94' title='bbox 202 1223 264 1300; x_wconf 90' lang='lat' dir='ltr'><strong>ipsa</strong></span> <span class='ocrx_word' id='word_1_95' title='bbox 279 1223 418 1280; x_wconf 87' lang='lat' dir='ltr'><strong>varietate</strong></span> <span class='ocrx_word' id='word_1_96' title='bbox 433 1223 604 1298; x_wconf 89' lang='lat' dir='ltr'><strong>gratissima.</strong></span> 
     </span>
    </p>

    <p class='ocr_par' dir='ltr' id='par_1_3' title="bbox 70 1304 1156 3564">
     <span class='ocr_line' id='line_1_13' title="bbox 159 1304 1115 1383; baseline 0.007 -19"><span class='ocrx_word' id='word_1_97' title='bbox 159 1304 344 1383; x_wconf 80' lang='lat' dir='ltr'><strong>Quapropter</strong></span> <span class='ocrx_word' id='word_1_98' title='bbox 363 1306 548 1365; x_wconf 81' lang='lat' dir='ltr'><strong>exactissimo</strong></span> <span class='ocrx_word' id='word_1_99' title='bbox 567 1305 672 1366; x_wconf 90' lang='lat' dir='ltr'><strong>iudicio</strong></span> <span class='ocrx_word' id='word_1_100' title='bbox 691 1307 768 1365; x_wconf 89' lang='lat' dir='ltr'><strong>circa</strong></span> <span class='ocrx_word' id='word_1_101' title='bbox 787 1304 861 1365; x_wconf 85' lang='lat' dir='ltr'><strong>lianc</strong></span> <span class='ocrx_word' id='word_1_102' title='bbox 884 1315 994 1383; x_wconf 89' lang='lat' dir='ltr'><strong>partem</strong></span> <span class='ocrx_word' id='word_1_103' title='bbox 1014 1315 1072 1366; x_wconf 91' lang='lat' dir='ltr'><strong>stu·</strong></span> <span class='ocrx_word' id='word_1_104' title='bbox 1082 1319 1115 1371; x_wconf 77' lang='grc'><strong>14</strong></span> 
     </span>
     <span class='ocr_line' id='line_1_14' title="bbox 73 1389 1088 1466; baseline -0.001 -16"><span class='ocrx_word' id='word_1_105' title='bbox 73 1390 185 1450; x_wconf 90' lang='lat' dir='ltr'><strong>diorum</strong></span> <span class='ocrx_word' id='word_1_106' title='bbox 202 1389 387 1449; x_wconf 87' lang='lat' dir='ltr'><strong>examinanda</strong></span> <span class='ocrx_word' id='word_1_107' title='bbox 401 1399 467 1448; x_wconf 90' lang='lat' dir='ltr'><strong>sunt</strong></span> <span class='ocrx_word' id='word_1_108' title='bbox 480 1390 583 1449; x_wconf 88' lang='lat' dir='ltr'><strong>omnia.</strong></span> <span class='ocrx_word' id='word_1_109' title='bbox 610 1389 742 1463; x_wconf 90' lang='lat' dir='ltr'><strong>Primum,</strong></span> <span class='ocrx_word' id='word_1_110' title='bbox 756 1406 829 1466; x_wconf 92' lang='lat' dir='ltr'><strong>quos</strong></span> <span class='ocrx_word' id='word_1_111' title='bbox 841 1391 991 1466; x_wconf 89' lang='lat' dir='ltr'><strong>imitemur,</strong></span> <span class='ocrx_word' id='word_1_112' title='bbox 1007 1406 1088 1450; x_wconf 79' lang='lat' dir='ltr'><strong>nam¹</strong></span> 
     </span>
     <span class='ocr_line' id='line_1_15' title="bbox 72 1472 1071 1552; baseline 0.001 -20"><span class='ocrx_word' id='word_1_113' title='bbox 72 1482 140 1547; x_wconf 86' lang='lat' dir='ltr'><strong>snut</strong></span> <span class='ocrx_word' id='word_1_114' title='bbox 156 1472 280 1551; x_wconf 91' lang='lat' dir='ltr'><strong>plurimi,</strong></span> <span class='ocrx_word' id='word_1_115' title='bbox 293 1474 341 1549; x_wconf 90' lang='lat' dir='ltr'><strong>qui</strong></span> <span class='ocrx_word' id='word_1_116' title='bbox 356 1472 566 1532; x_wconf 90' lang='lat' dir='ltr'><strong>similitudinem</strong></span> <span class='ocrx_word' id='word_1_117' title='bbox 577 1474 696 1550; x_wconf 90' lang='lat' dir='ltr'><strong>pessimi</strong></span> <span class='ocrx_word' id='word_1_118' title='bbox 712 1474 851 1551; x_wconf 89' lang='lat' dir='ltr'><strong>cuiusque</strong></span> <span class='ocrx_word' id='word_1_119' title='bbox 867 1483 896 1533; x_wconf 92' lang='lat' dir='ltr'><strong>et</strong></span> <span class='ocrx_word' id='word_1_120' title='bbox 913 1477 1071 1552; x_wconf 88' lang='lat' dir='ltr'><strong>corruptis-</strong></span> 
     </span>
     <span class='ocr_line' id='line_1_16' title="bbox 72 1557 1071 1636; baseline 0 -20"><span class='ocrx_word' id='word_1_121' title='bbox 72 1558 137 1616; x_wconf 89' lang='lat' dir='ltr'><strong>simi</strong></span> <span class='ocrx_word' id='word_1_122' title='bbox 154 1558 374 1633; x_wconf 72' lang='lat' dir='ltr'><strong>concupierunt:</strong></span> <span class='ocrx_word' id='word_1_123' title='bbox 402 1564 459 1615; x_wconf 93' lang='lat' dir='ltr'><strong>tum</strong></span> <span class='ocrx_word' id='word_1_124' title='bbox 479 1558 507 1615; x_wconf 93' lang='lat' dir='ltr'><strong>in</strong></span> <span class='ocrx_word' id='word_1_125' title='bbox 529 1558 612 1634; x_wconf 91' lang='lat' dir='ltr'><strong>ipsis,</strong></span> <span class='ocrx_word' id='word_1_126' title='bbox 629 1574 703 1634; x_wconf 89' lang='lat' dir='ltr'><strong>quos</strong></span> <span class='ocrx_word' id='word_1_127' title='bbox 720 1557 915 1634; x_wconf 83' lang='lat' dir='ltr'><strong>elegerimus,</strong></span> <span class='ocrx_word' id='word_1_128' title='bbox 941 1559 1007 1636; x_wconf 92' lang='lat' dir='ltr'><strong>quid</strong></span> <span class='ocrx_word' id='word_1_129' title='bbox 1024 1561 1071 1632; x_wconf 92' lang='lat' dir='ltr'><strong>sit,</strong></span> 
     </span>
     <span class='ocr_line' id='line_1_17' title="bbox 72 1639 1113 1720; baseline 0.005 -20"><span class='ocrx_word' id='word_1_130' title='bbox 72 1641 110 1701; x_wconf 85' lang='lat' dir='ltr'><strong>ad</strong></span> <span class='ocrx_word' id='word_1_131' title='bbox 126 1641 202 1718; x_wconf 92' lang='lat' dir='ltr'><strong>quod</strong></span> <span class='ocrx_word' id='word_1_132' title='bbox 214 1657 267 1699; x_wconf 92' lang='lat' dir='ltr'><strong>nos</strong></span> <span class='ocrx_word' id='word_1_133' title='bbox 280 1639 461 1699; x_wconf 83' lang='lat' dir='ltr'><strong>efficiendum</strong></span> <span class='ocrx_word' id='word_1_134' title='bbox 473 1658 684 1717; x_wconf 89' lang='lat' dir='ltr'><strong>comparemus.</strong></span> <span class='ocrx_word' id='word_1_135' title='bbox 712 1639 783 1699; x_wconf 86' lang='lat' dir='ltr'><strong>Nam</strong></span> <span class='ocrx_word' id='word_1_136' title='bbox 798 1643 826 1700; x_wconf 90' lang='lat' dir='ltr'><strong>in</strong></span> <span class='ocrx_word' id='word_1_137' title='bbox 837 1644 946 1717; x_wconf 85' lang='lat' dir='ltr'><strong>magnis</strong></span> <span class='ocrx_word' id='word_1_138' title='bbox 961 1654 1113 1720; x_wconf 76' lang='lat' dir='ltr'><strong>quoqnett</strong></span> 
     </span>
     <span class='ocr_line' id='line_1_18' title="bbox 72 1723 1071 1803; baseline 0.001 -19"><span class='ocrx_word' id='word_1_139' title='bbox 72 1723 240 1784; x_wconf 92' lang='lat' dir='ltr'><strong>auctoribus</strong></span> <span class='ocrx_word' id='word_1_140' title='bbox 256 1724 381 1784; x_wconf 90' lang='lat' dir='ltr'><strong>incidunt</strong></span> <span class='ocrx_word' id='word_1_141' title='bbox 398 1724 492 1801; x_wconf 87' lang='lat' dir='ltr'><strong>aliqua</strong></span> <span class='ocrx_word' id='word_1_142' title='bbox 508 1726 613 1783; x_wconf 85' lang='lat' dir='ltr'><strong>vitiosa</strong></span> <span class='ocrx_word' id='word_1_143' title='bbox 629 1732 658 1783; x_wconf 92' lang='lat' dir='ltr'><strong>et</strong></span> <span class='ocrx_word' id='word_1_144' title='bbox 669 1742 685 1783; x_wconf 89' lang='lat' dir='ltr'><strong>a</strong></span> <span class='ocrx_word' id='word_1_145' title='bbox 698 1723 790 1784; x_wconf 89' lang='lat' dir='ltr'><strong>doctis</strong></span> <span class='ocrx_word' id='word_1_146' title='bbox 803 1726 877 1783; x_wconf 91' lang='lat' dir='ltr'><strong>inter</strong></span> <span class='ocrx_word' id='word_1_147' title='bbox 891 1727 971 1803; x_wconf 90' lang='lat' dir='ltr'><strong>ipsos</strong></span> <span class='ocrx_word' id='word_1_148' title='bbox 986 1728 1071 1786; x_wconf 88' lang='lat' dir='ltr'><strong>etiam</strong></span> 
     </span>
     <span class='ocr_line' id='line_1_19' title="bbox 72 1807 1071 1885; baseline 0.002 -18"><span class='ocrx_word' id='word_1_149' title='bbox 72 1816 171 1867; x_wconf 92' lang='lat' dir='ltr'><strong>mutuo</strong></span> <span class='ocrx_word' id='word_1_150' title='bbox 187 1807 378 1884; x_wconf 88' lang='lat' dir='ltr'><strong>reprehensa;</strong></span> <span class='ocrx_word' id='word_1_151' title='bbox 395 1816 481 1885; x_wconf 90' lang='lat' dir='ltr'><strong>atque</strong></span> <span class='ocrx_word' id='word_1_152' title='bbox 497 1809 602 1867; x_wconf 90' lang='lat' dir='ltr'><strong>utinam</strong></span> <span class='ocrx_word' id='word_1_153' title='bbox 618 1816 673 1866; x_wconf 90' lang='lat' dir='ltr'><strong>tam</strong></span> <span class='ocrx_word' id='word_1_154' title='bbox 690 1807 766 1867; x_wconf 92' lang='lat' dir='ltr'><strong>bona</strong></span> <span class='ocrx_word' id='word_1_155' title='bbox 784 1808 925 1867; x_wconf 85' lang='lat' dir='ltr'><strong>imitantes</strong></span> <span class='ocrx_word' id='word_1_156' title='bbox 940 1809 1071 1869; x_wconf 86' lang='lat' dir='ltr'><strong>dicerent</strong></span> 
     </span>
     <span class='ocr_line' id='line_1_20' title="bbox 72 1890 1071 1970; baseline 0.001 -19"><span class='ocrx_word' id='word_1_157' title='bbox 72 1890 176 1951; x_wconf 90' lang='lat' dir='ltr'><strong>meiius</strong></span> <span class='ocrx_word' id='word_1_158' title='bbox 198 1909 280 1970; x_wconf 86' lang='lat' dir='ltr'><strong>quam</strong></span> <span class='ocrx_word' id='word_1_159' title='bbox 299 1891 372 1951; x_wconf 86' lang='lat' dir='ltr'><strong>mala</strong></span> <span class='ocrx_word' id='word_1_160' title='bbox 389 1893 470 1969; x_wconf 92' lang='lat' dir='ltr'><strong>peius</strong></span> <span class='ocrx_word' id='word_1_161' title='bbox 486 1890 592 1951; x_wconf 88' lang='lat' dir='ltr'><strong>dicunt.</strong></span> <span class='ocrx_word' id='word_1_162' title='bbox 629 1890 692 1951; x_wconf 85' lang='lat' dir='ltr'><strong>Nec</strong></span> <span class='ocrx_word' id='word_1_163' title='bbox 707 1908 778 1952; x_wconf 86' lang='lat' dir='ltr'><strong>vero</strong></span> <span class='ocrx_word' id='word_1_164' title='bbox 791 1890 892 1950; x_wconf 85' lang='lat' dir='ltr'><strong>saltem</strong></span> <span class='ocrx_word' id='word_1_165' title='bbox 907 1893 951 1965; x_wconf 92' lang='lat' dir='ltr'><strong>iis,</strong></span> <span class='ocrx_word' id='word_1_166' title='bbox 969 1893 1071 1970; x_wconf 90' lang='lat' dir='ltr'><strong>quibus</strong></span> 
     </span>
     <span class='ocr_line' id='line_1_21' title="bbox 72 1975 1071 2052; baseline 0 -16"><span class='ocrx_word' id='word_1_167' title='bbox 72 1977 108 2037; x_wconf 87' lang='lat' dir='ltr'><strong>ad</strong></span> <span class='ocrx_word' id='word_1_168' title='bbox 127 1976 258 2036; x_wconf 86' lang='lat' dir='ltr'><strong>evitanda</strong></span> <span class='ocrx_word' id='word_1_169' title='bbox 271 1977 340 2035; x_wconf 86' lang='lat' dir='ltr'><strong>vitia</strong></span> <span class='ocrx_word' id='word_1_170' title='bbox 359 1977 454 2037; x_wconf 90' lang='lat' dir='ltr'><strong>iudicii</strong></span> <span class='ocrx_word' id='word_1_171' title='bbox 475 1978 544 2036; x_wconf 87' lang='lat' dir='ltr'><strong>satis</strong></span> <span class='ocrx_word' id='word_1_172' title='bbox 564 1977 631 2052; x_wconf 87' lang='lat' dir='ltr'><strong>luit,</strong></span> <span class='ocrx_word' id='word_1_173' title='bbox 655 1975 780 2036; x_wconf 82' lang='lat' dir='ltr'><strong>sufficiat</strong></span> <span class='ocrx_word' id='word_1_174' title='bbox 796 1977 945 2051; x_wconf 87' lang='lat' dir='ltr'><strong>imaginem</strong></span> <span class='ocrx_word' id='word_1_175' title='bbox 958 1979 1071 2036; x_wconf 87' lang='lat' dir='ltr'><strong>virtutis</strong></span> 
     </span>
     <span class='ocr_line' id='line_1_22' title="bbox 73 2059 1070 2137; baseline -0.001 -17"><span class='ocrx_word' id='word_1_176' title='bbox 73 2060 216 2137; x_wconf 83' lang='lat' dir='ltr'><strong>effingere</strong></span> <span class='ocrx_word' id='word_1_177' title='bbox 233 2069 262 2119; x_wconf 89' lang='lat' dir='ltr'><strong>et</strong></span> <span class='ocrx_word' id='word_1_178' title='bbox 274 2060 377 2133; x_wconf 90' lang='lat' dir='ltr'><strong>solam,</strong></span> <span class='ocrx_word' id='word_1_179' title='bbox 392 2068 422 2119; x_wconf 90' lang='lat' dir='ltr'><strong>nt</strong></span> <span class='ocrx_word' id='word_1_180' title='bbox 435 2061 478 2119; x_wconf 90' lang='lat' dir='ltr'><strong>sic</strong></span> <span class='ocrx_word' id='word_1_181' title='bbox 492 2059 623 2134; x_wconf 83' lang='lat' dir='ltr'><strong>dixerim,</strong></span> <span class='ocrx_word' id='word_1_182' title='bbox 640 2069 733 2119; x_wconf 89' lang='lat' dir='ltr'><strong>cutem</strong></span> <span class='ocrx_word' id='word_1_183' title='bbox 749 2059 796 2119; x_wconf 93' lang='lat' dir='ltr'><strong>vel</strong></span> <span class='ocrx_word' id='word_1_184' title='bbox 813 2062 908 2137; x_wconf 87' lang='lat' dir='ltr'><strong>potius</strong></span> <span class='ocrx_word' id='word_1_185' title='bbox 924 2060 988 2119; x_wconf 90' lang='lat' dir='ltr'><strong>illas</strong></span> <span class='ocrx_word' id='word_1_186' title='bbox 1001 2059 1070 2137; x_wconf 88' lang='lat' dir='ltr'><strong>Epi·</strong></span> 
     </span>
     <span class='ocr_line' id='line_1_23' title="bbox 73 2143 1113 2222; baseline 0.006 -18"><span class='ocrx_word' id='word_1_187' title='bbox 73 2145 135 2204; x_wconf 90' lang='lat' dir='ltr'><strong>curi</strong></span> <span class='ocrx_word' id='word_1_188' title='bbox 150 2144 274 2220; x_wconf 78' lang='lat' dir='ltr'><strong>figuras,</strong></span> <span class='ocrx_word' id='word_1_189' title='bbox 298 2161 369 2222; x_wconf 89' lang='lat' dir='ltr'><strong>quas</strong></span> <span class='ocrx_word' id='word_1_190' title='bbox 391 2162 407 2203; x_wconf 90' lang='lat' dir='ltr'><strong>e</strong></span> <span class='ocrx_word' id='word_1_191' title='bbox 427 2146 543 2203; x_wconf 92' lang='lat' dir='ltr'><strong>summis</strong></span> <span class='ocrx_word' id='word_1_192' title='bbox 564 2144 735 2222; x_wconf 88' lang='lat' dir='ltr'><strong>corporibus</strong></span> <span class='ocrx_word' id='word_1_193' title='bbox 755 2144 824 2203; x_wconf 92' lang='lat' dir='ltr'><strong>dicit</strong></span> <span class='ocrx_word' id='word_1_194' title='bbox 843 2143 974 2205; x_wconf 87' lang='lat' dir='ltr'><strong>eilluere.</strong></span> <span class='ocrx_word' id='word_1_195' title='bbox 1008 2143 1071 2206; x_wconf 90' lang='lat' dir='ltr'><strong>Hoc</strong></span> <span class='ocrx_word' id='word_1_196' title='bbox 1081 2154 1113 2211; x_wconf 85' lang='lat'><strong>16</strong></span> 
     </span>
     <span class='ocr_line' id='line_1_24' title="bbox 72 2227 1071 2306; baseline 0.003 -19"><span class='ocrx_word' id='word_1_197' title='bbox 72 2236 168 2287; x_wconf 91' lang='lat' dir='ltr'><strong>autem</strong></span> <span class='ocrx_word' id='word_1_198' title='bbox 183 2227 226 2286; x_wconf 89' lang='lat' dir='ltr'><strong>his</strong></span> <span class='ocrx_word' id='word_1_199' title='bbox 243 2227 363 2301; x_wconf 87' lang='lat' dir='ltr'><strong>accidit,</strong></span> <span class='ocrx_word' id='word_1_200' title='bbox 386 2228 434 2304; x_wconf 89' lang='lat' dir='ltr'><strong>qni</strong></span> <span class='ocrx_word' id='word_1_201' title='bbox 455 2244 511 2285; x_wconf 89' lang='lat' dir='ltr'><strong>non</strong></span> <span class='ocrx_word' id='word_1_202' title='bbox 527 2228 712 2305; x_wconf 87' lang='lat' dir='ltr'><strong>introspectis</strong></span> <span class='ocrx_word' id='word_1_203' title='bbox 729 2229 842 2306; x_wconf 90' lang='lat' dir='ltr'><strong>penitus</strong></span> <span class='ocrx_word' id='word_1_204' title='bbox 862 2229 1012 2289; x_wconf 90' lang='lat' dir='ltr'><strong>virtutibus</strong></span> <span class='ocrx_word' id='word_1_205' title='bbox 1034 2230 1071 2290; x_wconf 92' lang='lat' dir='ltr'><strong>ad</strong></span> 
     </span>
     <span class='ocr_line' id='line_1_25' title="bbox 73 2311 1070 2390; baseline 0.005 -21"><span class='ocrx_word' id='word_1_206' title='bbox 73 2313 194 2390; x_wconf 91' lang='lat' dir='ltr'><strong>primum</strong></span> <span class='ocrx_word' id='word_1_207' title='bbox 208 2328 242 2370; x_wconf 88' lang='lat' dir='ltr'><strong>se</strong></span> <span class='ocrx_word' id='word_1_208' title='bbox 258 2311 338 2371; x_wconf 86' lang='lat' dir='ltr'><strong>velut</strong></span> <span class='ocrx_word' id='word_1_209' title='bbox 353 2319 501 2388; x_wconf 89' lang='lat' dir='ltr'><strong>aspectum</strong></span> <span class='ocrx_word' id='word_1_210' title='bbox 517 2312 655 2370; x_wconf 90' lang='lat' dir='ltr'><strong>orationis</strong></span> <span class='ocrx_word' id='word_1_211' title='bbox 670 2320 817 2389; x_wconf 85' lang='lat' dir='ltr'><strong>aptarunt;</strong></span> <span class='ocrx_word' id='word_1_212' title='bbox 834 2321 864 2371; x_wconf 87' lang='lat' dir='ltr'><strong>et</strong></span> <span class='ocrx_word' id='word_1_213' title='bbox 879 2331 942 2372; x_wconf 90' lang='lat' dir='ltr'><strong>cum</strong></span> <span class='ocrx_word' id='word_1_214' title='bbox 957 2315 991 2372; x_wconf 90' lang='lat' dir='ltr'><strong>iis</strong></span> <span class='ocrx_word' id='word_1_215' title='bbox 1006 2313 1070 2374; x_wconf 89' lang='lat' dir='ltr'><strong>ieli-</strong></span> 
     </span>
     <span class='ocr_line' id='line_1_26' title="bbox 73 2394 1071 2473; baseline 0.001 -17"><span class='ocrx_word' id='word_1_216' title='bbox 73 2396 188 2456; x_wconf 89' lang='lat' dir='ltr'><strong>cissime</strong></span> <span class='ocrx_word' id='word_1_217' title='bbox 202 2397 292 2454; x_wconf 87' lang='lat' dir='ltr'><strong>cessit</strong></span> <span class='ocrx_word' id='word_1_218' title='bbox 304 2395 438 2454; x_wconf 90' lang='lat' dir='ltr'><strong>imitatio:</strong></span> <span class='ocrx_word' id='word_1_219' title='bbox 454 2394 553 2454; x_wconf 84' lang='lat' dir='ltr'><strong>verbis</strong></span> <span class='ocrx_word' id='word_1_220' title='bbox 565 2404 651 2473; x_wconf 87' lang='lat' dir='ltr'><strong>atque</strong></span> <span class='ocrx_word' id='word_1_221' title='bbox 666 2397 791 2454; x_wconf 85' lang='lat' dir='ltr'><strong>numeris</strong></span> <span class='ocrx_word' id='word_1_222' title='bbox 808 2405 872 2455; x_wconf 91' lang='lat' dir='ltr'><strong>sunt</strong></span> <span class='ocrx_word' id='word_1_223' title='bbox 885 2413 942 2455; x_wconf 89' lang='lat' dir='ltr'><strong>non</strong></span> <span class='ocrx_word' id='word_1_224' title='bbox 953 2398 1071 2457; x_wconf 89' lang='lat' dir='ltr'><strong>multum</strong></span> 
     </span>
     <span class='ocr_line' id='line_1_27' title="bbox 72 2478 1069 2558; baseline 0 -19"><span class='ocrx_word' id='word_1_225' title='bbox 72 2479 256 2554; x_wconf 80' lang='lat' dir='ltr'><strong>differentes,</strong></span> <span class='ocrx_word' id='word_1_226' title='bbox 279 2479 335 2537; x_wconf 85' lang='lat' dir='ltr'><strong>rim</strong></span> <span class='ocrx_word' id='word_1_227' title='bbox 357 2478 470 2537; x_wconf 91' lang='lat' dir='ltr'><strong>dicendi</strong></span> <span class='ocrx_word' id='word_1_228' title='bbox 494 2487 580 2556; x_wconf 88' lang='lat' dir='ltr'><strong>atque</strong></span> <span class='ocrx_word' id='word_1_229' title='bbox 602 2480 774 2538; x_wconf 84' lang='lat' dir='ltr'><strong>inventionis</strong></span> <span class='ocrx_word' id='word_1_230' title='bbox 794 2496 851 2539; x_wconf 91' lang='lat' dir='ltr'><strong>nou</strong></span> <span class='ocrx_word' id='word_1_231' title='bbox 867 2491 1069 2558; x_wconf 88' lang='lat' dir='ltr'><strong>assequuntur,</strong></span> 
     </span>
     <span class='ocr_line' id='line_1_28' title="bbox 71 2561 1070 2641; baseline 0.002 -19"><span class='ocrx_word' id='word_1_232' title='bbox 71 2561 125 2622; x_wconf 90' lang='lat' dir='ltr'><strong>sed</strong></span> <span class='ocrx_word' id='word_1_233' title='bbox 142 2562 311 2641; x_wconf 88' lang='lat' dir='ltr'><strong>plerumque</strong></span> <span class='ocrx_word' id='word_1_234' title='bbox 327 2561 472 2622; x_wconf 89' lang='lat' dir='ltr'><strong>declinant</strong></span> <span class='ocrx_word' id='word_1_235' title='bbox 491 2564 518 2621; x_wconf 90' lang='lat' dir='ltr'><strong>iu</strong></span> <span class='ocrx_word' id='word_1_236' title='bbox 534 2563 616 2640; x_wconf 91' lang='lat' dir='ltr'><strong>peius</strong></span> <span class='ocrx_word' id='word_1_237' title='bbox 639 2572 668 2622; x_wconf 89' lang='lat' dir='ltr'><strong>et</strong></span> <span class='ocrx_word' id='word_1_238' title='bbox 683 2565 812 2641; x_wconf 81' lang='lat' dir='ltr'><strong>proxima</strong></span> <span class='ocrx_word' id='word_1_239' title='bbox 834 2564 984 2625; x_wconf 86' lang='lat' dir='ltr'><strong>virtutibus</strong></span> <span class='ocrx_word' id='word_1_240' title='bbox 1001 2566 1070 2624; x_wconf 86' lang='lat' dir='ltr'><strong>vitia</strong></span> 
     </span>
     <span class='ocr_line' id='line_1_29' title="bbox 73 2645 1068 2725; baseline 0.002 -21"><span class='ocrx_word' id='word_1_241' title='bbox 73 2645 318 2722; x_wconf 85' lang='lat' dir='ltr'><strong>comprehendunt</strong></span> <span class='ocrx_word' id='word_1_242' title='bbox 335 2646 461 2724; x_wconf 86' lang='lat' dir='ltr'><strong>fiuntque</strong></span> <span class='ocrx_word' id='word_1_243' title='bbox 476 2664 529 2724; x_wconf 95' lang='lat' dir='ltr'><strong>pro</strong></span> <span class='ocrx_word' id='word_1_244' title='bbox 545 2646 701 2725; x_wconf 86' lang='lat' dir='ltr'><strong>grandibus</strong></span> <span class='ocrx_word' id='word_1_245' title='bbox 713 2648 820 2722; x_wconf 90' lang='lat' dir='ltr'><strong>tumidi,</strong></span> <span class='ocrx_word' id='word_1_246' title='bbox 838 2650 946 2725; x_wconf 87' lang='lat' dir='ltr'><strong>pressis</strong></span> <span class='ocrx_word' id='word_1_247' title='bbox 963 2648 1068 2722; x_wconf 83' lang='lat' dir='ltr'><strong>exiles,</strong></span> 
     </span>
     <span class='ocr_line' id='line_1_30' title="bbox 71 2727 1068 2810; baseline 0.002 -23"><span class='ocrx_word' id='word_1_248' title='bbox 71 2727 194 2788; x_wconf 77' lang='lat' dir='ltr'><strong>fortibus</strong></span> <span class='ocrx_word' id='word_1_249' title='bbox 209 2731 363 2805; x_wconf 89' lang='lat' dir='ltr'><strong>temerarii,</strong></span> <span class='ocrx_word' id='word_1_250' title='bbox 380 2729 464 2790; x_wconf 90' lang='lat' dir='ltr'><strong>laetis</strong></span> <span class='ocrx_word' id='word_1_251' title='bbox 477 2732 616 2809; x_wconf 91' lang='lat' dir='ltr'><strong>corrupti,</strong></span> <span class='ocrx_word' id='word_1_252' title='bbox 632 2733 800 2810; x_wconf 89' lang='lat' dir='ltr'><strong>compositis</strong></span> <span class='ocrx_word' id='word_1_253' title='bbox 813 2731 985 2803; x_wconf 85' lang='lat' dir='ltr'><strong>exultantes,</strong></span> <span class='ocrx_word' id='word_1_254' title='bbox 1003 2732 1068 2789; x_wconf 92' lang='lat' dir='ltr'><strong>sim·</strong></span> 
     </span>
     <span class='ocr_line' id='line_1_31' title="bbox 71 2812 1111 2892; baseline 0.007 -20"><span class='ocrx_word' id='word_1_255' title='bbox 71 2812 195 2892; x_wconf 86' lang='lat' dir='ltr'><strong>plicibus</strong></span> <span class='ocrx_word' id='word_1_256' title='bbox 211 2812 403 2890; x_wconf 88' lang='lat' dir='ltr'><strong>negligentes.</strong></span> <span class='ocrx_word' id='word_1_257' title='bbox 436 2813 564 2892; x_wconf 89' lang='lat' dir='ltr'><strong>ldeoqne</strong></span> <span class='ocrx_word' id='word_1_258' title='bbox 581 2816 629 2891; x_wconf 92' lang='lat' dir='ltr'><strong>qui</strong></span> <span class='ocrx_word' id='word_1_259' title='bbox 645 2815 760 2876; x_wconf 88' lang='lat' dir='ltr'><strong>horride</strong></span> <span class='ocrx_word' id='word_1_260' title='bbox 776 2824 862 2891; x_wconf 90' lang='lat' dir='ltr'><strong>atque</strong></span> <span class='ocrx_word' id='word_1_261' title='bbox 877 2816 1068 2892; x_wconf 87' lang='lat' dir='ltr'><strong>incomposite</strong></span> <span class='ocrx_word' id='word_1_262' title='bbox 1079 2824 1111 2879; x_wconf 88' lang='grc'><strong>17</strong></span> 
     </span>
     <span class='ocr_line' id='line_1_32' title="bbox 71 2895 1156 2975; baseline 0.005 -20"><span class='ocrx_word' id='word_1_263' title='bbox 71 2895 227 2975; x_wconf 90' lang='lat' dir='ltr'><strong>quamlibet</strong></span> <span class='ocrx_word' id='word_1_264' title='bbox 252 2896 322 2956; x_wconf 91' lang='lat' dir='ltr'><strong>illud</strong></span> <span class='ocrx_word' id='word_1_265' title='bbox 347 2895 481 2973; x_wconf 82' lang='lat' dir='ltr'><strong>frigidum</strong></span> <span class='ocrx_word' id='word_1_266' title='bbox 510 2906 539 2957; x_wconf 87' lang='lat' dir='ltr'><strong>et</strong></span> <span class='ocrx_word' id='word_1_267' title='bbox 563 2900 647 2957; x_wconf 90' lang='lat' dir='ltr'><strong>inane</strong></span> <span class='ocrx_word' id='word_1_268' title='bbox 675 2899 853 2973; x_wconf 83' lang='lat' dir='ltr'><strong>extulerunt,</strong></span> <span class='ocrx_word' id='word_1_269' title='bbox 884 2899 1006 2974; x_wconf 85' lang='lat' dir='ltr'><strong>antiquis</strong></span> <span class='ocrx_word' id='word_1_270' title='bbox 1034 2917 1068 2957; x_wconf 88' lang='lat' dir='ltr'><strong>se</strong></span> <span class='ocrx_word' id='word_1_271' title='bbox 1152 2951 1156 2960; x_wconf 75' lang='grc'>,</span> 
     </span>
     <span class='ocr_line' id='line_1_33' title="bbox 71 2975 1068 3060; baseline 0.001 -20"><span class='ocrx_word' id='word_1_272' title='bbox 71 2998 158 3060; x_wconf 87' lang='lat' dir='ltr'><strong>pares</strong></span> <span class='ocrx_word' id='word_1_273' title='bbox 175 2979 306 3047; x_wconf 89' lang='lat' dir='ltr'><strong>credunt;</strong></span> <span class='ocrx_word' id='word_1_274' title='bbox 323 2981 371 3059; x_wconf 90' lang='lat' dir='ltr'><strong>qui</strong></span> <span class='ocrx_word' id='word_1_275' title='bbox 391 2990 490 3041; x_wconf 86' lang='lat' dir='ltr'><strong>carent</strong></span> <span class='ocrx_word' id='word_1_276' title='bbox 505 2981 582 3042; x_wconf 89' lang='lat' dir='ltr'><strong>cultu</strong></span> <span class='ocrx_word' id='word_1_277' title='bbox 600 2975 687 3060; x_wconf 78' lang='lat' dir='ltr'><strong>alque</strong></span> <span class='ocrx_word' id='word_1_278' title='bbox 705 2982 870 3056; x_wconf 88' lang='lat' dir='ltr'><strong>sententiis,</strong></span> <span class='ocrx_word' id='word_1_279' title='bbox 891 2981 995 3041; x_wconf 81' lang='lat' dir='ltr'><strong>Atticis</strong></span> <span class='ocrx_word' id='word_1_280' title='bbox 1011 2983 1068 3041; x_wconf 87' lang='lat' dir='ltr'><strong>sci·</strong></span> 
     </span>
     <span class='ocr_line' id='line_1_34' title="bbox 71 3064 1066 3144; baseline 0 -19"><span class='ocrx_word' id='word_1_281' title='bbox 71 3066 155 3130; x_wconf 76' lang='lat' dir='ltr'><strong>licet:</strong></span> <span class='ocrx_word' id='word_1_282' title='bbox 174 3064 221 3140; x_wconf 91' lang='lat' dir='ltr'><strong>qui</strong></span> <span class='ocrx_word' id='word_1_283' title='bbox 236 3064 377 3141; x_wconf 87' lang='lat' dir='ltr'><strong>praecisis</strong></span> <span class='ocrx_word' id='word_1_284' title='bbox 397 3065 780 3139; x_wconf 88' lang='lat' dir='ltr'><strong>conclusionibus-obscuri,</strong></span> <span class='ocrx_word' id='word_1_285' title='bbox 800 3064 962 3124; x_wconf 87' lang='lat' dir='ltr'><strong>Sallustium</strong></span> <span class='ocrx_word' id='word_1_286' title='bbox 978 3075 1066 3144; x_wconf 86' lang='lat' dir='ltr'><strong>atque</strong></span> 
     </span>
     <span class='ocr_line' id='line_1_35' title="bbox 72 3147 1064 3225; baseline 0.001 -17"><span class='ocrx_word' id='word_1_287' title='bbox 72 3147 267 3221; x_wconf 76' lang='lat' dir='ltr'><strong>Thucydidem</strong></span> <span class='ocrx_word' id='word_1_288' title='bbox 282 3158 432 3225; x_wconf 82' lang='lat' dir='ltr'><strong>superant:</strong></span> <span class='ocrx_word' id='word_1_289' title='bbox 449 3149 546 3208; x_wconf 90' lang='lat' dir='ltr'><strong>tristes</strong></span> <span class='ocrx_word' id='word_1_290' title='bbox 556 3167 591 3208; x_wconf 88' lang='lat' dir='ltr'><strong>ac</strong></span> <span class='ocrx_word' id='word_1_291' title='bbox 605 3150 692 3208; x_wconf 90' lang='lat' dir='ltr'><strong>ieiuni</strong></span> <span class='ocrx_word' id='word_1_292' title='bbox 702 3148 863 3208; x_wconf 91' lang='lat' dir='ltr'><strong>Pollionem</strong></span> <span class='ocrx_word' id='word_1_293' title='bbox 874 3149 1064 3217; x_wconf 73' lang='lat' dir='ltr'><strong>aemulantum</strong></span> 
     </span>
     <span class='ocr_line' id='line_1_36' title="bbox 73 3231 1067 3310; baseline 0.002 -20"><span class='ocrx_word' id='word_1_294' title='bbox 73 3231 158 3290; x_wconf 91' lang='lat' dir='ltr'><strong>otiosi</strong></span> <span class='ocrx_word' id='word_1_295' title='bbox 174 3239 203 3288; x_wconf 86' lang='lat' dir='ltr'><strong>et</strong></span> <span class='ocrx_word' id='word_1_296' title='bbox 220 3231 324 3308; x_wconf 89' lang='lat' dir='ltr'><strong>supini,</strong></span> <span class='ocrx_word' id='word_1_297' title='bbox 340 3232 364 3290; x_wconf 93' lang='lat' dir='ltr'><strong>si</strong></span> <span class='ocrx_word' id='word_1_298' title='bbox 380 3233 445 3310; x_wconf 89' lang='lat' dir='ltr'><strong>quid</strong></span> <span class='ocrx_word' id='word_1_299' title='bbox 460 3233 545 3292; x_wconf 92' lang='lat' dir='ltr'><strong>modo</strong></span> <span class='ocrx_word' id='word_1_300' title='bbox 562 3233 677 3310; x_wconf 86' lang='lat' dir='ltr'><strong>longios</strong></span> <span class='ocrx_word' id='word_1_301' title='bbox 694 3232 958 3307; x_wconf 81' lang='lat' dir='ltr'><strong>circumduxerunt,</strong></span> <span class='ocrx_word' id='word_1_302' title='bbox 974 3235 1067 3293; x_wconf 87' lang='lat' dir='ltr'><strong>iurant</strong></span> 
     </span>
     <span class='ocr_line' id='line_1_37' title="bbox 73 3312 1109 3395; baseline 0.009 -22"><span class='ocrx_word' id='word_1_303' title='bbox 73 3316 110 3374; x_wconf 94' lang='lat' dir='ltr'><strong>ita</strong></span> <span class='ocrx_word' id='word_1_304' title='bbox 127 3312 300 3373; x_wconf 83' lang='lat' dir='ltr'><strong>Ciceronem</strong></span> <span class='ocrx_word' id='word_1_305' title='bbox 323 3314 483 3375; x_wconf 89' lang='lat' dir='ltr'><strong>locuturum</strong></span> <span class='ocrx_word' id='word_1_306' title='bbox 501 3317 600 3376; x_wconf 86' lang='lat' dir='ltr'><strong>luisse.</strong></span> <span class='ocrx_word' id='word_1_307' title='bbox 631 3313 774 3375; x_wconf 84' lang='lat' dir='ltr'><strong>Noveram</strong></span> <span class='ocrx_word' id='word_1_308' title='bbox 791 3317 946 3394; x_wconf 90' lang='lat' dir='ltr'><strong>quosdam,</strong></span> <span class='ocrx_word' id='word_1_309' title='bbox 965 3319 1013 3395; x_wconf 90' lang='lat' dir='ltr'><strong>qui</strong></span> <span class='ocrx_word' id='word_1_310' title='bbox 1032 3334 1064 3375; x_wconf 89' lang='lat' dir='ltr'><strong>se</strong></span> <span class='ocrx_word' id='word_1_311' title='bbox 1074 3327 1109 3381; x_wconf 84' lang='lat'><strong>18</strong></span> 
     </span>
     <span class='ocr_line' id='line_1_38' title="bbox 72 3398 1064 3477; baseline 0 -19"><span class='ocrx_word' id='word_1_312' title='bbox 72 3398 192 3477; x_wconf 88' lang='lat' dir='ltr'><strong>pulchre</strong></span> <span class='ocrx_word' id='word_1_313' title='bbox 215 3398 398 3474; x_wconf 79' lang='lat' dir='ltr'><strong>expressisse</strong></span> <span class='ocrx_word' id='word_1_314' title='bbox 419 3418 510 3476; x_wconf 89' lang='lat' dir='ltr'><strong>genus</strong></span> <span class='ocrx_word' id='word_1_315' title='bbox 531 3399 601 3460; x_wconf 91' lang='lat' dir='ltr'><strong>illud</strong></span> <span class='ocrx_word' id='word_1_316' title='bbox 633 3399 772 3459; x_wconf 90' lang='lat' dir='ltr'><strong>coelestis</strong></span> <span class='ocrx_word' id='word_1_317' title='bbox 793 3400 875 3459; x_wconf 87' lang='lat' dir='ltr'><strong>buius</strong></span> <span class='ocrx_word' id='word_1_318' title='bbox 895 3400 1064 3460; x_wconf 90' lang='lat' dir='ltr'><strong>indicendo</strong></span> 
     </span>
     <span class='ocr_line' id='line_1_39' title="bbox 70 3480 1065 3564; baseline 0.002 -20"><span class='ocrx_word' id='word_1_319' title='bbox 70 3480 193 3560; x_wconf 79' lang='lat' dir='ltr'><strong>nirisibi</strong></span> <span class='ocrx_word' id='word_1_320' title='bbox 206 3482 388 3564; x_wconf 73' lang='lat' dir='ltr'><strong>riderentur,</strong></span> <span class='ocrx_word' id='word_1_321' title='bbox 404 3484 429 3543; x_wconf 90' lang='lat' dir='ltr'><strong>si</strong></span> <span class='ocrx_word' id='word_1_322' title='bbox 444 3485 472 3543; x_wconf 89' lang='lat' dir='ltr'><strong>in</strong></span> <span class='ocrx_word' id='word_1_323' title='bbox 487 3483 615 3545; x_wconf 88' lang='lat' dir='ltr'><strong>clausula</strong></span> <span class='ocrx_word' id='word_1_324' title='bbox 630 3484 795 3562; x_wconf 88' lang='lat' dir='ltr'><strong>posuissent</strong></span> <span class='ocrx_word' id='word_1_325' title='bbox 815 3481 894 3547; x_wconf 80' lang='lat' dir='ltr'><strong>Esse</strong></span> <span class='ocrx_word' id='word_1_326' title='bbox 910 3486 1065 3548; x_wconf 79' lang='lat' dir='ltr'><strong>videatur.</strong></span> 
     </span>
    </p>
   </div>
   <div class='ocr_carea' id='block_1_3' title="bbox 0 0 1222 3925">
    <p class='ocr_par' dir='ltr' id='par_1_4' title="bbox 0 0 1222 3925">
     <span class='ocr_line' id='line_1_40' title="bbox 0 0 1222 3925; baseline 0 0"><span class='ocrx_word' id='word_1_327' title='bbox 0 0 1222 3925; x_wconf 95' lang='lat' dir='ltr'><strong> </strong></span> 
     </span>
    </p>
   </div>
  </div>
 </body>
</html>
