2434 3925
362 176 829 246 msr.onnuon.nm.vm,o.
1053 165 1097 229 7⁹

100 337 207 409 cimus,
229 341 258 394 et
279 335 403 394 earmina
423 333 545 411 Vergilii
565 332 747 412 Verailiam,·
768 334 887 394 emisse
908 341 1093 410 commeatus,

101 411 149 497 qui
169 418 337 485 ederentur;
361 419 557 497 saerileyiam
572 420 807 497 deprehensam,
828 433 885 475 non
905 415 1093 495 sacrilegum

99 521 253 564 annnorum
267 503 424 562 seientiam
434 502 562 577 labere,
579 519 636 560 non
652 502 729 572 artis.
759 499 832 559 lllud
849 515 964 579 quoqne
980 510 1009 561 st
1025 509 1135 580 poe-nl

101 588 138 645 tis
154 595 183 645 et
198 584 359 645 oratoribus
374 584 527 662 frequens,
543 586 661 663 quaid,
680 584 756 662 quod
772 584 879 658 eflicit,
894 597 931 643 ex
945 602 999 661 eo,
1018 586 1094 663 quod

104 669 244 744 eflicitur,
259 668 446 728 ostendimus.
478 668 550 727 Nam
564 678 593 728 et
606 671 759 728 carminum
776 674 926 731 auctores:

143 751 265 815 Pallida
279 771 361 815 mas
381 771 478 831 aequo
493 753 597 831 pateat
614 755 695 831 pede
707 767 881 832 pauonum
895 753 1052 826 tabernas,

100 844 129 896 et

84 925 88 934 “
142 919 506 997 Ραιισιιιειᾳιιειιιιὺιιαιιι
526 920 624 983 morbi
637 920 794 997 tristisque
810 927 969 988 senectae;

100 1013 130 1062 et
150 1013 248 1063 orator
260 1006 460 1083 praeeipitem
473 1006 570 1082 iram,
584 1004 714 1066 litarem
729 1004 981 1079 adolescentiam,
1001 1023 1094 1083 neone

99 1089 190 1148 oliam
205 1088 290 1147 diuet.

184 1169 236 1231 ltu
251 1174 335 1230 etlam
350 1171 416 1231 huie
437 1179 522 1249 tropo
545 1169 685 1250 quaedam
702 1187 765 1229 eum
780 1170 966 1246 synecdoche
982 1171 1137 1231 vicinia.28

97 1254 186 1329 Nam,
210 1274 272 1314 eum
293 1255 358 1314 dieo
378 1255 478 1316 nullas
498 1256 627 1317 laminis
647 1270 700 1332 pro
720 1254 816 1330 vultu,
846 1256 911 1314 dieo
933 1254 1093 1332 pluraliter,

99 1337 177 1417 quod
192 1338 338 1415 singulare
354 1347 413 1406 est;
433 1338 486 1398 sed
500 1356 557 1398 non
568 1337 597 1397 id
609 1353 677 1415 ego,
693 1346 724 1397 ut
738 1356 822 1398 unum
835 1357 871 1397 ex
885 1338 979 1397 multis
991 1338 1094 1397 intelli·

98 1431 202 1498 gutur,
220 1423 298 1500 (nam
314 1422 341 1481 id
364 1431 408 1481 est
422 1423 618 1501 manifestum)
637 1422 689 1481 sed
709 1439 813 1480 nornen
834 1425 963 1488 immuto;
988 1431 1017 1482 et
1032 1441 1095 1482 eum

100 1514 199 1565 aurata
211 1515 287 1565 tectu
298 1525 413 1567 aurea:
432 1507 566 1585 pusillam
581 1506 617 1565 ab
630 1524 664 1565 ea
680 1506 810 1583 diseede,
831 1509 896 1584 quia
912 1515 1025 1565 nonest
1041 1509 1095 1566 nisi

98 1606 168 1667 pars
181 1598 321 1649 aurnturu.
344 1588 425 1662 Quae
440 1587 553 1667 singula
565 1591 670 1668 exequi
681 1591 839 1652 minutioris
851 1600 896 1650 est
909 1608 996 1650 auree
1011 1592 1095 1650 etiam

98 1689 156 1731 nou
173 1683 319 1732 oratorem
334 1673 547 1732 instruentibus.

183 1756 461 1832 antonomasia,
480 1773 554 1835 quae
569 1757 677 1835 aliquid
692 1774 745 1834 pro
760 1760 873 1817 nomine
888 1759 982 1836 ponit,
999 1758 1137 1834 poetistll

98 1850 222 1918 utroque
239 1841 325 1900 modo
341 1841 586 1919 frequentissima,
610 1850 639 1900 et
653 1858 706 1918 per
722 1841 885 1919 epitheton,
910 1840 986 1918 quod
1001 1840 1094 1899 detra·

99 1934 147 1985 eto
163 1941 216 2001 eo,
232 1926 279 1985 eui
293 1926 462 2004 apponitur,
477 1924 556 1985 valet
570 1942 625 2003 pro
639 1925 770 2000 nomine,
790 1924 939 2006 Tydides,
954 1922 1094 1987 Pelides:

99 2019 129 2069 et
142 2026 180 2068 en
194 2009 256 2086 his,
276 2027 350 2087 quae
365 2010 394 2067 ln
408 2025 525 2088 quoque
540 2018 605 2068 sunt
620 2010 793 2088 praecipua:

263 2127 305 2139 -
318 2092 430 2153 Divum
443 2101 536 2172 paler·
549 2102 641 2171 alque
655 2094 805 2155 deminans
818 2111 896 2164 reon·

102 2186 131 2236 et
146 2195 183 2236 ex
197 2177 299 2252 lactis,
318 2177 420 2254 quibus
435 2194 560 2255 persona
576 2179 719 2254 signatur:

262 2293 304 2305 -—
322 2258 465 2323 l'lralamo
478 2277 559 2339 qaae
573 2262 640 2339 fisa
656 2262 777 2339 reliquit
790 2259 916 2339 impiae.

99 2343 268 2403 Oratoribus
283 2344 395 2404 'etiamsi
416 2363 497 2404 rurus
519 2347 581 2404 eius
596 2347 655 2421 rei,
678 2345 830 2405 nonnullus
847 2354 940 2404 tumen
955 2360 1023 2402 usus
1040 2351 1138 2407 est-30

104 2425 177 2486 Nam
197 2437 227 2486 ut
245 2426 381 2507 Tydiden
395 2421 427 2488 et
447 2427 571 2491 Peliden
591 2446 649 2488 non
671 2429 809 2490 dixerint:
832 2432 870 2488 itu
892 2429 1023 2488 dixerunt
1037 2429 1094 2487 ins·

98 2514 184 2589 muni
199 2519 228 2570 et
238 2514 453 2590 pamieidam
470 2532 641 2576 eversorem
656 2530 772 2592 quoqne
785 2512 980 2590 Oartlaaiais
990 2518 1019 2571 et
1029 2509 1094 2570 Na-

98 2595 232 2656 mantiae
243 2613 296 2674 pro
308 2597 444 2675 Scipione
457 2606 486 2656 et
494 2597 652 2659 Romana
663 2599 851 2675 eloquentiae
858 2598 1029 2676 adamarent
1040 2610 1095 2673 pro

100 2675 242 2738 Cicerone
258 2681 392 2757 posuisse
407 2697 464 2739 uon
479 2680 617 2740 dubitent.
660 2680 728 2760 Ipse
744 2690 824 2741 eerte
840 2699 908 2739 usus
931 2688 976 2739 est
991 2676 1046 2737 hae
1062 2677 1094 2736 li·

99 2760 225 2823 bertate:
240 2761 308 2826 Neo
320 2765 413 2825 malta
425 2782 555 2843 peenas,
570 2766 668 2842 inquit
681 2766 731 2826 ille
743 2766 907 2844 satissime
916 2765 982 2824 aira
993 2762 1095 2823 senior
1116 2784 1118 2789 ·

100 2847 253 2923 maaieter.
290 2847 428 2908 Neutrum
450 2849 525 2908 enim
549 2865 653 2909 nomen
677 2857 723 2909 est
742 2851 866 2927 positum
890 2854 920 2905 et
944 2854 1094 2924 utrumque

99 2929 277 3006 intelligitur.

180 3007 467 3091 Ὀνοματοποιΐα
482 3016 613 3092 quidem,
630 3014 715 3074 idest
729 3014 807 3073 liotio
822 3014 959 3089 nominis,
977 3010 1136 3077 draconar

98 3098 173 3155 inter
187 3100 324 3158 maximas
342 3097 438 3158 habita
454 3101 591 3176 virtutes,
609 3098 693 3158 uobis
706 3100 754 3157 vix
769 3098 949 3176 permittitur.
981 3095 1018 3156 Et
1030 3105 1095 3157 sunt

99 3179 220 3257 plurima
235 3183 274 3242 ite
289 3184 384 3260 posita
399 3182 434 3243 ab
447 3183 496 3258 iis,
514 3186 561 3260 qui
576 3200 738 3242 sermonem
755 3182 837 3260 primi
855 3180 985 3240 iecerunt
996 3190 1093 3259 aptun-

100 3273 145 3323 tes
157 3264 308 3325 ulieetibus
323 3283 435 3326 vocem.
459 3267 529 3326 Nam
544 3268 675 3345 mayitrts
686 3275 715 3325 et
725 3267 832 3327 sibilas
842 3272 872 3325 et
882 3281 1020 3325 marmur
1030 3264 1095 3322 inde

100 3357 249 3408 venerunt.
294 3348 421 3426 Deinde,
448 3359 580 3428 tanquam
603 3358 795 3409 consummata
815 3350 871 3408 sint
892 3349 1000 3423 omnia,
1028 3344 1137 3410 nihilne

99 3449 243 3508 generare
264 3431 400 3492 nudemus
425 3435 496 3514 ipsi,
522 3451 586 3496 oum
605 3433 694 3494 multu
709 3433 815 3494 ootidie
836 3432 872 3494 ab
889 3434 1011 3511 antiquis
1028 3430 1095 3492 lietu
