2434 3925
352 218 441 268 mar.
458 219 606 269 olearon.
623 220 693 269 crs.
711 221 762 286 vs,
777 217 803 270 3.
1008 207 1070 271 275

79 374 170 451 tibus,
190 375 267 452 quod
282 376 486 451 sexagenarius
505 372 655 445 Publiliam
667 375 807 450 virginem
821 374 966 450 duxisset,
993 372 1072 437 Cras
1140 423 1142 429 .

81 459 194 520 mulier
208 462 280 535 crit,
300 460 399 537 inquit.
433 457 497 516 Hoc
516 475 608 533 genus
631 458 697 518 dicti
719 475 955 535 consequens
968 469 1113 526 vocantia

79 543 209 620 quidam,
225 552 310 620 atque
327 543 369 602 illi
384 541 492 615 simile,
518 540 594 617 quod
613 539 717 602 Cicero
734 540 886 602 Curionem
906 560 1021 622 semper
1037 542 1071 604 ab

82 628 272 686 excusatione
287 629 389 689 aetatis
404 626 602 703 incipientem,
619 625 744 702 facilius
758 627 869 687 cotidie
887 629 1073 704 prooemium

82 711 210 784 babere,
228 710 312 778 dixin
333 713 399 787 quia
410 710 464 769 ista
478 718 577 768 natura
592 710 676 787 sequi
694 717 722 767 et
738 710 896 768 cohaerere
912 710 1070 770 videantur.

82 793 144 853 Sed
162 792 293 853 elevandi
314 811 404 871 genus
431 802 475 852 εει
501 794 586 852 etiam
611 810 800 852 causarum
813 793 935 868 relatio,
953 813 1009 872 qua
1026 793 1071 854 Ci·
1080 804 1113 860 77

82 893 155 936 cero
175 886 221 936 est
242 876 311 935 usus'
330 878 359 937 in
377 877 527 936 Vatinium.
565 876 621 949 Qui
637 875 758 953 pedibus
774 895 880 952 aeger,
904 895 966 935 curn
981 879 1074 939 vellet

81 961 176 1020 videri
191 962 392 1020 commodioris
407 960 577 1020 valetudinis
591 960 684 1019 iactus
701 969 730 1018 et
745 960 869 1036 diceret,
885 979 918 1019 se
935 963 990 1020 iam
1006 962 1073 1023 bina

81 1045 162 1104 milia
176 1062 309 1122 passuum
325 1044 486 1118 ambulare,
501 1042 577 1104 Dice
590 1044 686 1119 caim,
706 1045 812 1120 inquit,
832 1046 982 1123 lonqiorce
993 1055 1072 1107 susat.

83 1126 123 1186 Et
144 1128 292 1204 Augustus
311 1127 502 1189 nuntiantibus
524 1127 806 1202 Tarraconensibus,
829 1128 951 1205 palmam
973 1132 1002 1188 in
1024 1146 1073 1190 ara

83 1214 147 1271 eius
173 1221 298 1287 enatam,
324 1211 476 1291 Apparet,
509 1212 615 1288 inquit,
646 1228 739 1289 qoam
766 1229 860 1291 coepe
884 1214 1073 1275 occcaudotia.

83 1295 295 1355 Transtulit
316 1299 422 1373 crimen
438 1294 554 1355 Cassius
569 1296 706 1355 Severus.
741 1294 812 1355 Nam
828 1315 891 1355 cum
906 1296 1115 1374 obiurgare-78

81 1388 130 1438 tur
145 1397 162 1438 a
177 1389 328 1457 praetore,
350 1380 426 1457 quod
441 1380 572 1439 advocati
594 1380 655 1438 eius
674 1378 704 1438 L.
720 1378 798 1439 Varo
813 1380 977 1458 Epicureo,
1000 1379 1072 1440 Cae-

4 1492 5 1505 *
81 1464 158 1522 saris
178 1465 281 1537 amico,
298 1465 455 1522 convicium
467 1463 622 1539 iecissent,
638 1461 766 1542 Nescio,
781 1466 886 1542 inquit,
902 1466 955 1543 qui
969 1467 1072 1526 coaci-

82 1548 159 1608 cioti
172 1547 241 1620 sict,
257 1556 285 1606 et
298 1555 370 1624 puto
384 1545 503 1608 Stoicos
518 1546 624 1625 (aiace.

168 1629 464 1707 Repercutieudi
484 1629 570 1689 multa
595 1638 660 1689 sunt
683 1648 809 1707 genera,
832 1631 1072 1707 venustissimum,

84 1713 163 1791 quod
179 1716 263 1773 etiam
277 1714 460 1774 similitudine
479 1714 573 1791 aliqua
588 1713 671 1773 verbi
688 1715 849 1773 adiuvatur:
872 1724 902 1773 ut
916 1714 1072 1775 Trachalus

83 1797 191 1859 dicenti
207 1798 318 1873 Suelio,
332 1797 368 1857 Si
379 1799 435 1859 lucc
449 1799 493 1859 ito
508 1807 568 1872 cat,
588 1799 617 1858 is
629 1800 662 1858 ia
674 1800 815 1864 acilium,⁸
834 1800 862 1858 ai
881 1818 941 1858 non
958 1807 1002 1859 cst
1015 1801 1071 1873 ito,

82 1883 187 1955 redis,
208 1883 307 1958 inquit.
344 1881 465 1940 Elusit
486 1880 602 1941 Cassius
624 1883 750 1941 Severus
772 1880 925 1941 obiiciente
940 1881 1071 1957 quodam,
1080 1886 1113 1940 79

4 1973 6 1998 ¹
83 1966 163 2043 quod
185 1967 212 2025 ei
233 1967 317 2026 domo
340 1985 391 2026 sua
422 1966 591 2025 Proculeius
620 1965 832 2040 interdixisset,
858 1965 1071 2042 respondendo,

81 2047 239 2127 Numquid
253 2069 323 2128 croc
336 2053 409 2112 illuc
423 2052 559 2111 accedo?
587 2051 636 2112 Sic
656 2050 778 2109 eluditur
797 2058 826 2109 et
843 2048 993 2108 ridiculum
1006 2048 1073 2106 ridi·

84 2133 169 2193 culo:
195 2142 225 2192 ut
240 2133 320 2193 divus
335 2133 499 2211 Augustus,
516 2151 579 2192 curn
599 2135 626 2192 ei
642 2133 715 2194 Calli
729 2143 861 2211 torquem
875 2150 991 2191 aureum
1006 2150 1072 2190 cen·

82 2226 143 2277 tum
158 2218 253 2294 pondo
271 2217 427 2292 dedissent,
440 2227 468 2276 et
482 2216 636 2277 Dolabella
652 2235 706 2295 per
720 2217 813 2276 iocum
827 2225 967 2294 temptans
979 2225 1073 2274 tamen

81 2301 142 2360 ioci
158 2301 202 2361 sui
220 2311 351 2360 eventum
366 2302 495 2375 dixisset,
511 2300 694 2379 Imperator,
710 2310 815 2378 torque
830 2320 877 2362 me
894 2302 992 2361 dono.-
1007 2298 1073 2360 Mo·

82 2386 123 2461 lo,
140 2385 240 2461 inquit,
257 2395 303 2445 ter
317 2387 416 2446 cioico
434 2387 551 2446 donare
557 2408 571 2455 ;
586 2386 762 2445 mendacium
782 2402 898 2463 quoque
913 2384 1116 2458 mendacioso

4 2475 5 2482 ’
83 2478 115 2528 ιιι
131 2468 237 2542 Galba,
254 2468 366 2529 dicente
382 2469 519 2547 quodam,
543 2470 695 2528 victoriato
714 2488 746 2528 se
762 2487 818 2529 uno
833 2471 862 2527 in
877 2469 974 2529 Sicilia
993 2470 1072 2545 quiu-

84 2570 141 2630 que
162 2551 252 2630 pedes
277 2552 390 2629 longam
405 2570 549 2612 murenam
570 2554 689 2612 emisse:
710 2552 806 2629 Nihil,
822 2554 928 2630 inquit,
944 2554 1072 2622 minuam

83 2653 157 2697 nam
170 2636 213 2697 ibi
227 2644 288 2697 tom
300 2638 408 2715 touque
421 2646 605 2712 noscuntur,
626 2644 659 2697 ut
672 2638 712 2697 iia
724 2640 894 2716 piscatores
906 2655 964 2714 pro
982 2637 1072 2695 resti-

4 2777 5 2780 ,
84 2720 143 2780 bus
170 2722 374 2796 cingantur.
421 2718 570 2781 Contraria
600 2729 645 2779 εει
664 2724 779 2798 neganti
808 2719 1111 2781 confessionis&

84 2801 242 2877 simulatio,
269 2804 321 2863 sed
341 2807 403 2882 ipsa
425 2822 541 2882 quoque
561 2804 677 2862 multum
701 2805 787 2865 habet
810 2804 986 2863 urbanitatis.
1024 2802 1073 2861 Sic

85 2884 168 2960 Ales,
186 2903 250 2944 cum
265 2897 367 2963 ageret
382 2897 481 2947 contra
497 2887 629 2947 libertum
646 2885 757 2948 Claudii
772 2887 916 2959 Caesaris,
937 2894 965 2943 ει
980 2902 1017 2943 ex
1032 2884 1073 2944 di·

83 2985 171 3027 verso
189 2970 300 3046 quidam
322 2971 498 3030 condicionis
519 2970 663 3045 eiusdem,
688 2974 767 3031 ouius
783 2981 844 3031 erat
861 2968 1004 3045 litigator,
1023 2986 1072 3027 ex·

85 3052 253 3128 clamasset,
269 3053 434 3117 Praetereo
450 3062 481 3115 tu
495 3072 614 3133 semper
629 3056 662 3116 ia
675 3057 798 3118 libertos
814 3053 960 3116 Caesario
977 3054 1072 3113 dicia:

84 3134 150 3196 Nec
169 3138 365 3214 aocbercole,
381 3139 486 3215 inquit,
511 3140 673 3217 quicquum
693 3140 828 3218 proficio.
874 3137 925 3196 Cui
950 3139 1074 3196 vicinum

85 3228 130 3278 est
144 3237 201 3279 nou
215 3239 341 3298 negare,
358 3223 434 3298 quod
452 3222 602 3298 obiicitur,
628 3241 691 3282 cum
713 3233 742 3283 et
759 3225 787 3284 id
802 3223 896 3301 palam
910 3221 1012 3281 lalsurn
1028 3228 1073 3279 est

85 3304 192 3362 atinde
208 3307 325 3364 materia
345 3305 420 3365 bene
440 3306 634 3383 respondendi
652 3307 748 3367 datur:
774 3316 805 3367 ut
829 3305 945 3366 Catulus
967 3303 1072 3365 dicenti

84 3385 232 3464 Philippo,
256 3387 337 3461 Quid
355 3389 474 3452 lotroci
490 3388 602 3453 Furem
622 3392 720 3468 oideo,
742 3393 840 3469 inquit.
879 3389 911 3448 ln
925 3408 958 3448 se
973 3388 1114 3447 dicerest

85 3487 143 3530 non
157 3471 219 3532 lere
237 3481 281 3533 est
295 3474 349 3532 uisi
363 3492 526 3534 scurrarum
544 3483 573 3533 et
593 3476 621 3533 in
637 3485 752 3536 oratore
766 3478 864 3554 utique
879 3474 990 3532 minime
1004 3485 1071 3548 pro·

849 3555 907 3617 18*
