2434 3925
373 199 463 248 man,
480 199 629 249 canuae.
647 201 715 268 unu.
731 202 784 269 ιιι,
801 152 835 252 is
1037 191 1095 253 199

6 370 171 436 poppquos
188 354 334 415 orationes
351 355 436 415 etiam
450 356 619 433 scripserat,
635 368 736 415 vemm
751 363 781 414 et
796 352 870 416 iusta
885 357 928 416 sic
944 357 1094 420 iaciendo:

7 456 153 519 muron
168 456 201 497 se
216 438 252 499 de
269 440 376 515 ingenii
390 438 466 499 lama
477 440 529 499 sed
545 439 582 500 de
597 439 654 499 lide
672 457 739 498 esse
753 439 917 499 sollicitum.
942 440 1138 512 Difficilior74

7 525 120 604 mei
137 524 211 583 ratio
223 524 253 582 in
274 523 380 583 iudicio
397 521 568 583 Cluentiano
584 523 654 599 luit,
676 541 740 582 cum
754 523 955 584 Scamandrum
970 544 1094 587 necesse

9 607 217 701 my'phaberet
231 606 331 667 dicere
346 616 509 683 nocentem,
525 609 605 668 cuins
623 616 726 684 egerat
740 625 865 668 cansam.
902 607 1009 668 Verum
1023 605 1094 670 illud

7 690 311 776 ,apelcgantissime
333 708 397 751 curn
419 709 533 767 corum,
559 692 699 770 aquibus
719 691 755 752 ad
775 709 808 750 se
828 691 983 771 perductus
1003 703 1093 770 esset,

6 773 232 879 qfflprecibus
258 784 316 834 tum
342 775 429 836 etiam
455 776 654 837 adolescentia
676 791 727 835 sna
754 783 886 842 excusat;
913 775 1093 837 detracturus

6 857 65 948 ml&
79 859 202 937 alioqui
214 858 364 937 plurimum
375 861 562 936 auctoritatis,
575 860 611 936 si,
627 860 655 918 in
667 877 753 919 causa
764 859 934 939 praesertim
946 870 1092 938 suspecta,

6 975 62 1051 pp,
80 961 129 1002 se
146 956 208 1002 aum
224 961 308 1019 esse,
325 945 374 1021 qni
390 952 499 1003 temere
515 952 657 1003 nocentes
671 961 740 1002 reos
754 945 926 1020 susciperet,
944 942 1092 1004 fateretur.

7 1024 63 1119 'etat
180 1026 269 1105 Apud
284 1027 408 1089 indicem
428 1045 517 1104 vero,
540 1029 589 1107 qni
608 1036 656 1089 aut
680 1027 734 1087 erit
753 1028 883 1086 inimicus
906 1035 954 1086 ant
974 1036 1134 1106 propter75

83 1110 211 1188 aliquod
227 1112 404 1172 commodum
420 1129 437 1172 a
452 1130 549 1187 cansa,
565 1130 650 1191 qnam
664 1129 717 1170 nos
731 1111 955 1189 susceperimus,
971 1111 1092 1188 alienus,

6 1233 16 1291 p
25 1227 59 1287 ὼ
84 1201 127 1252 ut
142 1195 331 1271 persuadendi
346 1195 434 1256 ardna
450 1197 523 1255 ratio
539 1198 578 1256 ita
592 1196 706 1256 dicendi
721 1195 945 1273 expeditissima.
975 1194 1093 1257 Fiducia

6 1327 19 1376 4
37 1310 56 1369 1·
87 1278 172 1337 enim
187 1278 309 1340 iustitiae
327 1281 389 1339 eius
407 1289 436 1339 et
452 1288 571 1340 nostrae
586 1297 692 1340 causae
707 1278 776 1339 nibil
791 1297 844 1338 nos
861 1281 963 1338 timere
978 1280 1091 1340 simula-

6 1362 26 1391 ‘’
45 1392 56 1451 p
84 1361 198 1421 bimus.
224 1362 291 1442 lpse
310 1366 365 1424 erit
377 1364 472 1440 gloria
485 1364 641 1439 inilandus,
660 1372 691 1443 qt
705 1366 784 1423 tanto
800 1362 907 1423 clarior
921 1364 984 1422 eius
998 1363 1092 1424 lutura

8 1414 53 1541 φξβ
87 1445 133 1505 sit
149 1445 222 1504 bdes
237 1465 270 1506 uc
285 1448 390 1525 religio
404 1450 434 1507 in
453 1449 677 1527 pronuntiando,
704 1443 809 1525 quanto
829 1448 920 1507 minus
937 1447 986 1506 vel
1001 1448 1090 1507 olien-
1106 1496 1108 1499 ,

6 1505 52 1633 2¹¹3
88 1546 147 1588 sae
163 1530 213 1589 val
227 1531 337 1592 utilitati
358 1548 429 1592 snae
450 1532 607 1592 indulserit.
641 1530 704 1591 lloc
721 1540 751 1591 et
772 1534 846 1610 apud
868 1548 936 1607 eos,
956 1530 1132 1609 aquibusqfi

7 1587 37 1694 ‚ll
86 1613 269 1691 appellatum
288 1618 361 1691 erit,
386 1618 411 1674 si
433 1617 511 1676 iorte
530 1616 566 1676 ad
581 1616 701 1675 eosdem
716 1616 906 1683 remittemnr;
932 1614 1091 1676 adiicienda

6 1706 18 1803 l
25 1736 47 1797 a
86 1698 168 1756 ratio
180 1697 229 1758 vel
243 1702 423 1761 necessitatis
438 1700 568 1776 alienius,
583 1702 608 1760 si
623 1700 652 1760 id
664 1717 751 1760 cansa
762 1699 904 1774 concedit,
920 1698 969 1758 vel
983 1700 1090 1758 erroris

10 1830 47 1886 m,
86 1780 142 1841 vel
162 1784 343 1859 suspicionis.
378 1775 560 1844 Tutissimum
586 1800 658 1860 ergo
679 1784 874 1861 poenitentiae
897 1782 1045 1842 confessio
1062 1791 1090 1841 et

6 1852 46 1973 lq,
86 1864 254 1925 satisfactio
270 1867 387 1946 culpae,
409 1867 668 1947 perducendusque
682 1869 757 1927 omni
771 1867 857 1926 modo
873 1866 960 1925 iudex
976 1866 1011 1925 ad
1028 1868 1088 1925 irae

6 1938 43 2050 ἰ
87 1948 243 2030 pudorem.
272 1950 385 2013 Accidit
403 1955 487 2014 etiam
507 1969 707 2031 nonnunquam
725 1951 826 2013 eadem
849 1969 951 2024 causa,
974 1948 1011 2009 de
1033 1966 1130 2027 quant

6 2019 42 2144 'gp'
88 2036 284 2113 pronuntiarit
308 2046 524 2116 cognoscatque
543 2039 655 2097 iterum.
688 2036 758 2097 Tum
784 2035 854 2095 illud
876 2034 990 2111 quidem
1011 2050 1087 2093 com·

18 2159 41 2224 ᾖ
86 2134 192 2177 mune:
208 2119 283 2197 apud
299 2121 382 2180 alium
397 2138 450 2179 nos
465 2123 587 2182 indicem
602 2120 795 2199 disputaturos
807 2119 844 2178 dc
854 2118 932 2193 lllins
947 2120 1089 2178 sententia

6 2190 39 2313 'w
89 2216 151 2260 non
167 2201 269 2278 inisse,
284 2206 468 2281 nequeenim
483 2205 629 2265 emendari
643 2204 678 2264 ab
694 2205 752 2263 alio
766 2221 850 2282 quam
865 2204 930 2280 ipso
945 2202 989 2261 ias
1005 2219 1085 2269 esse;

6 2279 9 2314 ²
88 2292 222 2345 ceterum
236 2304 273 2345 ex
289 2305 390 2363 causa,
412 2297 443 2347 ut
457 2306 590 2366 quaeque
604 2290 764 2366 permittet:
792 2295 840 2346 aut
854 2287 984 2363 ignorata
999 2304 1086 2365 quae·

6 2343 38 2426 '¹¹2
89 2368 155 2430 dam
180 2379 228 2429 ant
253 2367 380 2431 defuisse
402 2380 493 2431 testes
519 2382 567 2432 ant
590 2372 684 2451 (quod
708 2372 884 2431 timidissime
904 2379 948 2445 et,
972 2371 996 2428 si
1018 2369 1087 2429 nibil

7 2438 35 2484 μ’
60 2521 62 2523 ,
89 2451 169 2513 alind
189 2453 275 2531 plane
296 2455 399 2532 inerit,
427 2455 577 2538 dicendum
600 2458 665 2536 est)
683 2465 821 2535 patronos
844 2471 901 2514 non
922 2455 1085 2528 suffecisse,

7 2517 34 2626 ἢ
90 2545 252 2597 succurret.
279 2536 383 2615 Etiam,
398 2540 422 2598 si
437 2539 512 2617 apud
528 2539 600 2599 alios
615 2540 725 2600 indices
742 2550 859 2617 agetur,
874 2547 905 2597 ut
920 2539 948 2597 in
962 2537 1128 2603 secundata

90 2623 253 2680 assertione
281 2631 329 2681 aut
353 2625 382 2682 in
409 2624 658 2684 centumviralibus
683 2624 794 2684 indiciis
817 2622 979 2701 duplicibus
1004 2629 1086 2699 purte

9 2766 12 2777 ‚
89 2702 183 2780 victa,
209 2706 358 2766 decentius
379 2709 447 2783 erit,
473 2710 605 2788 quotiens
629 2710 796 2786 contigerit,
824 2724 943 2767 seruare
963 2705 1086 2764 iudicum

22 2841 25 2850 ,
90 2786 244 2864 pudorem;
262 2790 298 2849 de
313 2808 368 2869 qua
383 2809 416 2851 re
431 2791 514 2852 latius
529 2787 728 2870 probationum
744 2792 811 2851 loco
827 2791 932 2850 dictum
947 2796 1001 2847 est.

174 2871 273 2933 Potest
288 2878 419 2950 evenire,
435 2884 466 2935 nt
480 2877 508 2934 in
522 2876 585 2936 aliis
603 2874 842 2954 reprehendenda
857 2875 924 2947 sint,
942 2889 1016 2949 qnae
1031 2872 1086 2951 ipsi

26 2951 28 2962 ’
89 2951 260 3033 fecerimus,
282 2967 312 3018 nt
332 2958 430 3020 obiicit
445 2959 560 3019 Tubero
577 2959 708 3037 Ligario,
730 2959 806 3039 qnod
827 2959 856 3016 in
872 2954 972 3015 Africa
989 2955 1083 3015 inerit.

89 3037 127 3099 llt
152 3038 272 3099 ambitus
298 3044 412 3120 quidum
436 3043 558 3103 damnati
584 3043 799 3123 recuperandae
825 3041 969 3118 dignitatis
994 3042 1127 3115 gratiale

7 3187 10 3196 ,
88 3139 158 3182 reos
180 3123 307 3184 eiusdem
330 3128 453 3188 criminis
474 3128 654 3204 detulerunt,
674 3137 704 3187 nt
722 3129 751 3186 in
765 3124 875 3186 scholis
897 3123 1085 3183 luxuriantem

8 3269 11 3279 ,
87 3214 200 3285 patrem
215 3207 377 3269 luxuriosus
391 3213 455 3290 ipse
469 3213 581 3271 iuvenis
594 3220 720 3272 accusat.
747 3210 778 3270 ld
791 3209 935 3287 quomodo
947 3207 1085 3269 decenter

88 3290 152 3349 lieri
166 3292 270 3368 possit,
287 3295 419 3369 equidem
434 3313 491 3355 non
504 3297 629 3372 invenio,
645 3297 698 3356 nisi
712 3294 820 3374 aliquid
834 3294 989 3372 reperitur,
1007 3289 1084 3370 quod

16 3435 18 3452 ,
88 3373 216 3449 intersit,
233 3392 375 3453 persona,
395 3388 491 3453 aetas,
507 3387 636 3457 tempus,
652 3369 755 3454 causa,
772 3378 865 3453 loeus,
880 3377 997 3436 animus.
1030 3374 1126 3436 tur-ao

88 3456 175 3535 bero,
198 3458 332 3521 iuvenem
346 3478 379 3523 se
394 3465 468 3544 patri
482 3463 632 3542 haesisse,
654 3462 733 3526 illum
750 3470 881 3524 asenatu
896 3462 1013 3536 miqsom
1027 3474 1084 3518 nou
