2434 3925
148 129 207 192 130
452 145 489 192 u.
511 142 589 191 uua.
612 141 830 204 camararum

104 299 206 362 9toiso
229 298 304 358 malo
326 298 411 376 cive)
432 299 461 356 iu
476 298 635 356 coniunctis
650 314 723 357 vero
745 315 835 376 posse
853 306 882 358 et
896 298 970 359 duos
986 308 1016 359 et
1032 303 1085 360 tris
1101 304 1146 362 iu-

146 384 238 441 veniri
252 382 300 442 vel
316 383 457 456 diversos,
473 390 504 440 ut
519 382 620 458 siquis
635 380 712 441 aliud
729 400 762 441 se
776 399 834 440 uon
845 383 952 442 iecisse
969 384 1046 444 aliud
1059 397 1145 447 recte

145 465 253 525 iecisse
270 465 420 531 defendam
438 463 486 522 vel
501 466 618 541 generis
634 465 773 541 eiusdem,
790 475 821 524 ut
837 469 861 526 si
879 468 942 545 quis
954 466 1011 527 duo
1024 471 1145 531 erimina

103 558 244 625 toneget.
289 548 374 622 Quod
396 548 499 607 accidit
520 550 621 624 etiam,
645 550 669 607 si
692 548 729 607 de
750 567 805 609 una
822 568 854 609 re
876 560 1030 628 quaeratur
1044 553 1144 631 aliqua

144 633 276 692 sedeam
296 632 395 711 plures
415 640 528 709 petant,
550 632 598 691 val
621 631 724 690 eodem
747 634 809 693 iure
831 643 861 693 ut
880 637 1071 712 proximitatis
1091 638 1143 697 vel

119 751 124 759 ‚
146 717 274 791 diverso,
290 724 320 774 ut
336 734 398 774 cum
412 714 459 774 hic
469 724 641 774 testamento
653 715 703 775 ille
715 718 896 793 proximitate
909 721 1024 777 uitetur.
1059 719 1140 793 Quo-

144 802 219 859 tiens
234 809 327 859 autem
346 799 422 859 aliud
437 799 486 858 alii
503 801 620 876 petitori
638 802 808 878 opponitur,
826 801 979 861 dissimiles
997 821 1066 861 esse
1081 814 1140 864 sta-

102 892 189 947 96tus
204 901 328 943 necesse
346 892 401 958 est,
417 891 447 941 ut
463 885 492 941 irr
507 882 558 942 illa
576 886 790 945 controversia:
813 883 1003 947 Testamenta
1020 889 1141 965 lepidus

140 969 230 1047 facta
249 976 323 1028 rata
343 970 425 1030 siat.v
456 964 672 1028 intestatorum
691 969 866 1045 parentiam
891 970 982 1030 liberi
1006 971 1142 1032 decedes

142 1053 212 1113 sict.
253 1047 424 1112 Abdicatus
442 1070 481 1111 oe
502 1051 577 1128 qaid
595 1053 635 1112 de
654 1052 740 1112 domis
758 1056 858 1130 patras
876 1054 989 1131 capiat.
1022 1053 1142 1117 Natdas

142 1144 213 1197 acte
230 1136 392 1214 lepitimam
413 1136 677 1213 uatus·lepitimas
699 1135 780 1213 filias
808 1138 863 1212 sit,
886 1145 954 1215 past
971 1138 1140 1215 lepitimam

142 1229 234 1280 natas
250 1227 365 1280 tactam
385 1220 468 1280 eicis.
505 1217 543 1279 la
560 1220 753 1297 adoptionem
770 1221 960 1284 dereliceat.
998 1220 1037 1282 la
1058 1226 1139 1284 ado-

139 1304 271 1381 ptionem
293 1304 367 1364 data
379 1304 484 1378 redire
503 1305 535 1363 io
553 1304 703 1381 familiam
721 1306 823 1379 liceat,
849 1307 877 1364 si
892 1313 986 1384 pater
1005 1314 1139 1367 natara-

101 1389 181 1450 ttls's
200 1390 266 1448 stae
287 1387 391 1447 liberis
412 1388 586 1448 decesserit.
635 1386 690 1460 Qui
712 1407 750 1447 ex
772 1387 883 1447 duobus
908 1388 1041 1464 legitimis
1063 1390 1138 1450 alte·

142 1489 205 1530 rum
219 1473 248 1530 iu
265 1471 449 1547 adoptionem
464 1470 583 1530 dederat
597 1470 717 1531 alterum
732 1470 932 1546 abdicaverat,
952 1472 1067 1533 sustulit
1084 1492 1138 1532 no-

142 1554 236 1624 thum;
259 1556 387 1614 instituto
411 1554 520 1615 herede
543 1554 676 1614 abdicato
696 1556 834 1615 decessit.
879 1556 951 1615 'lres
976 1574 1075 1616 omues
1099 1559 1138 1618 de

141 1638 226 1698 horris
242 1639 424 1699 contendunt.
453 1637 587 1715 Nothum‚
604 1641 651 1717 qui
668 1657 725 1697 uon
743 1641 780 1698 sit
795 1638 948 1716 legitimus,
966 1639 1068 1700 Graeci
1083 1660 1137 1700 vo-

143 1732 222 1791 cant:
246 1721 374 1782 Latinum
398 1725 441 1783 rei
457 1740 575 1798 nomen,
598 1732 629 1781 ut
651 1721 723 1782 Cato
741 1741 856 1801 quoque
872 1726 902 1783 in
919 1726 1048 1783 oratione
1066 1743 1136 1803 qua·

142 1807 205 1866 dam
225 1815 347 1866 testatus
369 1817 430 1884 est,
459 1825 515 1866 nou
540 1806 678 1866 habemus
699 1807 824 1885 ideoque
844 1810 947 1867 utimur
966 1811 1137 1886 peregrino.

99 1889 199 1955 saSet
213 1890 250 1973 ad
267 1888 455 1970 propositum.
486 1891 594 1951 lleradi
609 1891 718 1970 scripto
741 1893 895 1970 opponitur
912 1891 976 1967 lex,
996 1887 1136 1953 Abdica-

141 1985 191 2037 tus
209 1995 249 2037 oe
267 1979 398 2054 quidde
419 1978 506 2040 bacis
523 1977 627 2056 patris
649 1978 772 2054 capiat·
798 1976 830 2035 iit
854 1985 945 2038 status
975 1978 1075 2054 scripti
1106 1987 1137 2037 et

137 2059 309 2137 voluntatis,
336 2080 378 2121 aa
399 2062 461 2123 allo
480 2063 568 2123 mado
587 2078 701 2138 capere
716 2062 834 2139 possit?
860 2079 902 2122 aa
924 2079 964 2120 ec
983 2061 1137 2123 voluntate

135 2146 261 2224 patris?
280 2163 322 2205 cn
336 2144 426 2207 ireres
437 2147 593 2224 scriptas?
621 2143 718 2204 Natho
733 2144 841 2223 duplex
852 2144 882 2203 tit
895 2146 1037 2221 quaestio,
1056 2145 1135 2222 quod

138 2236 208 2307 post
228 2228 372 2304 legitimos
393 2237 475 2288 uatus
497 2231 534 2288 sit
556 2237 585 2287 et
600 2228 677 2306 quod
699 2248 759 2290 aaa
774 2229 810 2287 sit
828 2236 898 2289 acte
913 2227 1069 2304 legitimum
1083 2247 1137 2305 ua·¹

97 2317 208 2373 99tuss
227 2310 310 2371 Prior
328 2310 519 2388 syllogismon
542 2311 646 2386 habet,
672 2331 714 2373 aa
737 2317 798 2392 pro
812 2330 877 2373 noa·
893 2313 976 2372 natis
994 2313 1055 2373 sint
1075 2313 1135 2372 lta-

139 2395 248 2469 beadi,
272 2397 324 2472 qai
343 2413 364 2454 a
379 2396 500 2474 familia
516 2403 586 2457 saut
612 2397 759 2459 alienati?
805 2395 906 2455 Altera
933 2403 962 2454 et
982 2397 1082 2474 scripti
1104 2405 1135 2455 et

138 2478 304 2539 voluntatis.
334 2478 400 2538 Nou
420 2498 487 2539 esse
504 2482 578 2540 euim
593 2478 668 2539 huno
689 2490 783 2540 uatum
806 2489 872 2539 ante
891 2479 1048 2556 legitimum
1064 2496 1133 2538 corr·

138 2563 228 2637 veuit,
246 2563 298 2622 sed
309 2562 456 2623 voluntate
468 2564 542 2641 legis
555 2582 587 2624 se
600 2563 735 2641 tuebitur,
749 2582 832 2643 quam
843 2564 920 2623 dicet
931 2562 1017 2622 talem
1027 2562 1133 2636 fuisse,

138 2657 169 2706 ut
184 2646 330 2723 legitimus
346 2657 425 2708 esset
439 2649 543 2709 nothus
558 2656 625 2707 tunc
642 2657 740 2724 natus,
763 2667 826 2707 eum
849 2647 921 2707 alius
945 2646 1088 2723 legitimus
1104 2649 1137 2707 in

97 2730 240 2793 laodomo
264 2748 322 2789 non
344 2740 436 2791 esset
471 2733 615 2811 Scriptum
634 2749 750 2810 quoque
773 2732 847 2808 legis
864 2730 1000 2790 excludet
1019 2729 1134 2807 disens,

81 2839 90 2858 ·
136 2813 343 2893 Nostraque,
366 2816 516 2894 sipostea
535 2818 685 2895 lepitimas
704 2823 795 2877 natas
812 2834 872 2877 coa
890 2817 945 2889 sit,
969 2814 1058 2876 notho
1077 2834 1134 2875 cc-

139 2916 225 2968 cere3
253 2908 406 2978 uteturque
428 2898 485 2959 hoo
506 2909 688 2977 argumento:
716 2898 811 2978 Fiope
824 2898 929 2960 'solam
954 2906 1058 2960 autam
1080 2918 1136 2959 ao-

138 2982 236 3058 lidem,
263 2985 351 3045 cuias
373 2986 562 3045 condicionis
580 2985 659 3045 erit?
696 2982 835 3045 Tantam
850 2983 947 3045 dois?
968 2984 1054 3059 atqui
1072 3002 1137 3043 uon

138 3067 196 3126 ers't
214 3076 284 3143 post
305 3069 467 3146 lepitt‘mam
489 3076 590 3129 natas.
629 3066 750 3129 Filias?
776 3069 862 3145 atqui
887 3086 948 3127 noa
975 3067 1034 3126 erit
1060 3077 1137 3127 onte

137 3150 283 3228 lepitt'mos
300 3160 401 3212 natas.
447 3149 552 3225 Quare
575 3156 604 3212 sc'
623 3153 726 3213 serbis
750 3152 828 3229 lepis
844 3154 924 3213 stati
944 3160 1135 3227 coeperest,

97 3245 147 3297 101
158 3233 310 3297 voluntate
328 3236 471 3297 standum
491 3245 545 3297 est.
589 3235 653 3295 Nec
675 3253 843 3314 quemquam
865 3235 977 3308 turbet,
996 3233 1074 3312 quod
1095 3252 1135 3293 ex

137 3335 192 3377 una
208 3318 276 3395 lege
290 3318 348 3379 duo
365 3320 551 3387 status'liant;
574 3319 683 3397 duplex
698 3328 759 3395 est,
775 3321 814 3379 ita
828 3321 885 3378 vim
899 3318 1016 3379 duarum
1033 3317 1133 3378 habet.
1164 3330 1168 3335 ·

137 3402 245 3467 Redire
258 3404 287 3463 io
301 3401 434 3463 familiam
451 3404 560 3465 volenti
575 3404 678 3465 dicitur
692 3403 728 3462 ab
748 3403 842 3463 altero
858 3404 993 3483 primum,
1019 3396 1057 3462 Ut
1079 3402 1135 3463 titt
