2434 3925
152 176 217 241 168.
465 190 825 251 amnemamnem

148 356 296 425 totamque
313 346 349 406 de
364 346 395 405 ri
409 344 539 423 explicet
553 363 683 421 cansam,
703 354 838 423 quaeest
851 347 941 425 ipsius
956 346 1071 406 actione
1085 345 1137 406 d'e·

106 428 251 492 tolenea?
276 430 335 490 Sed
350 446 403 488 nus
420 428 674 489 ducit‘scholarum
690 430 879 505 consuetudo,
894 432 923 488 in
938 430 1040 509 quihus
1056 438 1138 490 certa
1154 472 1161 484 ,

149 515 288 593 quaedam
303 522 455 591 ponuntur,
472 529 545 590 quae
561 512 686 573 themata
701 513 829 588 dicimus,
844 523 962 592 praeter
976 531 1051 591 quae
1066 513 1136 573 nihil

150 608 194 659 est
210 598 380 659 diluendum.
411 595 540 673 Ideoque
554 598 679 656 narratio
695 599 845 674 prooemio
860 614 976 675 semper
991 596 1137 673 subiungi·

150 692 203 753 tur.
242 680 311 740 lnde
328 680 456 740 libertas·
469 679 725 755 declamatoribus,
746 690 778 739 nt
800 681 1031 740 etiamsecuudc
1046 682 1137 759 partin
1197 720 1198 729 η

106 763 302 826 tosuaelucc
318 781 435 823 narrare
449 764 607 824 videantur.
644 762 715 824 Nam
729 782 793 823 cnm
808 780 862 841 pro
883 767 1008 842 petitore
1023 764 1136 823 dicant:

149 858 178 908 et
193 849 391 926 expositione,
408 849 670 925 tanquam'priores
684 856 784 923 agant,
799 849 839 906 uti
856 848 962 923 solent,
979 856 1009 906 et
1023 855 1136 907 cuntra-
1198 842 1200 877 ⁴

149 933 290 1007 dictione,
313 941 445 1008 tanquam
465 930 676 1008 respondeant;
697 931 784 1008 idque
805 930 836 989 tit
856 942 948 992 recte.
979 930 1050 990 Nam
1074 946 1137 990 cnm

149 1018 185 1076 sit
211 1016 380 1075 declamatio
405 1014 562 1073 forensium
584 1016 727 1073 actionum
751 1015 914 1091 meditatio,
948 1033 999 1075 cur
1025 1031 1083 1073 non
1109 1015 1138 1072 in

149 1109 297 1177 utrumque
315 1099 445 1177 protinus
461 1098 555 1157 locum
569 1115 602 1157 se
618 1094 775 1156 exerceat?
805 1095 892 1158 (luins
909 1099 1027 1158 rationis
1043 1098 1138 1173 ignari

133 1201 187 1242 -ex
200 1200 297 1257 more,
314 1184 358 1241 cni
373 1190 540 1256 assuerunt,
561 1181 631 1242 nihil
645 1184 673 1241 iu
688 1182 753 1241 torc
768 1191 866 1260 putant
881 1200 949 1241 esse
963 1182 1135 1241 mutandum.

106 1266 206 1330 cosm
224 1268 252 1325 in
267 1265 449 1325 scholasticis
464 1282 581 1342 quoqne
602 1281 802 1343 nonnunquam
821 1268 932 1340 evenit,
955 1275 985 1325 ut
999 1282 1052 1343 pro
1071 1282 1137 1323 nar·

148 1352 262 1409 ratione
279 1350 316 1408 sit
331 1350 502 1428 propositio.
538 1348 610 1407 Nam
624 1349 692 1425 quid
706 1358 849 1425 exponet,
873 1367 947 1428 qnae
968 1348 1136 1426 zelotypum

118 1496 125 1509 ,
148 1432 239 1491 malae
257 1434 433 1492 tractationis
454 1441 587 1507 accusat,
609 1442 663 1492 ant
677 1434 725 1510 qui
741 1430 878 1507 Cynicum
898 1433 974 1511 apud
994 1448 1137 1491 censores

148 1534 227 1575 reum
242 1515 419 1577 demonibus
434 1515 518 1583 iacit3
540 1534 602 1574 cum
618 1525 707 1575 tutam
723 1517 831 1576 crimen
845 1534 902 1576 nno
916 1515 1008 1576 verbo
1023 1517 1052 1574 in
1066 1532 1136 1593 qua·

149 1599 219 1658 libet
230 1601 350 1659 actionis
364 1607 447 1677 parte
461 1600 557 1677 posito
569 1602 639 1658 satis
651 1597 810 1660 indicetur?
833 1601 891 1661 Sed
902 1601 976 1659 haec
985 1600 1136 1658 hactenus

107 1691 139 1745 31
229 1683 321 1757 Nunc,
341 1684 466 1760 quaesit
483 1682 654 1742 narrandi
670 1685 784 1758 ratio,
803 1683 981 1761 subiungam.
1002 1681 1137 1741 Narratio

82 1834 98 1853 ‚
150 1776 194 1829 est
209 1767 252 1826 rei
266 1767 361 1827 iactae
376 1776 424 1825 aut
439 1767 578 1826 attactae
593 1767 672 1826 utilis
687 1765 723 1825 ad
737 1768 965 1845 persuadendum
979 1767 1136 1844 expositio,

148 1851 196 1910 vel
218 1851 263 1928 (ut
276 1850 474 1928 Apollodorus
494 1849 570 1929 linit)
591 1853 683 1910 oratio
705 1850 814 1910 ducens
828 1852 1003 1925 auditorem,
1025 1849 1093 1927 qnid
1108 1850 1137 1907 in

149 1936 347 1995 controversia
363 1936 409 1995 sit.
439 1931 515 1993 Eam
523 1933 657 2012 plerique
671 1936 846 2013 scriptores,
868 1937 989 1995 maxime
1004 1934 1052 2011 qui
1069 1939 1137 1991 sunt

149 2018 184 2079 ah
200 2018 345 2093 Isocrate,
364 2018 464 2078 uolunt
479 2035 546 2078 esse
561 2017 698 2095 lucidam,
714 2018 843 2094 brevem,
861 2018 1055 2078 verisimilem.
1077 2014 1136 2075 Ne·

150 2120 205 2180 que
227 2106 300 2162 enim
320 2102 425 2176 refert,
448 2119 483 2160 an
504 2118 557 2180 pro
580 2102 673 2162 lucida
693 2105 891 2180 perspicuam,
914 2120 968 2180 pro
989 2099 1137 2161 verisimili

108 2185 328 2263 approbabilem
349 2185 553 2246 credibilemve
575 2185 711 2245 dicamus.
749 2185 857 2247 Eadem
876 2186 959 2245 nohis
980 2185 1079 2263 placet
1094 2182 1136 2241 di·

149 2270 238 2337 visi0;
261 2286 420 2347 quanquam
435 2278 465 2328 et
478 2269 654 2328 Aristoteles
674 2268 709 2328 ah
724 2269 854 2330 Isocrate
869 2280 952 2347 parte
967 2271 996 2328 in
1008 2283 1064 2326 nna
1079 2266 1136 2325 dis·

149 2355 274 2412 senserit
288 2362 474 2431 praeceptum
489 2351 637 2412 brevitatis
652 2353 785 2428 irridens,
800 2362 933 2431 tanquam
948 2368 1071 2411 necesse
1087 2351 1136 2422 sit,

151 2436 265 2513 longum
288 2444 421 2495 esseaut
441 2435 558 2495 brevem
581 2438 809 2514 expositionem,
832 2454 888 2497 nec
909 2437 996 2496 liceat
1018 2437 1061 2494 ire
1081 2449 1138 2509 per

149 2520 288 2595 medium,
311 2519 474 2580 Theodorei
496 2536 612 2597 quoque
632 2520 726 2579 solnm
746 2520 906 2598 relinquant
924 2520 1049 2579 ultimam
1069 2534 1136 2595 par

151 2611 225 2677 tem,
248 2605 314 2681 quia
333 2621 388 2662 nec
409 2602 536 2662 breviter
550 2604 648 2681 utique
668 2621 723 2663 nec
740 2604 865 2665 dilucide
880 2620 995 2681 semper
1014 2604 1051 2660 sit
1065 2599 1138 2660 utils

112 2696 312 2764 33expcnere.
359 2686 423 2759 Quo
446 2686 608 2762 diligentins
630 2686 915 2763 distinguendorum
938 2685 1065 2763 singula,
1093 2692 1136 2756 nt,

151 2771 217 2848 quid
233 2788 349 2849 quoqne
366 2770 432 2829 loco
448 2771 549 2847 prosit,
566 2770 723 2829 ostendam.
745 2770 877 2831 Narratio
890 2779 935 2830 est
949 2778 998 2829 ant
1008 2776 1069 2828 tota
1081 2783 1137 2844 pru

150 2853 232 2916 nubis
250 2864 297 2914 aut
313 2862 372 2914 tota
386 2870 439 2931 pro
455 2853 626 2913 adversariis
644 2862 692 2913 aut
706 2856 792 2914 mixta
808 2855 999 2932 crucisque.
1035 2851 1067 2910 Si
1081 2851 1139 2910 erit

149 2945 227 2997 tota
245 2955 311 3016 pro
335 2937 457 3011 nohis,
486 2938 611 2997 contenti
632 2939 719 2996 simas
739 2936 783 2997 his
806 2937 896 2997 tribus
916 2935 1061 3015 partihns,
1081 2950 1139 3011 per

151 3038 222 3097 quas
237 3022 375 3094 efficitur,
393 3038 449 3098 quc
464 3020 578 3079 facilins
593 3020 898 3097 iudexintelligat,
916 3018 1138 3090 meminerit,

108 3104 286 3172 34credat.
330 3105 393 3164 Nec
408 3106 556 3181 quisquam
570 3104 797 3181 reprehensione
812 3103 927 3181 dignum
939 3112 1037 3181 putet,
1058 3099 1139 3178 quod

150 3189 366 3264 proposuerim,
390 3206 467 3261 eam,
495 3204 568 3264 quae
591 3189 628 3245 sit
650 3195 709 3246 tcta
732 3204 786 3264 pro
809 3187 909 3262 nohis,
939 3186 1048 3246 dehere
1069 3200 1138 3242 essa

149 3271 351 3346 verisimilem,
375 3289 440 3330 cnm
454 3288 524 3329 vera
537 3272 586 3328 sit.
622 3270 692 3329 Sunt
706 3272 783 3329 enim
798 3270 919 3347 plurima
932 3287 1003 3329 vera
1022 3266 1138 3346 quidem

151 3355 202 3413 sed
221 3371 319 3432 pamm
343 3352 506 3426 credibilia,
526 3355 600 3411 sicut
619 3352 830 3432 ialsaquoqne
849 3355 1016 3431 frequenter
1029 3351 1137 3410 *verisi-

150 3438 253 3501 milia..
283 3436 379 3511 Quare
404 3453 462 3494 nun
483 3438 573 3496 minus
594 3435 918 3515 laborandamestfflt
937 3437 1040 3510 iudex,
1062 3448 1137 3512 qnae
