2434 3925
270 223 271 226 Ἴ
311 157 415 227 ‚men
423 137 577 230 'onarop
589 159 660 208 nra.
672 159 709 227 11,
722 156 764 211 19.
777 156 821 210 ao
1033 147 1074 211 99

70 314 170 375 otione
192 331 259 373 esse
282 320 427 373 contenta.
461 311 525 373 Erit
544 315 619 373 enim
638 314 786 374 rhetorice
804 316 834 374 in
853 322 970 374 oratore
988 318 1073 395 etiam

70 389 206 472 ta'oente,
229 406 259 456 et
279 398 303 457 si
326 397 446 456 desierit
461 415 552 474 agere
570 396 619 457 vel
639 401 792 476 proposito
813 399 862 458 vei
884 399 981 476 aliquo
1004 418 1073 459 oasn
1170 403 1174 415 '

4 509 5 520 ¹
67 480 240 558 impeditus:
259 498 317 539 non
331 481 423 558 magis
439 481 553 541 desinet
567 498 635 540 esse
651 491 749 542 orator
764 500 849 559 quam
862 482 1002 559 medicus,
1022 486 1070 561 qui

70 563 191 624 curandi
205 564 310 624 feeerit
325 564 419 624 linem.
457 563 530 624 Nam
551 574 596 624 est
617 564 736 643 aliquis,
757 584 793 625 ao
807 569 908 626 neseio
928 585 965 626 an
984 569 1098 628 maxi-4

67 667 152 722 mus,
175 650 260 708 etiam
282 650 458 708 exsecretis
474 649 575 708 studiis
594 648 705 708 fructus
727 666 761 708 ao
777 659 834 709 tum
851 668 923 729 pura
937 651 1072 730 voluptas

69 732 248 809 litterarum,
272 750 336 792 oum
350 732 386 791 ab
402 741 468 793 actu
485 733 513 792 id
529 741 574 793 est
589 749 681 811 opere
698 744 885 794 recesserunt
900 743 929 793 et
944 745 1071 795 oontem-

69 816 202 896 platione
223 818 267 876 sui
288 817 429 876 fruuntur.
467 817 526 876 Sed
547 817 700 877 effectivae
722 834 839 896 quoque
853 818 959 896 aliquid
979 819 1097 880 similes

69 901 190 979 scriptis
206 900 383 960 orationibus
397 900 445 960 vel
460 899 606 976 historiis,
631 901 707 979 quod
729 904 825 981 ipsum
845 919 919 979 opus
939 904 967 961 in
990 913 1072 980 parte
1145 921 1149 939 ·

69 985 201 1044 oratoria
214 987 316 1045 merito
332 987 480 1063 ponimus,
504 995 709 1063 consequetur.
745 988 777 1047 si
793 995 888 1046 tamen
901 1004 956 1046 una
972 1005 1009 1045 ex
1023 989 1071 1046 tri·

70 1068 126 1129 bus
141 1068 249 1128 artibus
262 1069 393 1129 habenda
407 1070 458 1127 sit:
475 1070 541 1148 quia
555 1071 693 1132 maximus
708 1072 770 1129 eius
781 1089 850 1130 usus
864 1079 929 1130 aotu
942 1073 1071 1130 eontine-

71 1162 119 1212 tur
142 1160 229 1230 atque
254 1162 299 1212 est
324 1155 353 1212 in
378 1170 415 1213 eo
442 1152 689 1231 frequentissima,
724 1154 835 1214 dicatur
864 1157 986 1216 uotiua
1010 1155 1072 1214 vel

70 1238 388 1314 administrativa,
407 1254 471 1297 nam
489 1246 519 1297 et
533 1237 590 1297 hoo
605 1238 734 1299 eiusdem
752 1241 795 1297 rei
808 1256 913 1298 nomen
929 1249 985 1298 est.

206 1387 342 1439 NATURA
360 1388 406 1438 AN
422 1386 589 1440 DOCTRINA
606 1387 688 1438 PLUS
706 1389 740 1438 EI
758 1388 939 1439 conruent.

157 1483 235 1545 XIX.
265 1485 352 1560 Soio,
369 1487 468 1564 quaeri
484 1487 580 1561 etium,
594 1494 732 1545 naturane
747 1486 812 1564 plus
828 1486 863 1545 ad
879 1487 1072 1564 eloquentiam

73 1570 207 1632 oouierat
232 1568 428 1630 an'dootrina.
470 1568 555 1643 Quod
576 1569 612 1630 ad
637 1572 817 1648 propositum
843 1570 957 1648 quidem
980 1573 1072 1631 nostri

72 1657 174 1735 operis
200 1649 270 1714 nihil
295 1655 436 1732 pertinet:
458 1672 553 1731 neque
575 1656 649 1712 enim
669 1663 879 1713 eonsummatos
900 1663 999 1714 orator
1018 1657 1072 1714 nisi

72 1758 111 1800 ex
132 1748 256 1817 utroque
278 1738 340 1797 lieri
364 1746 477 1816 potest,
505 1737 657 1815 plurimum
682 1746 775 1797 tamen
797 1738 909 1796 referre
935 1738 1070 1811 arbitror,

71 1841 159 1901 quam
175 1839 242 1881 esse
262 1823 290 1881 in
309 1822 366 1880 hoo
381 1822 449 1881 looo
472 1823 671 1900 quaestionem
692 1821 824 1880 velimus.
859 1820 931 1879 Nam
951 1824 975 1879 si
997 1824 1095 1898 partib

64 1906 202 1969 ¹utrilibet
218 1907 332 1966 omnino
348 1905 468 1987 alteram
483 1904 628 1980 detrahas,
648 1912 747 1965 natura
763 1906 847 1964 etiam
862 1906 923 1964 sine
941 1903 1070 1965 doctrina

70 1993 191 2052 multum
206 1991 331 2067 valebit,
355 1990 486 2051 doctrina
500 1989 580 2050 nulla
597 2007 664 2048 esse
678 1992 740 2048 sine
757 1998 856 2049 natura
873 1991 990 2067 poterit.
1021 1991 1071 2048 Sin

72 2096 112 2136 ex
127 2077 190 2155 pari
206 2084 323 2135 ooeant:
343 2076 371 2134 in
387 2072 580 2134 mediocribus
597 2073 712 2152 quidem
728 2076 858 2150 utrisque
872 2075 962 2132 maius
978 2073 1071 2133 adhue

72 2161 191 2221 credam
210 2169 328 2218 naturae
353 2177 421 2218 esse
440 2167 629 2234 momentum,
659 2166 869 2217 consummatos
890 2166 984 2217 autem
1005 2157 1071 2235 plus

72 2244 225 2305 doetrinae
240 2243 350 2303 dehere
365 2260 447 2321 quam
463 2252 596 2317 naturae,
619 2241 741 2320 putaho;
764 2242 839 2301 siout
854 2251 950 2302 terrae
965 2241 1072 2300 nullam

71 2322 252 2389 fertilitatem
267 2327 382 2387 habenti
399 2326 469 2386 nihil
485 2328 608 2404 optimus
626 2325 756 2403 agricola
776 2326 936 2404 profuerit,
961 2334 1070 2386 eterra

72 2413 157 2475 uberi
176 2412 248 2470 utile
269 2411 375 2490 aliquid
396 2412 482 2469 etiam
502 2409 581 2468 nullo
602 2409 719 2469 colente
740 2419 893 2485 nascetur,
915 2419 944 2470 at
959 2412 988 2468 in
1005 2409 1070 2468 solo

73 2495 199 2557 ieoundo
215 2495 279 2574 plus
292 2495 386 2555 cultor
398 2512 481 2573 quam
496 2496 559 2572 ipsa
573 2512 628 2572 per
639 2512 672 2553 se
687 2494 801 2553 bonitas
816 2494 872 2554 soli
885 2495 1003 2554 efficiet.
1021 2492 1097 2566 Et,3

74 2584 97 2640 si
112 2579 274 2640 Praxiteles
295 2581 406 2656 signum
421 2578 537 2656 aliquod
559 2596 596 2637 ex
615 2578 717 2638 molari
737 2579 833 2656 lapide
851 2588 970 2638 oonatus
992 2586 1071 2636 esset

75 2663 253 2741 exculpere,
277 2662 388 2723 Parium
406 2679 529 2721 marmor
553 2661 668 2721 mallem
694 2662 780 2731 rude;
805 2672 834 2722 at
859 2665 883 2721 si
903 2663 973 2722 illud
996 2661 1071 2720 idern

76 2747 182 2807 artilex
196 2747 375 2824 expulisset,
392 2745 457 2824 plus
471 2745 643 2804 inmanibus
658 2746 761 2805 fuisset
778 2765 861 2824 qnam
873 2748 901 2804 in
918 2762 1069 2806 marmore.

74 2830 207 2909 Denique
229 2840 329 2890 natura
349 2832 467 2889 materia
488 2829 638 2890 doctrinae
661 2839 719 2899 est;
742 2830 815 2890 baec
836 2831 933 2907 lingit,
954 2829 1005 2889 illa
1020 2829 1070 2887 bn-

72 2916 160 2992 gitur.
197 2913 275 2974 Nihil
295 2932 342 2973 ars
359 2916 420 2973 sine
436 2915 572 2989 materia,
594 2917 733 2974 materiae
750 2917 836 2974 etiam
849 2917 912 2973 sine
927 2923 989 2974 arte
1004 2931 1070 2992 pre·

72 3000 144 3059 tium
162 3007 223 3076 est,
245 3016 291 3059 ars
310 3015 416 3057 summa
430 2999 550 3058 materia
565 3000 672 3076 optima
687 2999 799 3058 melior.
848 3000 849 3003 ’

373 3144 419 3194 AN
437 3143 556 3195 VIRTUS
575 3143 768 3194 Rfluuontcu.

159 3240 224 3304 XX.
260 3242 313 3303 llla
329 3244 461 3320 quaestio
483 3249 528 3301 est
548 3243 654 3301 maior:
678 3259 715 3299 ex
734 3241 835 3300 mediis
853 3239 977 3313 artibus,
998 3255 1071 3316 quae

70 3345 171 3406 neque
192 3327 301 3386 laudari
322 3344 376 3404 per
398 3345 432 3386 se
453 3344 509 3385 neo
529 3327 687 3404 vituperari
706 3333 828 3403 possunt
847 3324 899 3383 sed
922 3322 1008 3380 utiles
1024 3328 1072 3378 aut

71 3430 162 3474 aeuus
178 3409 334 3473 secundum
347 3428 445 3470 mores
462 3413 601 3470 utentium
618 3409 698 3485 irunt,
715 3407 853 3485 habenda
861 3405 1071 3548 {jlfhelffloe’
