2434 3925
324 237 413 285 anor.
427 238 575 288 oonron.
590 239 660 287 nm.
672 240 704 304 v,
716 236 758 289 14.
970 228 1032 290 245

40 395 140 466 cerei,
161 392 191 452 si
209 392 254 451 ati
273 391 334 453 iilis
346 393 428 454 nullo
440 400 531 471 paeto
547 392 671 468 liceret,
695 392 752 453 hoc
773 412 810 459 ex
824 396 935 456 ratione
953 405 981 456 et
996 398 1037 455 in·

39 476 174 537 tentione
191 476 342 535 connerio.

129 555 202 616 Huic
216 559 318 635 generi
332 557 510 635 probationis
531 557 622 617 trihus
642 561 860 619 occurritur
878 563 986 639 modis,
1009 564 1077 630 idio

30 647 88 700 'est
103 659 159 720 per
183 658 282 700 omnes
303 650 411 718 partes.
447 640 505 700 Aut
525 643 599 700 enim
624 652 823 720 expugnantur
843 646 961 705 intentio
989 657 1037 707 aut

36 725 201 802 assumptio
217 734 264 784 aut
280 725 428 785 conclusio
444 742 642 802 nonnunquam
663 729 772 800 omnia,
789 726 840 787 sed
855 732 947 789 omnia
963 731 1037 791 haec

35 809 95 868 tria
111 816 186 866 sunt.
217 807 341 867 Intentio
363 818 558 887 expugnatur:
579 807 654 870 lure
671 813 773 871 occidi
793 831 878 887 earm,
896 815 948 890 qui
960 816 1035 874 inci·

13 892 147 952 -da‘atac
165 892 214 952 cit.
247 891 318 951 Nam
339 894 428 970 prima
451 895 545 952 statim
562 895 693 969 quaestio
715 910 768 971 pro
785 894 892 955 Milone
909 906 971 972 est,
994 917 1035 958 aa

34 976 69 1035 ei
89 974 145 1052 saa
164 977 204 1035 sit
219 975 316 1036 lucem
329 977 458 1051 intueri,
481 979 532 1054 qai
551 993 573 1036 a
592 995 627 1036 ce
646 977 793 1040 homiuem
812 990 954 1040 necatam
969 1000 1036 1042 essa

30 1057 188 1135 fateatur.
218 1056 407 1136 Expugnatur
425 1061 580 1137 assumptio
597 1059 727 1119 omnibus
742 1063 794 1137 iis,
812 1063 937 1140 quaeda
959 1063 1077 1130 refu-21
1119 1070 1122 1079 '

32 1141 149 1200 tatione
165 1141 294 1202 diximus.
325 1142 362 1201 Et
376 1145 448 1202 ratio
466 1144 578 1220 quidem
592 1160 793 1222 nonnunquam
811 1155 956 1221 escuem,
973 1165 1036 1207 cum

33 1224 103 1283 eius
124 1227 286 1303 propositio
316 1242 386 1285 vera
415 1243 471 1286 non
497 1229 547 1294 sit;
576 1228 687 1287 interim
713 1246 801 1289 verae
827 1232 1034 1308 propositionis

32 1307 114 1366 ialsa
129 1310 201 1367 ratio
219 1317 273 1367 est.
307 1307 410 1370 Virtam
424 1312 531 1377 bonum
551 1320 610 1388 est,
631 1330 730 1370 verum
749 1322 809 1381 est;
832 1314 933 1391 siquis
948 1317 1034 1373 ratio·

31 1408 104 1449 nem
120 1391 268 1467 subiiciat,
291 1396 372 1470 qaod
386 1412 423 1456 ca
437 1397 601 1472 locupletes
620 1397 737 1474 faeiat.-
757 1415 846 1456 verae
869 1399 1033 1457 intentionis

33 1474 114 1534 laisa
130 1477 167 1534 sit
182 1477 265 1534 ratio.
299 1474 455 1537 Conclusio
473 1488 567 1537 autem
578 1487 626 1537 aut
640 1496 711 1538 vera
730 1490 861 1557 negatur,
880 1500 943 1541 cum
958 1482 1033 1541 aliud
1041 1495 1075 1548 22

34 1556 154 1634 colligit
176 1576 259 1636 quam
281 1559 324 1634 id,
351 1561 427 1638 quod
448 1580 486 1621 ex
504 1562 648 1640 prioribus
672 1563 810 1632 sllicitum
835 1572 882 1623 aut
904 1565 972 1625 nihil
999 1566 1034 1625 ad

35 1643 239 1718 quaestionem
254 1642 356 1702 dicitur
373 1647 528 1722 pertinere.
563 1644 628 1705 Non
643 1654 689 1705 est
703 1665 775 1706 vera
792 1649 850 1706 sic:
865 1646 1035 1710 insidiator

32 1727 106 1785 iocre
121 1728 272 1788 occiditur
275 1748 290 1799 ‚·
303 1745 375 1788 atam
396 1731 447 1806 qui
466 1731 602 1806 curavit,
617 1739 650 1792 at
665 1731 725 1790 aim
740 1730 868 1811 afferret
883 1740 915 1791 att
929 1732 1033 1808 itastis,

36 1807 128 1873 debet
142 1814 232 1873 etiam
246 1814 354 1891 repelli
372 1823 404 1874 ut
420 1813 530 1881 tractim
553 1822 638 1873 recte
651 1814 745 1891 igitur
762 1811 886 1875 Clodius
897 1823 928 1874 at
942 1815 1034 1875 locatio

36 1897 159 1956 occisus
174 1903 237 1968 est,·
263 1898 443 1976 nonnique,
466 1897 589 1956 nondum
605 1898 679 1955 enim
696 1896 824 1955 Clodium
838 1898 1033 1956 insidiatorem

38 1980 225 2039 ostendimus.
258 1982 317 2040 Sed
338 1982 368 2040 lit
382 1999 452 2041 vera
472 1982 631 2041 connexio:
656 1980 749 2043 Recto
763 1983 856 2059 igitur
870 1983 1033 2043 insidiator

35 2071 70 2124 at
83 2065 179 2125 noctis
193 2066 363 2133 occiditum
385 2065 454 2124 nihil
469 2066 504 2125 ad
519 2082 583 2140 nos,
600 2063 723 2123 nondum
739 2067 813 2123 enim
829 2062 949 2124 Clodius
964 2067 1031 2124 insi·

37 2146 134 2207 diator
148 2158 277 2224 apparet.
308 2148 367 2209 Seu
381 2158 412 2207 ut
428 2159 526 2226 potest
539 2166 609 2208 vera
628 2166 695 2207 esse
717 2150 836 2207 intentio
856 2158 886 2207 et
910 2151 981 2208 ratio
1005 2158 1074 2210 et23
1143 2152 1146 2159 '

36 2239 134 2289 tamen
147 2231 222 2291 falsa
240 2233 397 2291 connexio:
415 2234 464 2309 ita,
480 2236 504 2292 si
515 2233 565 2293 illa
576 2232 650 2292 falsa
662 2241 739 2308 sunt,
754 2250 895 2314 nunquam
906 2241 951 2291 est
962 2250 1032 2291 vera

38 2331 192 2374 connexio.

122 2396 309 2473 Enthpmema
330 2398 365 2458 ab
392 2399 455 2458 aliis
479 2401 621 2459 oratorius
642 2398 889 2475 syllogismus
911 2398 946 2459 ab
968 2400 1074 2460 aliisru

39 2498 108 2559 pars
129 2482 232 2541 dicitur
253 2482 429 2559 syllogismi,
450 2493 605 2561 propterea
624 2482 702 2560 quod
724 2482 911 2559 syllogismus
932 2485 1039 2561 utique

39 2565 255 2625 conclusionem
274 2574 304 2624 et
326 2569 553 2643 propositionem
573 2566 661 2626 hahet
687 2576 717 2625 et
740 2585 794 2644 per
818 2584 917 2626 omnes
932 2577 1031 2644 partes

38 2647 144 2723 efficit,
169 2648 245 2726 quod
267 2652 433 2727 proposuit,
458 2650 636 2725 enthymema
658 2659 765 2709 tantum
786 2652 893 2710 intenta
909 2650 1031 2726 intelligi
1138 2653 1144 2670 “

38 2740 203 2791 contentum
218 2735 264 2792 sit.
291 2733 482 2809 syllogismus
494 2735 575 2793 talis:
594 2733 816 2797 solumbonum
829 2734 941 2808 artas,
959 2743 1071 2795 uomit

35 2816 73 2875 ia
94 2817 213 2877 demum
236 2817 344 2878 bouum
366 2826 426 2893 est,
448 2834 506 2894 qao
528 2837 615 2879 nemo
636 2819 715 2879 male
729 2820 773 2878 uti
786 2827 882 2896 potest
887 2840 902 2888 ,·
921 2819 1031 2878 virtute

35 2916 125 2960 neoto
139 2901 219 2961 male
232 2902 398 2978 eupatori,
422 2901 531 2962 bouum
551 2908 595 2961 est
615 2918 688 2980 erpo
707 2905 813 2962 oirtas.
844 2900 1031 2975 Enthymema

39 2999 78 3042 ex
93 2984 351 3060 consequentibus:
375 2983 492 3045 Bonum
507 2993 552 3047 est
565 2986 679 3062 virtus,
702 3001 763 3062 qua
781 3002 867 3044 nemo
887 2984 968 3045 male
986 2984 1032 3044 ati

35 3069 154 3145 potest,·
178 3077 207 3126 et
222 3076 339 3144 contra,
361 3066 428 3131 Noa
450 3074 494 3129 eoi
513 3069 623 3130 bonum
634 3070 788 3147 pecunia·
809 3086 869 3127 oon
886 3067 966 3128 enim
979 3069 1030 3129 bo

38 3167 124 3227 nam,
154 3166 212 3228 quo
239 3153 366 3229 petisque
389 3153 468 3213 male
488 3154 533 3219 att
554 3162 670 3231 potest,·
695 3152 828 3230 pecunia
845 3159 943 3228 potest
963 3154 1031 3230 quic

38 3234 118 3294 male
133 3236 192 3309 ati,
212 3253 272 3295 non
294 3237 389 3315 igitur
409 3236 517 3296 bonam
539 3237 745 3313 estsspeouaia.
787 3232 973 3309 Enthymema
994 3253 1032 3294 ex

39 3319 244 3395 pugnantibus:
267 3315 316 3380 Aa
336 3322 444 3381 bonam
468 3320 681 3399 trutmannia,
710 3334 771 3396 qua
796 3319 924 3396 quisque
953 3320 1032 3379 mole

40 3402 84 3463 ati
99 3404 217 3480 potest?
251 3400 288 3462 Si
306 3404 456 3481 pecunia,
474 3419 554 3480 quac
573 3411 618 3464 eat
631 3405 805 3481 imarpeato
818 3404 951 3481 agnato,
977 3409 1072 3463 ‹rr-26

39 3494 159 3565 gentum
175 3494 239 3549 est:
255 3489 307 3565 qai
321 3494 480 3566 arpentum
490 3506 576 3551 omne
586 3488 708 3567 legauit,
723 3496 752 3549 ct
760 3487 934 3566 pecuniam,
951 3501 1031 3563 quoe
