2434 3925
130 194 171 255 36
446 207 806 269 n.nne.ou1ur1n1nn1

130 363 286 442 quaestio,¹
298 380 381 442 quam
395 365 550 441 temporis,
571 372 634 422 utre
650 365 729 442 prior
744 363 794 432 sit:
816 373 863 424 aut
878 365 1037 443 qualitatis,
1064 376 1132 429 utra
1204 423 1205 448 ¹

129 449 232 506 iustior
252 449 289 506 sit
317 449 428 524 petitio.
472 447 614 507 Diversae
641 465 756 526 quoque
784 447 868 525 leges
897 450 1055 527 confligunt
1081 461 1133 511 aut

101 532 247 594 lsimiles.
290 530 445 606 Diversae,
468 531 570 610 quibus
586 533 672 590 etiem
688 533 758 591 eitra
779 532 927 592 adversam
943 534 1039 611 legem
1056 553 1130 594 oon·

128 616 230 674 tredioi
245 618 353 693 possit,
376 624 406 674 nt
428 617 456 673 in
471 614 526 673 lreo
543 616 756 674 controversie:
774 613 976 693 Mooistrotus
990 619 1030 678 ob
1046 638 1130 680 arce

128 717 167 759 oe
183 700 342 767 discedot,·
362 699 411 758 vel
427 698 481 758 ulia
499 698 576 757 nulle
593 698 725 757 obstante
743 702 842 775 quaeri
859 710 972 779 potest,
992 699 1047 763 Vir
1060 705 1131 782 sor-

128 784 166 843 iis
190 801 249 858 ort,
273 784 425 926 orridqoid
443 785 573 860 optarit,
595 785 739 862 occipere
761 785 880 844 debeat.
922 782 960 843 Et
986 786 1014 844 in
1034 789 1130 863 megi·

128 875 219 926 stratu
233 884 279 925 mu
295 876 322 926 ta
338 866 483 940 dicentur,
503 865 604 944 quibus
620 869 756 944 scriptum
772 877 968 945 expugnatum
986 871 1011 927 si
1026 872 1128 929 incen-

98 951 203 1011 5dium
220 952 248 1009 in
267 968 334 1010 eree
353 951 454 1024 inerit,
471 951 534 1008 siin
549 950 648 1009 hostes
664 949 881 1010 deourremlum.
907 952 1037 1028 Similes,
1054 957 1128 1013 'oon-

127 1030 171 1095 tre
194 1053 266 1113 ques
290 1035 358 1094 nihil
375 1035 482 1112 opponi
498 1043 596 1111 potest
616 1036 669 1093 uisi
695 1034 744 1094 lex
764 1034 869 1096 alteru:
896 1034 1130 1114 Tyrannicidae

69 1157 76 1162 -
126 1121 227 1198 imoqo
254 1120 286 1178 in
309 1121 465 1197 yymooeio
486 1126 640 1196 portatum·
674 1127 789 1194 contra,
815 1117 953 1181 Mulieris
970 1122 1073 1200 imoqo
1093 1123 1130 1183 e'rr

125 1204 282 1281 qymeerto
295 1222 334 1262 rte
346 1211 488 1279 portator.
510 1200 631 1262 Mulier
646 1210 808 1281 tyrannum
822 1205 942 1267 oceidit.
986 1204 1059 1264 Nem
1069 1205 1126 1265 ne·
1204 1211 1205 1226 ¹

130 1304 185 1364 que
208 1287 335 1345 mulieris
351 1288 444 1362 imago
460 1285 520 1345 ullo
537 1285 593 1344 elio
609 1303 678 1345 ousn
698 1288 766 1364 poni
784 1297 881 1365 potest
901 1306 956 1348 neo
970 1290 1127 1363 tyrannici-

100 1371 183 1429 6dae
207 1369 267 1429 ullo
294 1370 351 1429 elio
378 1388 447 1428 oesu
470 1372 652 1428 summoveri.
696 1369 823 1448 lmpares
845 1380 925 1448 sunt,
953 1390 1016 1431 oum
1041 1372 1127 1432 elteri

125 1453 216 1513 multa
241 1454 349 1531 opponi
364 1462 485 1532 possunt
506 1454 590 1512 elteri
606 1453 691 1530 nihil,
712 1456 765 1513 nisi
787 1455 864 1534 qnod
885 1458 913 1514 in
934 1455 984 1515 lite
1005 1466 1067 1515 est:
1094 1466 1127 1516 ut

128 1555 191 1596 oum
212 1538 261 1597 eir
278 1538 368 1615 fortis
387 1539 594 1615 impunitatem
617 1540 783 1599 desertoris
801 1541 884 1617 petit.
928 1539 998 1599 Nem
1023 1549 1126 1600 contre

127 1621 224 1697 legem
239 1622 292 1679 viri
307 1622 406 1697 fortis,
422 1630 554 1699 utsupra
573 1623 702 1697 ostendi,
716 1622 803 1682 multa
818 1623 965 1692 dicuntum
984 1622 1125 1683 adversus

128 1704 295 1765 desertores
314 1707 422 1783 scripte
437 1722 493 1765 non
508 1715 606 1783 potest
621 1708 674 1764 nisi
692 1708 809 1784 optione
825 1706 962 1766 subverti.

102 1796 119 1852 7
213 1788 285 1848 Item
308 1789 473 1849 ooulessnm
492 1808 529 1848 ex
548 1799 670 1868 utreque
695 1800 777 1868 perte
800 1791 842 1849 ius
867 1801 911 1850 est
931 1800 978 1850 unt
998 1791 1123 1852 dubium.

128 1872 159 1932 si
175 1873 339 1933 oonlessnm
356 1882 416 1948 est,
434 1873 507 1946 heeo
522 1874 584 1933 lere
601 1883 788 1951 quaeruntur:
806 1874 876 1934 Utro
891 1875 940 1934 lex
957 1873 1124 1953 potentiori

128 1956 164 2017 ed
179 1957 251 2018 deos
274 1960 416 2036 pertineat
439 1977 474 2018 an
495 1957 530 2017 ad
548 1955 698 2018 homines?
728 1958 763 2017 ed
785 1977 846 2017 rem
867 1959 1010 2038 publicum
1031 1979 1066 2019 an
1089 1959 1123 2020 ed

126 2039 278 2119 privatos?
298 2043 334 2102 de
358 2042 469 2101 honore
486 2060 521 2101 en
542 2043 577 2102 de
595 2039 712 2121 poena?
735 2043 770 2101 de
791 2046 900 2120 magnis
922 2043 1009 2102 rebus
1031 2062 1065 2103 en
1087 2044 1124 2104 de

100 2123 250 2204 Spurvis?
273 2128 418 2203 permittet
438 2145 474 2185 an
498 2135 577 2185 vetet
602 2145 638 2185 an
661 2123 803 2204 imperet?
838 2128 921 2188 Solet
941 2129 1057 2187 tractari
1083 2136 1123 2202 et,

126 2218 190 2269 utre
204 2211 243 2268 sit
258 2211 415 2287 antiquior,
431 2219 461 2282 et
475 2210 555 2269 velut
569 2212 812 2289 potentissimum,
828 2220 890 2271 ntra
905 2212 994 2270 minus
1007 2212 1122 2290 perdam

126 2302 157 2353 ut
172 2295 200 2352 in
216 2293 368 2352 desertore
381 2303 410 2352 et
422 2294 483 2352 viro
499 2294 582 2368 lorti,
600 2295 676 2371 quod
688 2294 739 2353 illo
751 2312 807 2354 non
818 2297 916 2354 oeoiso
934 2295 982 2354 lex
996 2303 1056 2354 tote
1066 2295 1123 2355 tol·

26 2438 31 2445 x
126 2376 215 2445 latur;
237 2378 353 2452 occiso,
373 2379 409 2435 sit
427 2377 540 2454 relique
555 2381 617 2438 viro
635 2378 702 2437 lorti
718 2379 772 2438 eliu
792 2380 881 2456 optio.
914 2379 1066 2438 Plurimum
1081 2388 1123 2439 ta·

125 2479 191 2519 men
205 2469 255 2523 est
266 2463 293 2518 in
308 2461 382 2536 hoo,
398 2459 498 2520 Utrum
513 2461 576 2520 lieri
591 2464 628 2521 sit
642 2461 744 2522 melius
761 2472 846 2540 etque
862 2464 995 2540 sequium
1014 2462 1123 2541 dequo

96 2550 114 2604 9
129 2546 197 2607 nihil
211 2546 340 2623 praecipi
357 2545 411 2603 nisi
428 2547 579 2623 proposita
596 2548 715 2606 materia
730 2555 836 2623 potest.
877 2548 907 2606 Si
926 2545 1054 2606 dubium:
1075 2555 1124 2605 eut

126 2628 211 2688 elteri
235 2638 282 2688 aut
301 2630 424 2687 invicem
439 2629 553 2707 utrique
575 2629 611 2689 de
635 2631 697 2688 iure
714 2630 745 2689 lit
763 2633 977 2705 controversia,
999 2631 1073 2688 utin
1091 2649 1124 2689 re

126 2713 192 2772 tali:
209 2710 297 2773 Patri
305 2714 338 2772 in
348 2713 458 2791 filium,
471 2723 604 2790 patrono
618 2715 650 2774 io
660 2714 800 2775 libertum
811 2734 919 2775 monne
933 2715 1053 2775 iniectio
1066 2714 1124 2784 sir,-

125 2799 227 2858 liberti
237 2798 379 2858 heredem
393 2805 570 2874 sequentur.
604 2795 722 2860 Liberti
733 2798 828 2876 filium
845 2801 969 2876 quidam
985 2798 1058 2876 feeit
1071 2797 1123 2858 lte-

125 2883 250 2942 reolem:
271 2883 401 2943 inuicem
414 2882 528 2959 petitor
542 2899 653 2943 manus
666 2884 806 2952 iniectio,·
829 2891 858 2942 et
873 2891 1011 2960 petronus
1027 2891 1130 2958 negem

126 2966 170 3023 ins
186 2966 276 3044 petris
292 2965 335 3025 illi
352 2966 443 3024 inisse
450 2967 545 3043 quia
560 2967 623 3044 ipse
639 2969 667 3025 iu
684 2984 766 3026 menn
781 2969 894 3045 petroni
909 2966 1004 3025 luerit.

84 3058 119 3110 10
208 3047 347 3126 Duplioes
371 3049 455 3126 leges
476 3051 550 3109 siout
572 3051 645 3109 dnae
667 3050 823 3110 collidunt
796 3059 854 3109 t:ur
878 3059 908 3109 ut
923 3048 1039 3111 Notius
1055 3054 1124 3112 aute

126 3133 390 3209 leuitimomootoe
395 3135 566 3228 ‚leqitimus
575 3135 633 3203 sit;
646 3135 902 3214 poetleoitimom
915 3141 1030 3194 tontum
1042 3134 1121 3194 ciris.
1204 3162 1205 3173 ι

127 3215 212 3289 Quod
228 3215 264 3274 de
281 3215 410 3293 legibus,
436 3204 511 3276 idem
528 3219 563 3277 de
580 3218 838 3277 senatusconsultis
860 3219 980 3285 diotnm;
1007 3234 1079 3295 quoe
1098 3217 1122 3274 si

127 3309 175 3358 eut
190 3301 264 3357 inter
279 3317 312 3358 se
329 3309 458 3378 pugnent
472 3311 520 3361 ent
534 3300 650 3360 obstent
666 3301 796 3380 legibus,
817 3310 983 3361 nontamen
999 3301 1073 3361 eliud
1087 3302 1121 3358 sit
1204 3298 1205 3303 ’

127 3384 190 3443 eius
209 3392 298 3442 status
314 3401 427 3443 nomen.
