2434 3925
347 206 771 276 1nsr.onnron.u1a.11,4.
1013 195 1054 259 65

58 376 162 429 natura
177 367 320 427 minimum
335 367 399 445 spei
414 365 542 441 dederit,
563 366 593 424 in
615 382 671 444 qua
686 366 829 442 ingenium
844 365 948 427 iudicio
969 384 1053 444 prae·

58 452 190 512 sumitur.
237 450 386 511 Materiam
413 467 479 509 esse
506 451 625 527 primum
651 449 720 507 volo
746 449 794 509 vel
819 449 1054 510 abundantiorem

59 545 149 615 atque
166 535 241 596 ultra
263 553 348 614 quam
369 542 504 610 oporteat
526 533 627 592 fusam.
660 532 778 593 lllultum
799 534 865 594 inde
888 534 1054 613 decoquent

59 619 142 694 anni,
162 620 279 678 multum
294 620 367 678 ratio
385 618 509 692 limabit,
527 616 633 695 aliquid
648 616 728 676 velut
742 636 795 675 usu
812 619 876 695 ipso
894 619 1052 693 deteretur‚

58 705 97 763 sit
112 704 198 762 modo
214 704 289 762 unde
305 703 400 762 excidi
416 703 509 781 possit
524 710 554 761 et
571 701 647 779 quod
670 702 801 778 exculpi;
827 702 880 761 erit
895 712 1004 777 eutem,
1028 703 1053 761 si

57 805 118 847 non
141 787 177 845 ab
197 788 276 846 initio
298 796 412 845 tenuem
436 787 550 844 nimium
573 786 703 846 laminam
730 786 893 844 duxerimus
918 795 947 846 et
970 804 1053 865 quam

58 871 208 932 caelatura
231 871 315 929 altior
336 879 457 948 rumpat.
497 868 580 942 Quod
604 887 649 928 me
665 869 702 928 dc
724 869 767 928 lris
784 869 925 929 aetatibus
945 872 1080 935 sentires

57 957 151 1014 minus
167 955 330 1029 mirabitur,
347 956 395 1033 qui
413 954 487 1033 apud
504 951 676 1013 Ciceronem
691 954 812 1031 legerit:
833 952 905 1015 Volo
924 956 1003 1018 enim
1019 973 1054 1015 ae

58 1039 169 1123 efferet
185 1040 217 1098 in
238 1040 430 1100 adolescente
448 1038 634 1117 fecunditas.

145 1121 331 1201 Quapropter
351 1123 380 1180 in
400 1123 497 1200 primis
514 1122 662 1182 evitandus
685 1131 714 1181 et
735 1124 763 1182 in
780 1124 877 1200 pueris
895 1122 1053 1201 praecipue

57 1208 198 1283 magister
214 1207 327 1282 aridus,
351 1223 406 1265 non
423 1208 514 1265 minus
534 1224 617 1284 quam
631 1208 739 1266 teneris
755 1207 847 1266 adhuc
869 1207 973 1286 plantis
996 1208 1052 1265 sic-

58 1308 125 1351 cum
141 1300 170 1349 et
184 1291 246 1349 sine
262 1290 381 1349 humore
396 1290 456 1349 ullo
474 1290 577 1349 solum.
607 1289 676 1352 lude
691 1290 760 1350 fiunt
775 1290 896 1351 humiles
914 1291 1008 1350 statim
1024 1293 1078 1349 et9

56 1374 139 1434 relut
154 1383 259 1433 terram
281 1382 465 1452 spectantes,
489 1376 537 1451 qui
557 1374 625 1433 nihil
645 1392 731 1452 supra
754 1376 926 1435 cotidianum
943 1391 1052 1433 sermo·

56 1477 124 1518 nem
147 1458 283 1517 attollere
308 1458 439 1518 audeant.
475 1457 583 1517 Macies
606 1458 663 1517 illis
687 1471 740 1536 pro
763 1461 884 1519 sanitate
904 1468 934 1518 et
957 1458 1052 1517 iudicii
1080 1462 1082 1465 '
1116 1470 1119 1476 ·

55 1544 126 1603 loco
143 1542 290 1601 infirmitas
308 1551 368 1616 est,
391 1551 419 1601 et
441 1541 507 1601 dum
529 1543 598 1601 satis
616 1551 716 1620 putant
737 1545 806 1602 vitio
829 1561 947 1618 carere,
972 1544 1001 1600 ln
1023 1542 1051 1602 id

55 1628 151 1705 ipsum
173 1627 298 1686 incidunt
318 1627 431 1701 vitium,
454 1628 530 1704 quod
551 1627 702 1686 virtutihus
724 1636 831 1687 carent.
864 1626 960 1700 Quare
984 1626 1051 1685 milri

54 1730 91 1770 ne
109 1711 257 1769 maturitas
278 1710 392 1789 quidem
409 1711 471 1788 ipsa
487 1705 622 1791 festinet,
646 1729 701 1770 nec
718 1720 810 1771 musta
826 1713 853 1769 in
874 1711 939 1771 lacu
957 1712 1052 1770 statim

54 1804 174 1855 austera
190 1795 261 1861 sint;
280 1796 323 1853 sio
340 1803 370 1853 et
385 1811 474 1853 annos
490 1794 585 1853 ierent
600 1804 630 1853 et
644 1803 788 1854 vetustate
803 1794 965 1873 proficient.

141 1873 205 1937 Neo
220 1877 289 1937 illud
308 1879 423 1956 quidem
438 1879 516 1957 quod
532 1878 736 1938 admoneamus
758 1880 902 1956 indignum
925 1886 987 1955 est,
1010 1879 1094 1936 in-ro

52 1964 142 2042 genia
158 1967 313 2040 puerorum
334 1965 417 2023 nimia
438 1964 550 2022 interim
572 1964 779 2023 emendationis
801 1965 959 2022 severitate
980 1961 1050 2022 deli-

53 2067 141 2115 cere;
165 2065 230 2119 nanu
247 2055 276 2107 et
298 2047 454 2126 desperant
472 2055 501 2106 et
521 2047 622 2107 dolent
644 2056 673 2107 et
694 2049 850 2107 novissime
868 2047 992 2105 oderunt
1009 2054 1049 2121 et,

53 2131 134 2211 quod
150 2132 272 2191 maxime
284 2140 383 2206 nocet,
401 2130 466 2190 dum
478 2131 572 2190 omnia
588 2132 697 2206 timent,
714 2132 782 2192 nilril
795 2139 943 2191 conantur.
966 2130 1049 2203 Quod
1059 2137 1090 2189 ll

53 2217 142 2276 etiam
166 2215 280 2274 rusticis
302 2223 399 2274 notum
421 2224 483 2290 est,
506 2216 554 2294 qui
571 2214 720 2279 frondibus
741 2218 851 2276 teneris
874 2231 931 2274 non
951 2224 1051 2293 putant

53 2298 248 2361 adhibendam
265 2317 332 2358 esse
352 2298 474 2374 falcem,
498 2300 564 2377 quia
586 2299 776 2360 reformidare
791 2301 898 2360 ferrum
918 2299 1051 2357 videntur

54 2393 83 2444 et
104 2382 232 2442 nondum
250 2383 416 2442 cicatricem
435 2383 494 2460 pati
517 2400 618 2461 posse.
659 2383 802 2444 Iucundos
824 2400 896 2460 ergo
918 2392 976 2441 tum
990 2389 1093 2441 ma-lt

54 2468 130 2526 xime
148 2465 238 2526 dehet
258 2484 325 2525 esse
345 2474 539 2544 praeceptor,
559 2475 590 2527 ut
612 2467 757 2543 remedia,
782 2486 856 2547 quae
878 2466 985 2544 alioqui
1001 2483 1049 2525 na·
1104 2490 1106 2493 ·

55 2559 118 2610 tura
134 2558 201 2609 sunt
216 2568 331 2629 aspera,
348 2551 427 2613 molli
443 2568 526 2610 manu
542 2551 697 2619 leniantur;
715 2551 833 2611 laudare
848 2551 955 2629 aliqua,
971 2549 1050 2609 ierre

56 2633 215 2712 quaedam,
238 2643 348 2693 mutare
365 2631 469 2710 etiam,'
490 2634 603 2696 reddita
621 2653 673 2694 cur
687 2636 715 2696 id
731 2636 779 2695 liat
796 2636 923 2709 ratione,
946 2633 1048 2692 illumi·

55 2735 125 2777 nare
155 2718 367 2796 interponendo
389 2719 496 2796 aliquid
519 2720 572 2778 sui.
622 2718 830 2798 Nonnunquam
852 2718 908 2777 hoo
931 2734 1049 2796 quoque

55 2802 111 2860 erit
125 2801 207 2877 utile,
224 2803 317 2880 ipsum
332 2811 408 2862 totas
423 2803 534 2863 dictare
545 2805 690 2879 materias,
708 2820 779 2882 quas
795 2811 824 2862 et
838 2803 963 2861 imitetur
976 2818 1051 2878 puer

54 2892 86 2944 et
100 2885 213 2945 interim
228 2895 362 2965 tanquam
379 2905 446 2947 suas
464 2896 548 2946 amet.
587 2886 624 2946 tn
641 2888 665 2946 si
681 2897 737 2948 tam
754 2887 907 2964 negligens
924 2886 950 2943 ei
966 2884 1048 2944 stilus
1058 2890 1091 2944 13

51 2969 160 3046 fuerit,
186 2979 217 3030 ut
238 2971 467 3031 emendationem
489 2988 546 3031 non
566 2972 704 3049 recipiat:
733 2980 872 3049 expertus
894 2987 955 3027 sum
981 2984 1048 3046 pro·

51 3053 161 3128 desse,
191 3055 325 3132 quotiens
353 3055 475 3114 eandem
497 3057 645 3116 materiam
670 3074 769 3114 rursus
793 3073 809 3119 a
832 3073 878 3113 me
898 3062 1048 3113 tractatam

50 3132 187 3198 scribere
203 3139 239 3199 de
255 3140 368 3216 integro
388 3138 531 3215 iuberem,
555 3158 646 3219 porse
667 3140 746 3200 enim
772 3157 840 3199 eum
860 3139 966 3199 adduc
985 3156 1048 3198 me-

49 3223 134 3291 lium
152 3231 293 3302 quatenus
307 3223 388 3283 nullo
403 3225 495 3300 magis
511 3225 604 3284 studia
620 3241 704 3301 quam
719 3240 773 3300 spe
788 3222 924 3299 gaudent.
954 3221 1049 3281 Aliter
1056 3225 1091 3281 14

51 3314 151 3367 autem
165 3306 221 3366 alia
237 3316 317 3366 aetas
335 3308 513 3367 emendanda
532 3316 588 3385 est,
606 3316 635 3366 et
652 3323 705 3384 pro
722 3307 809 3366 modo
824 3308 925 3367 virium
941 3315 970 3366 et
986 3306 1046 3364 exi·

52 3391 180 3467 gendum
202 3399 231 3449 et
247 3391 449 3469 corrigendum
465 3408 549 3469 opus.
586 3391 724 3452 Solebam
746 3407 804 3467 ego
826 3392 926 3451 dicere
947 3387 1045 3468 pueris

52 3472 163 3554 aliquId
178 3475 255 3534 ausis
270 3475 403 3536 licentius
419 3484 468 3538 aut
483 3475 602 3554 laetius,
620 3476 752 3539 laudm
768 3476 845 3538 illud
863 3493 914 3616 gre
931 3473 1046 3546 adduc,

93 3578 159 3620 aar.
173 3572 286 3626 suurn.
