2434 3925
190 174 251 236 238
523 189 882 250 massmannum

190 340 296 401 cilicia.
330 340 373 402 lta
391 361 448 403 nec
468 344 688 405 antecedentem
709 346 849 423 consequi
871 361 1045 424 possumus,
1084 358 1123 409 et
1145 350 1198 410 lon

188 426 255 501 qius
270 426 392 486 cundum
407 436 463 504 est,
478 437 509 487 ut
525 445 573 487 res
589 428 674 487 leret.
704 426 742 488 Et
756 427 916 507 probabilis
931 439 1030 491 tamen
1045 434 1196 511 cupiditas

188 508 374 570 honestorum
396 521 425 571 et
443 511 522 571 uelut
537 513 650 571 tutioris
664 512 816 572 audentiae
831 522 877 572 est
899 523 1066 593 temptare,
1099 517 1194 597 quibu

188 595 315 670 paratior
329 595 412 655 venia
427 605 481 656 est.

272 746 339 798 Non
356 746 457 798 POSSE
475 746 655 800 ORATOREM
668 747 748 799 ESSE
764 746 829 798 NISI
845 748 949 800 VIRUM
967 749 1113 804 BONUM.

270 841 294 902 l.
310 842 353 902 Sit
369 858 441 919 crgo
458 842 541 902 nohis
558 854 675 920 orator,
700 863 784 924 quem
801 846 1016 921 constituimus,
1040 848 1109 925 is,
1122 852 1185 929 quia

187 923 479 1003 lituonefimmr,
500 927 697 989 virbonus
719 928 1050 1007 dicendiperitus;
1084 951 1186 994 veron

186 1012 217 1072 id
234 1009 311 1089 quod
327 1020 356 1070 ct
372 1011 422 1072 ille
437 1013 533 1090 posuit
551 1014 648 1091 prius,
671 1021 701 1072 et
723 1015 786 1091 ipsa
807 1022 906 1072 natura
927 1015 1025 1091 potius
1044 1033 1089 1076 ac
1108 1022 1187 1078 maus

188 1104 250 1171 est,
264 1096 363 1174 utique
379 1094 574 1155 virbonus.
605 1095 638 1156 Id
655 1115 712 1156 uon
728 1113 764 1156 eo
780 1105 902 1171 tanturn,
919 1096 1016 1175 quod,
1034 1101 1062 1157 si
1084 1103 1138 1161 vis
1153 1103 1187 1162 illa

187 1179 300 1239 dicendi
315 1179 647 1256 malitiaminstruxerit,
664 1180 733 1240 nihil
748 1181 785 1239 sit
799 1180 924 1259 publicis
941 1182 1141 1262 priuatisque
1155 1205 1186 1246 re

186 1263 241 1323 bus
256 1265 448 1342 perniciosius
466 1264 643 1342 eloquentia,
661 1282 774 1343 nosque
790 1265 857 1342 ipsi,
874 1266 922 1343 qui
937 1281 991 1344 pro
1006 1267 1096 1328 virili
1115 1280 1185 1348 pum

187 1348 322 1409 conferre
338 1347 443 1425 aliquid
459 1347 494 1407 ad
509 1348 675 1409 facultatem
691 1349 803 1409 dicendi
819 1350 914 1409 conati
929 1366 1040 1426 sumus,
1057 1356 1185 1430 pessime

186 1449 346 1493 mereamur
369 1430 405 1491 de
429 1430 517 1491 rebus
541 1432 686 1507 humanis,
715 1434 740 1492 si
763 1433 866 1493 latroni
889 1449 1101 1512 comparamus
1124 1438 1184 1498 haec

158 1527 264 1579 tanna
278 1533 336 1576 uon
352 1515 441 1575 militi.
474 1514 549 1590 Quid
565 1516 601 1577 de
622 1517 707 1576 nobis
722 1515 848 1596 loquor?
873 1515 979 1576 Rerum
1000 1518 1070 1596 ipsa
1092 1532 1184 1582 natura

186 1602 215 1659 iu
232 1617 285 1676 co,
312 1599 388 1678 quod
405 1602 561 1678 praecipue
577 1600 731 1661 indulsisse
746 1601 852 1661 homini
866 1601 979 1662 videtur
994 1620 1127 1682 quoque
1142 1624 1182 1666 nos
1197 1652 1198 1669 2

187 1702 203 1744 a
230 1686 336 1745 ceteris
359 1684 527 1744 animalibus
554 1703 726 1763 separasse,
753 1703 811 1746 non
838 1704 943 1765 parens
970 1686 1025 1745 sed
1057 1696 1198 1751 noveru*

186 1768 289 1844 luerit,
316 1769 340 1828 si
362 1768 527 1829 facultatem
549 1768 679 1845 dicendi,
708 1771 818 1829 sociam
840 1770 1000 1844 scelerum,
1030 1771 1180 1834 adversas

185 1855 384 1928 innocentiae,
408 1853 519 1912 hostem
539 1855 668 1912 veritatis
685 1854 802 1915 invenit.
838 1853 932 1914 llutos
953 1855 1029 1914 enim
1052 1861 1142 1919 nasci
1160 1866 1198 1933 ot}

185 1956 275 2016 egere
288 1939 363 1998 omni
378 1939 490 1998 ratione
506 1939 594 2000 satius
609 1938 727 2010 luisset,
750 1955 833 2017 quam
849 1938 1050 2017 providentiae
1066 1959 1177 2004 munera

156 2025 213 2090 ain
232 2032 356 2083 mutuam
377 2023 536 2100 perniciem
558 2031 741 2083 convertere.
773 2022 898 2101 Longius
922 2023 1011 2083 tendit
1030 2024 1095 2087 hoc
1119 2029 1176 2088 iudi·

185 2110 259 2168 oium
273 2125 377 2168 meum.
408 2105 511 2185 Neque
527 2109 601 2167 enim
616 2117 723 2168 tautum
742 2107 771 2168 id
781 2109 871 2184 dico,
893 2125 973 2184 eum,
995 2110 1046 2185 qui
1064 2113 1107 2171 sit
1124 2130 1176 2173 ora·

185 2201 247 2267 tor,
273 2193 364 2251 virum
388 2191 493 2250 bouum
514 2209 582 2251 esse
603 2200 758 2271 oportere,
785 2192 839 2252 sed
860 2210 897 2252 ue
918 2192 1042 2252 luturum
1065 2198 1174 2274 quiden

184 2284 328 2336 oratorem
342 2276 396 2334 nisi
410 2277 501 2336 virum
515 2275 631 2336 bonum.
660 2274 733 2335 Nam
752 2285 943 2355 centenaque
959 2276 1173 2356 intelligentias
1196 2331 1197 2364 ,

185 2360 369 2420 concesseris
386 2361 438 2436 iis,
461 2361 525 2440 qui,
547 2362 698 2439 proposita
717 2359 904 2420 honestorum
924 2379 959 2421 ac
983 2365 1113 2440 turpium
1128 2367 1173 2434 riu

183 2444 314 2521 peiorem
328 2445 411 2521 sequi
425 2445 541 2520 malent,
558 2463 654 2524 neque
671 2445 859 2522 prudentiam,
876 2463 939 2504 cum
951 2446 979 2504 iu
993 2449 1173 2521 gravissimu

183 2528 353 2606 frequenter
370 2527 478 2604 legum,
496 2547 615 2607 semper
629 2545 701 2589 vcro
716 2529 808 2589 mulae
825 2530 1019 2590 conscientiae
1038 2548 1172 2609 poenast

153 2617 275 2672 tsemet
295 2612 367 2690 ipsis
391 2613 547 2690 improviso
564 2632 661 2674 rerum
678 2615 756 2673 exitu
773 2614 933 2674 induantur.
964 2611 1076 2687 Quodsi
1093 2619 1171 2678 nemi

183 2715 248 2757 nem
264 2696 368 2756 malum
386 2714 453 2756 esse
469 2698 523 2756 nisi
538 2697 656 2757 stultum
672 2697 804 2773 eundem,
822 2714 880 2756 uon
896 2697 982 2758 modo
1000 2702 1171 2777 sapientiluu
1195 2701 1196 2712 ¹

183 2780 359 2842 dicitursed
381 2781 469 2858 vulgo
492 2798 608 2861 quoque
631 2800 749 2859 semper
771 2791 815 2841 est
836 2782 991 2842 creditum:
1020 2794 1104 2845 certe
1126 2803 1170 2846 nor

183 2865 234 2925 liet
253 2883 375 2944 unquam
403 2866 506 2926 stultus
532 2877 640 2926 orator.
680 2865 763 2926 Adde
779 2866 857 2944 quod
880 2884 917 2926 ue
943 2867 1037 2926 studio
1065 2871 1169 2946 quiden

183 2951 284 3027 operis
309 2949 493 3029 pulcherrimi
519 2967 625 3010 vacare
647 2968 728 3009 mens
752 2952 807 3010 nisi
833 2950 963 3010 omuibus
984 2953 1061 3011 vitiis
1086 2953 1167 3015 libert
1194 3001 1195 3004 ,

183 3042 296 3110 potest:
322 3035 441 3112 primum
463 3034 539 3112 quod
554 3035 582 3092 in
598 3033 701 3094 eodem
717 3044 840 3113 pectore
854 3033 962 3094 nullum
980 3044 1025 3094 est
1039 3035 1165 3098 honesto

182 3134 243 3175 rum
257 3118 437 3196 turpiumque
454 3120 646 3193 consortium,
663 3127 693 3178 et
708 3120 838 3200 cogitare
856 3120 962 3197 optima
978 3119 1113 3182 simulac
1128 3123 1164 3182 de

183 3202 298 3261 terrima
322 3217 380 3260 nou
404 3204 495 3279 magis
520 3211 566 3262 est
588 3204 671 3262 unius
691 3204 774 3263 animi
800 3221 885 3281 quam
908 3203 1035 3263 eiusdem
1056 3204 1163 3266 hominis

154 3281 286 3347 sbonnm
301 3303 368 3344 csse
384 3302 419 3345 ac
433 3286 550 3354 malum;
568 3294 626 3347 tum
641 3286 690 3347 illa
705 3305 823 3365 quoque
838 3305 876 3347 ex
891 3304 987 3362 causa,
1006 3289 1083 3366 quud
1097 3308 1161 3349 maa

182 3377 240 3427 tem
257 3376 352 3436 tantae
368 3370 410 3427 rei
425 3371 560 3430 intentam
575 3389 682 3431 vacare
698 3371 830 3431 omuibus
845 3370 909 3431 aliis
925 3372 1010 3431 ctiam
1027 3371 1110 3451 culpa
1126 3391 1160 3433 ct·

148 3450 150 3453 ’
181 3451 310 3513 rentibus
328 3452 404 3512 curis
419 3462 544 3532 oportet.
578 3453 621 3515 Ita
636 3454 749 3514 demum
762 3455 838 3514 enim
853 3454 945 3514 libera
962 3472 997 3515 ac
1012 3464 1081 3532 tota,
1095 3456 1160 3517 nulla
