2434 3925
168 164 208 228 32
484 179 847 239 monumemtum

167 354 243 403 mus;
265 334 390 412 ideoque
414 299 476 393 c¹um
495 328 677 414 κυρταύχενα
695 336 788 395 mirati
809 336 912 409 simus,
938 334 1164 399 incurvicervi-

168 438 237 481 cum
259 419 308 478 vix
329 436 345 476 a
367 419 426 477 risu
448 418 637 478 defendimus.

126 515 158 572 71
216 524 218 527 ’
250 502 405 580 Propria
423 512 487 562 sunt
501 502 601 579 verba,
618 521 682 562 cum
701 502 729 562 id
744 503 915 579 significant,
931 504 960 561 in
974 503 1052 580 quod
1069 505 1163 582 primo

167 588 346 647 denominata
365 595 445 653 sunt;
465 585 667 660 translata,
688 586 852 646 eumalium
869 587 1164 647 naturaintellectum

167 673 252 733 alium
274 671 340 731 loco
363 669 513 749 praebent.
554 669 714 729 Usitatis
733 674 820 730 tutius
840 673 958 745 utimur,
979 691 1081 734 uoco
1104 689 1165 731 uon

167 759 229 816 sine
252 754 373 833 quodam
394 754 524 833 periculo
547 755 689 831 fingimus.
726 753 797 813 Nam
819 757 843 813 si
861 763 982 832 recepta
1003 764 1079 829 sunt,
1100 773 1163 815 mo·

167 841 258 899 dicam
277 839 388 899 laudem
406 839 527 898 afferunt
545 839 683 907 orationi;
707 839 731 898 si
750 840 915 917 repudiata,
934 840 1019 899 etiam
1033 841 1062 899 in
1076 841 1162 899 iocos

126 929 281 985 iiexeunt.
322 922 491 983 Audendum
515 931 624 990 tamem
652 939 791 999 namque,
814 932 845 981 ut
867 921 973 983 Cicero
996 925 1051 999 ait,
1076 925 1165 982 etiam

91 1020 94 1026 '
167 1025 241 1087 quae
267 1009 360 1086 primo
384 1008 453 1066 dura
479 1008 542 1065 visa
566 1015 647 1082 sunt,
676 1025 728 1064 usu
753 1006 928 1066 molliuntur.
969 1007 1028 1066 Sed
1039 1009 1164 1070 „minime

165 1092 249 1153 uobis
272 1108 413 1151 concessa
435 1100 480 1151 est
502 1083 727 1167 dcopccotcctic3
750 1092 814 1168 quis
836 1092 910 1149 euim
931 1089 1024 1165 ierat,
1047 1091 1164 1169 siquid

166 1176 260 1236 simile
281 1175 338 1235 illis
360 1177 461 1234 merito
489 1174 610 1235 laudatis
631 1175 707 1253 λίγξε
726 1170 789 1252 βιός
809 1183 838 1233 et
859 1174 917 1246 σίζε
936 1165 1091 1252 ὀφθὰλμός
1111 1175 1163 1233 iin-

165 1278 237 1338 gere
256 1256 431 1319 audeamus?
462 1257 573 1319 Iamne
591 1260 701 1321 dolore
716 1259 831 1336 quidem
848 1267 896 1318 aut
913 1259 1032 1321 hinnire
1047 1260 1164 1319 fortiter

166 1344 345 1420 diceremus,
368 1344 422 1402 nisi
443 1343 548 1403 iudicio
571 1344 722 1402 vetustatis
745 1345 912 1402 niterentur.

249 1510 299 1571 Vl.
344 1509 397 1570 Est
417 1513 501 1571 etiam
523 1529 574 1571 sua
595 1510 781 1588 loquentibus
803 1511 988 1587 observatio,
1015 1530 1067 1571 sua
1089 1513 1162 1571 scri·

166 1595 309 1656 bentibus.
347 1596 449 1656 Sermo
471 1604 583 1656 constat
598 1598 710 1655 ratione
730 1596 777 1656 vel
792 1604 953 1669 vetustate,
978 1597 1162 1671 auctoritate,

168 1681 383 1740 consuetudine.
421 1680 571 1740 Rationem
590 1690 719 1759 praestat
740 1682 897 1758 praecipue
920 1680 1069 1756 analogia,
1091 1697 1163 1740 uon·

166 1782 307 1842 nunquam
329 1773 358 1824 et
381 1765 567 1841 etymologia.
612 1765 721 1824 Vetera
742 1767 876 1824 maiestas
899 1763 1038 1841 quaedam
1060 1772 1105 1838 et,
1133 1771 1166 1822 ut

142 1845 210 1910 2sie
224 1850 361 1924 dixerim,
383 1849 521 1927 religiosa
540 1850 727 1909 commendat.
765 1849 931 1909 Auctoritas
947 1848 982 1908 alt
999 1847 1164 1907 oratoribus

165 1935 214 1995 rel
236 1934 380 1994 historicis
401 1936 461 2013 peti
483 1934 577 2003 solet;
606 1952 670 1994 nam
692 1941 795 2012 poetas
816 1934 899 1993 metri
927 1935 1087 1993 necessitas
1113 1950 1164 1991 ex·

167 2029 263 2095 cusat,
286 2021 340 2079 nisi
363 2019 565 2097 quandonihil
586 2020 810 2096 impedientein
824 2027 947 2097 utroque
968 2017 1165 2077 modulatione

166 2105 271 2183 pedum
290 2104 410 2174 alterum
424 2103 548 2178 malunt,
567 2103 663 2180 qualia
680 2112 761 2178 sunt,
780 2101 843 2165 lmo
857 2104 896 2163 dc
910 2104 1006 2180 stirpe
1020 2103 1165 2172 recisam,

167 2197 197 2249 ct
212 2184 327 2247 Aoniae
349 2204 407 2264 quo
427 2205 607 2265 conpescere
626 2187 802 2265 palumbes,
825 2195 854 2246 et
868 2185 962 2247 silice
982 2187 1117 2247 incudo
1136 2192 1167 2244 et

167 2270 284 2338 similia:
309 2288 372 2329 cum
390 2288 562 2330 summorum
583 2273 612 2330 in
629 2270 795 2349 eloquentia
812 2273 938 2330 virorum
957 2270 1090 2330 iudicium
1109 2285 1165 2347 pro

165 2354 277 2415 ratione
299 2363 328 2413 et
349 2353 429 2413 velut
453 2372 536 2415 error
553 2354 692 2416 honestus
715 2363 759 2415 est
780 2372 900 2431 magnos
927 2354 1017 2414 duces
1040 2371 1166 2431 sequen-

140 2439 252 2499 3tibus.
277 2437 473 2505 Eonsuetudo
488 2457 559 2499 vero
578 2440 738 2499 certissima
754 2433 891 2516 loquendi
906 2441 1059 2515 magistra,
1082 2447 1165 2497 uten-

167 2524 290 2600 dumque
312 2523 398 2601 plane
421 2541 555 2583 sermone
577 2534 758 2599 utrumme,
788 2524 833 2583 oui
855 2522 971 2601 publica
992 2522 1083 2582 forma
1107 2529 1166 2580 est.

167 2607 266 2687 Omnia
290 2617 384 2667 tamen
410 2607 483 2668 liaeo
512 2610 631 2695 exigunt
655 2626 723 2667 acre
752 2606 902 2682 iudicium,
933 2609 961 2666 in
988 2606 1181 2685 analogia

111 2704 113 2709 ’
166 2694 339 2770 praecipue,
364 2694 600 2770 quamproxime
623 2711 661 2751 ex
681 2691 792 2752 Graeco
815 2691 1024 2751 transferentes
1043 2692 1071 2749 iu
1089 2689 1167 2748 Lati-

90 2849 93 2854 ·
167 2795 232 2835 num
249 2779 476 2854 proportionem
496 2785 684 2836 rocaverunt.
1020 2774 1022 2776 ’

141 2853 159 2904 4
249 2860 320 2920 Eius
341 2860 415 2920 haec
429 2862 473 2919 vis
490 2868 550 2936 est,
573 2869 603 2920 ut
623 2860 668 2935 id,
692 2860 769 2938 quod
790 2859 979 2932 dubiumst,
1003 2859 1039 2919 ad
1056 2857 1168 2935 aliquid

167 2945 270 3019 simile,
287 2945 323 3004 de
339 2962 395 3022 quo
411 2960 467 3003 uon
482 2946 640 3022 quaeritur,
654 2945 764 3004 referat
778 2952 807 3004 et
821 2946 930 3004 incerta
946 2944 1033 3002 certis
1047 2940 1167 3022 probet.

169 3028 256 3102 Quod
272 3029 396 3088 eflicitur
417 3028 524 3107 duplici
544 3031 605 3088 via:
629 3030 844 3106 comparatione
865 3029 997 3089 similium
1018 3030 1047 3086 in
1068 3034 1168 3085 extre-

167 3116 220 3172 mis
240 3115 361 3173 maxime
379 3112 517 3187 syllabis,
540 3123 662 3191 propter
683 3114 759 3190 quod
778 3130 813 3172 ea
832 3118 906 3190 quae
925 3120 989 3170 sunt
1008 3130 1024 3169 e
1043 3109 1169 3185 singuiis

142 3204 309 3274 5negantur
330 3198 439 3273 debere
460 3200 615 3271 rationem,
639 3205 668 3255 et
690 3198 893 3257 deminutione.
928 3194 1169 3274 Comparatio

168 3285 196 3343 in
214 3281 372 3342 nominihus
398 3291 445 3340 aut
467 3300 560 3358 genus
579 3280 770 3358 deprehendit
790 3290 838 3340 aut
853 3281 1088 3343 declinationem:
1113 3296 1168 3354 ge·

167 3386 237 3441 nus,
264 3376 299 3448 ut,
316 3369 339 3424 si
363 3374 532 3444 quaeratur,
559 3367 646 3444 funis
666 3365 852 3425 masculinum
875 3367 912 3423 sit
933 3383 969 3423 an
990 3364 1169 3436 femininum,

168 3452 262 3513 simile
278 3451 320 3511 illi
340 3452 377 3509 sit
394 3450 762 3532 pctot‘o;·dcclinationem,
785 3457 816 3508 ut
835 3450 859 3508 si
879 3451 976 3508 veniat
991 3449 1019 3527 ip
1038 3446 1168 3524 dubium,
