2434 3925
339 252 428 301 mer.
442 251 589 301 ounron.
601 253 670 301 nus.
682 254 733 321 111,
744 252 786 304 ιο.
796 252 839 305 11.
929 281 931 287 ,
1026 242 1094 302 147»

96 404 229 485 plurium.¹
252 405 332 466 Haec
347 407 502 486 simplex
516 406 629 482 dicitur,
644 407 694 467 illa
710 409 913 470 coniuncta.
938 404 1000 469 Una
1015 427 1083 470 oon·

94 491 238 549 troversia
258 500 302 550 est
316 509 369 569 per
387 508 420 549 se
438 491 515 566 furti,
534 508 587 568 per
601 509 634 549 se
652 491 792 551 adulterii.
825 493 925 553 Plures
942 502 990 552 aut
1008 496 1082 553 eius-

95 573 161 632 dem
183 575 315 650 geueris,
336 583 367 633 ut
387 576 415 633 iu
433 576 564 652 pecuniis
589 575 771 652 repetundis,
796 585 843 635 aut
864 578 988 652 diversi,
1011 587 1042 637 ut
1057 580 1082 638 si

95 658 159 733 quis
178 658 325 735 sacrilegii
343 667 372 716 et
395 657 539 718 homicidii
562 659 645 717 simul
663 668 824 725 accusetur.
862 660 945 733 Quod
962 664 1082 721 nuncin

93 739 219 818 puhlicis
245 743 356 801 iudiciis
380 759 437 800 uon
461 742 580 816 accidit,
611 744 743 818 quoniam
764 752 882 821 praetor
907 753 985 803 certa
1012 745 1081 821 lege

94 825 222 900 sortitur,
242 827 401 903 principum
419 834 512 884 autem
533 833 561 883 et
578 835 695 884 senatus
716 826 925 902 cognitionibus
943 828 1079 906 frequens

93 916 139 965 est
159 916 187 966 et
205 908 305 987 populi
322 909 389 976 init;
414 910 525 988 privata
545 925 661 987 quoque
677 909 782 970 iudicia
801 928 890 987 saepe
909 930 993 970 aruum
1010 912 1079 971 iudi·

93 1009 157 1049 cem
176 990 284 1051 habere
306 992 400 1051 multis
425 1001 454 1051 et
478 992 599 1052 diversis
625 993 757 1052 formulis
775 994 880 1053 solent.
921 993 984 1052 Nec
1005 996 1105 1055 aliast

92 1077 211 1152 species
230 1085 328 1150 erunt,
346 1077 456 1136 etiamsi
473 1095 544 1134 nnus
563 1092 579 1134 a
598 1076 709 1135 duobus
728 1078 863 1137 duntaxat
881 1078 1000 1137 eandem
1019 1098 1080 1139 rem

92 1166 179 1235 atque
198 1178 235 1218 ex
259 1160 359 1219 cadem
382 1178 469 1220 causa
493 1168 573 1239 petet
596 1169 644 1218 aut
663 1161 720 1220 duo
740 1161 775 1220 ab
799 1179 854 1220 uno
879 1170 926 1221 aut
944 1162 1080 1239 pluresa

90 1241 236 1320 pluribus,
260 1243 337 1322 quod
362 1244 495 1302 accidere
514 1245 543 1301 iu
566 1242 747 1303 hereditariis
772 1245 869 1304 litibus
891 1248 1003 1304 iuterim
1023 1250 1078 1305 sci·

90 1343 168 1393 mus;
188 1328 253 1404 qnia
272 1329 400 1405 quamvis
418 1328 446 1384 iu
464 1327 559 1386 multis
577 1329 711 1405 personis
731 1346 816 1388 causa
835 1338 929 1388 tamen
948 1348 1004 1389 una
1022 1339 1077 1407 est,

89 1410 144 1467 nisi
162 1411 186 1467 si
206 1411 337 1470 condicio
356 1427 544 1488 personarum
560 1412 745 1487 quaestiones
762 1414 925 1472 variaverit.

173 1492 324 1553 Diversum
343 1494 387 1553 his
405 1495 518 1554 tertium
536 1512 643 1571 genus,
670 1497 746 1573 quod
766 1497 869 1555 dicitur
893 1494 1104 1575 compara-3

88 1577 214 1646 tivnm;
237 1580 317 1638 cuius
335 1580 377 1637 rei
395 1587 531 1638 tractatus
549 1579 577 1636 in
593 1588 675 1656 parte
693 1597 798 1638 causae
815 1580 951 1659 frequens
969 1591 1029 1656 est,
1048 1592 1078 1642 ιιι

90 1678 154 1719 cum
172 1662 247 1738 apud
272 1663 464 1721 centumviros
484 1669 552 1740 post
568 1662 626 1743 alia
643 1664 788 1740 quaeritur
807 1672 836 1722 et
857 1664 929 1740 hoc,
953 1662 1019 1724 uter
1036 1666 1077 1724 di-

88 1744 173 1820 gnior
189 1745 349 1805 hereditate
368 1742 425 1804 siti
455 1744 561 1805 Rarum
583 1754 629 1804 est
646 1756 756 1821 autem,
781 1756 810 1805 ut
832 1749 860 1805 iu
884 1748 948 1807 foro
969 1750 1077 1808 'iudicia

87 1836 210 1907 propter
235 1830 263 1889 id
289 1830 382 1889 solum
409 1831 634 1905 constituantur,
665 1831 740 1889 sicut
766 1830 971 1906 divinationes,
985 1848 988 1853 ’
1002 1850 1076 1910 quae

87 1911 157 1971 dunt
174 1913 210 1972 de
229 1922 413 1974 accusatore
418 1914 628 1989 constituendo,
647 1922 677 1972 et
692 1930 891 1992 nonuunquam
907 1916 989 1979 iuter
997 1915 1094 1975 dela-

86 2004 184 2072 tores,
204 2006 268 2057 uter
282 1999 437 2096 praemium
451 1994 607 2057 meruerit?
639 1997 815 2057 Adiecerunt
830 1998 942 2077 quidam
956 2010 1101 2063 numeros

56 2089 210 2158 νιιιιιιιιιιιι
237 2083 466 2157 accusationem,
496 2098 570 2159 quae
598 2073 824 2159 dvrraurqyoqln
843 2091 981 2158 vocatur,
1011 2083 1075 2142 aliis

84 2163 225 2223 videlicet
240 2166 400 2224 succedere
421 2164 628 2263 huncquoque
643 2166 837 2243 comparativo
852 2166 954 2242 generi
976 2168 1074 2226 existi·

84 2247 242 2324 mantibus,
271 2250 317 2309 cui
343 2249 444 2309 similis
469 2250 523 2308 erit
545 2249 714 2326 petitionum
737 2250 860 2307 invicem
885 2250 1073 2326 diversarum,

104 2332 163 2390 uod
180 2333 285 2396 accidit
296 2334 345 2392 vel
360 2334 603 2410 frequentissime.
632 2330 664 2391 ld
679 2334 704 2390 si
719 2340 754 2391 et
765 2333 857 2410 ipsum
872 2335 972 2393 vocari
987 2334 1075 2394 dehet

84 2416 323 2513 corcacrppoptc.
317 2439 323 2450 ·
357 2417 442 2494 (uam
466 2418 585 2494 proprio
609 2424 690 2475 caret
716 2417 852 2495 nomine)
881 2417 938 2476 duo
965 2436 1075 2495 genera

83 2507 167 2557 erunt
183 2500 262 2574 eius,
285 2500 407 2559 alterum
423 2516 479 2577 qno
499 2499 662 2577 litigatores
678 2500 755 2559 idem
770 2502 879 2559 crimen
896 2501 1019 2560 invicem
1033 2504 1074 2561 in·

82 2590 208 2656 tentant,
229 2583 349 2643 alterum
369 2601 427 2662 quo
448 2583 524 2643 aliud
547 2593 634 2662 atque
654 2584 741 2643 aliud.
780 2581 832 2643 (lui
855 2593 885 2643 et
905 2586 1074 2686 petitionum

83 2665 216 2724 condicio
232 2685 284 2745 par
301 2676 354 2727 est.

167 2746 237 2809 (lum
255 2752 421 2830 apparuerit
440 2768 532 2828 genus
550 2767 672 2825 causae,
694 2758 752 2810 tum
774 2750 962 2826 intuebimur,
983 2769 1073 2829 nege·
1082 2764 1099 2816 5

81 2839 164 2891 turne
180 2833 296 2910 iactum,
312 2836 390 2914 quod
407 2835 571 2908 intenditur,
588 2852 624 2893 au
639 2832 820 2910 defendatur,
836 2853 871 2894 an
886 2835 942 2894 alio
957 2838 1072 2895 nornine

81 2916 256 2994 appelletur,
274 2938 308 2979 au
320 2937 457 2996 agenore
472 2919 594 2978 actionis
607 2918 781 2995 repellatur;
798 2919 874 2977 unde
890 2926 955 2977 sunt
969 2926 1070 2978 status.

114 3067 190 3126 QUID
210 3070 261 3120 SIT
279 3070 453 3131 Quausrio,
472 3069 582 3130 RATIO,
601 3068 780 3133 iudicatio,
799 3068 977 3121 courtisans
995 3071 1037 3120 ET
1065 3084 1068 3090 ·
1093 3087 1095 3094 ⁴

346 3157 347 3162 ’
377 3153 547 3214 QUATENUS
561 3152 774 3206 NECESSARIA.
807 3189 812 3196 .

163 3249 213 3310 Xl.
245 3251 296 3312 llis
311 3254 451 3327 inventis,
473 3255 637 3313 intuendum
658 3253 798 3332 deinceps
815 3252 1013 3330 Hermagorae
1027 3254 1070 3311 vi·

77 3333 179 3409 detur,
197 3336 264 3413 quid
282 3338 318 3396 sit
335 3339 483 3415 quaestio,
499 3338 589 3412 ratio,
607 3338 759 3412 iudicatio,
778 3339 943 3413 continens,
961 3337 1022 3411 rel,
1040 3344 1072 3395 ut

76 3418 127 3477 alii
141 3427 262 3493 vocant,
280 3419 494 3481 firmamentum.
528 3421 709 3494 Quaestio
725 3421 810 3479 latius
826 3423 994 3497 intelligitur
1011 3434 1070 3476 om·

76 3503 138 3577 nis,
159 3500 196 3560 de
220 3519 275 3581 qua
297 3504 329 3563 in'
349 3514 498 3583 utramque
523 3514 635 3583 partem
656 3505 706 3565 rel
725 3506 754 3563 iu
774 3504 993 3646 plureqopartes
1014 3501 1094 3560 dini>
