2434 3925
155 193 216 256 160
466 204 827 265 announcement

150 361 225 423 baec
238 377 348 438 genera
369 358 512 419 recidere.
542 357 614 418 Nam
629 360 653 418 si
666 358 789 419 iudicem
805 358 979 435 benivolum,
996 367 1150 438 attentum,

151 446 275 506 docilem
296 444 407 503 habeo:
431 443 497 521 quid
518 444 640 520 amplius
657 442 777 503 debeam
794 453 912 521 optare,
933 461 991 502 non
1012 446 1150 522 reperio:

151 547 216 589 eum
233 537 325 587 metus
340 530 420 605 ipsc,
443 527 491 604 qui
506 529 627 613 maxime
644 527 840 586 videturesse
857 537 938 586 extra
953 527 1042 604 baec,
1060 537 1090 587 et
1104 535 1150 588 at·

151 622 261 673 tentum
276 611 399 671 iudicem
412 610 500 670 faciat
515 620 545 669 et
559 611 595 669 ab
613 611 736 670 adverso
759 611 859 670 lavore
876 611 1033 670 deterreat.

111 705 145 758 52
233 688 340 755 Verum
363 697 496 773 quoniam
513 711 571 753 non
595 703 641 753 est
654 697 723 753 satis
739 695 936 754 demonstrare
958 694 1150 769 discentibus,

154 798 227 858 quae
242 782 297 839 sint
311 782 340 839 in
354 781 465 838 ratione
481 780 634 856 prooemii,
652 778 706 837 sed
722 779 873 839 dicendum
889 781 984 855 etiam,
1001 780 1151 856 quomodo

152 860 254 943 pe'riiei
269 864 406 923 facillime
422 864 551 940 possint:
572 861 629 921 boc
647 862 767 938 adiieio,
790 873 820 922 ut
841 863 968 922 dicturus
992 864 1151 936 intueatur,

154 949 231 1025 quid,
248 948 323 1026 apud
341 965 436 1025 quem,
453 963 506 1024 pro
528 963 600 1023 quo,
620 955 837 1024 contraquam,
854 963 911 1024 quo
929 955 1071 1024 tempore,
1090 963 1152 1023 quo

153 1032 237 1107 loco,
261 1048 317 1110 quo
340 1040 436 1089 rerum
459 1040 552 1104 statu,
576 1048 632 1107 qua
652 1030 733 1106 vulgi
749 1030 991 1090 fama-dicendum
1006 1032 1060 1104 sit,
1080 1029 1154 1107 quid

152 1117 276 1176 iudicem
292 1117 399 1174 sentire
416 1113 555 1197 credibile
572 1115 625 1189 sit,
649 1123 800 1191 antequam
816 1115 985 1192 incipimus,
1006 1122 1064 1172 tum
1080 1112 1154 1191 quid

153 1199 349 1260 desideremus
366 1206 414 1257 aut
432 1199 632 1276 deprecemur.
668 1196 734 1274 Ipsa
748 1199 829 1257 illum
843 1208 942 1257 natura
958 1215 994 1256 eo
1006 1198 1103 1270 ducet,
1120 1205 1156 1256 ut

112 1286 242 1359 53seiat,
266 1283 333 1362 quid
354 1284 475 1360 primum
489 1281 641 1341 dicendum
660 1283 707 1340 sit.
737 1281 777 1341 dt
798 1300 872 1341 rrunc
889 1300 988 1356 omne,
1008 1298 1064 1359 qup
1080 1297 1154 1339 coe-

153 1376 274 1446 perunt,
292 1368 471 1444 prooemium
485 1374 600 1443 putant,
626 1373 670 1440 et,
690 1374 721 1423 ut
736 1366 862 1443 quidque
875 1367 1032 1439 succurrit,
1048 1367 1155 1441 utique

156 1453 182 1510 si
202 1451 297 1528 aliqua
319 1451 459 1509 sententia
475 1449 644 1524 blandiatur,
668 1451 826 1510 exordium.
863 1449 951 1508 Multa
972 1458 1065 1508 autem
1086 1449 1154 1505 sine

155 1533 241 1594 dubio
257 1543 323 1593 sunt
342 1542 371 1592 et
388 1534 450 1592 aliis
466 1533 595 1610 partibus
612 1550 716 1591 causae
732 1534 906 1600 communia;
928 1532 996 1591 nihil
1012 1541 1107 1590 tamen
1125 1533 1156 1590 in

156 1636 269 1697 quaque
289 1617 391 1677 melius
406 1618 519 1692 dicitur,
537 1634 622 1694 qaam
640 1617 716 1694 qaod
732 1635 826 1694 aeque
842 1617 917 1675 bene
935 1616 991 1674 dici
1007 1616 1075 1675 alibi
1091 1632 1154 1673 non

113 1703 257 1781 adpossit.
295 1701 413 1761 Multum
450 1703 540 1760 retiae
557 1701 679 1759 exordio
696 1710 756 1775 est,
779 1701 856 1778 quod
872 1701 907 1759 ab
925 1702 1038 1759 actione
1054 1698 1155 1757 diver·

156 1804 207 1845 sae
223 1787 312 1863 partis
327 1794 473 1845 materiem
488 1783 588 1851 trahit:
612 1783 670 1843 hoc
687 1785 769 1863 ipso,
786 1785 864 1863 quod
885 1801 943 1842 non
959 1783 1155 1861 compositum

156 1870 231 1929 domi
252 1869 304 1928 sed
326 1869 364 1928 ibi
387 1878 472 1947 atque
495 1887 533 1927 ex
552 1877 696 1928 renatum
718 1878 747 1928 et
769 1868 908 1928 facilitate
923 1868 1026 1927 lamam
1043 1867 1155 1942 ingenii

156 1963 244 2031 auget
270 1963 299 2013 et
320 1954 395 2026 facie
423 1953 562 2031 simplicis
589 1955 753 2031 sumptique
781 1972 819 2012 ex
846 1954 978 2031 proximo
1008 1952 1155 2009 sermonis

156 2039 242 2099 iidem
259 2055 375 2116 quoque
397 2040 534 2115 acquirit;
557 2037 631 2096 adeo
646 2045 694 2112 ut,
718 2038 829 2096 etiamsi
852 2037 965 2115 reliqua
982 2037 1092 2113 scripta
1110 2044 1155 2093 at-

157 2142 213 2202 que
229 2121 378 2181 elaborata
393 2123 464 2196 sint,
481 2131 576 2180 tamen
590 2120 761 2199 plerumque
778 2121 910 2179 videatur
924 2129 984 2179 tota
1001 2128 1155 2195 extempo-

156 2207 226 2265 ralis
247 2206 356 2279 oratio,
382 2206 462 2264 cuius
483 2206 591 2263 initium
612 2203 681 2263 nibil
702 2206 867 2282 praeparati
883 2203 1018 2263 habuisse
1032 2203 1155 2261 manife-

116 2292 231 2349 55stum
251 2298 304 2347 est.
341 2288 586 2366 Frequentissime
609 2305 680 2347 vero
703 2290 882 2366 prooemium
903 2287 1020 2347 decebit
1041 2295 1071 2345 et
1086 2304 1156 2344 sen·

156 2374 308 2434 teotiarum
324 2381 352 2431 et
368 2373 584 2449 compositionis
601 2381 630 2430 et
645 2374 728 2431 vocis
745 2381 774 2431 et
790 2372 885 2430 vultus
902 2371 1060 2443 modestia,
1078 2370 1156 2428 adeo

157 2466 188 2517 ut
204 2458 233 2515 iu
250 2474 359 2532 genere
376 2474 482 2515 causae
498 2458 583 2515 etiam
599 2456 777 2515 indubitabili
791 2455 894 2514 fiducia
910 2473 942 2513 se
960 2456 1023 2531 ipsa
1038 2456 1157 2513 nimium

159 2558 283 2600 exerere
299 2557 356 2598 non
371 2539 486 2599 debeat.
526 2538 592 2599 Odit
614 2541 687 2599 enim
712 2541 799 2599 iudex
812 2539 875 2598 iere
890 2539 1026 2615 litigantis
1042 2540 1156 2596 securi·

102 2697 103 2706 χ
158 2633 264 2699 tatem,
290 2642 410 2701 cumque
425 2625 469 2683 ius
485 2642 566 2682 suum
582 2624 739 2700 intelligat,
762 2624 867 2683 tacitus
888 2622 1083 2681 reverentiam
1099 2638 1157 2698 po-

117 2708 256 2767 bostulat.
294 2706 357 2767 Nee
372 2708 462 2766 minus
478 2709 649 2784 diligenter,
674 2726 710 2766 ne
726 2708 854 2784 suspecti
879 2708 966 2764 simus
984 2704 1042 2764 ulla
1058 2713 1158 2782 parte,

158 2793 316 2857 vitandum
333 2801 453 2870 propter
473 2792 551 2869 quod
573 2793 686 2850 minime
702 2792 839 2849 ostentari
856 2789 942 2850 debet
959 2791 987 2848 in
1004 2790 1158 2866 principiis

160 2894 244 2952 cura,
270 2878 335 2955 quia
359 2876 471 2935 videtur
492 2894 539 2935 ars
563 2877 653 2934 omnis
679 2875 800 2934 dicentis
818 2883 918 2934 contra
933 2873 1057 2932 iudicem
1075 2872 1158 2931 adbi-

117 2960 232 3019 57beri.
271 2961 330 3020 Sed
354 2961 447 3038 ipsum
471 2959 545 3019 istud
566 2960 675 3018 evitare
699 2976 825 3016 summae
852 2959 920 3017 artis
938 2966 991 3016 est.
1031 2955 1105 3015 Nam
1130 2955 1158 3014 id

160 3045 222 3103 sine
244 3042 330 3102 dubio
354 3044 389 3103 ab
413 3043 543 3102 omnibus
567 3052 595 3102 et
619 3034 733 3120 quidem
756 3043 864 3119 optime
886 3048 1077 3119 praeceptum
1094 3048 1155 3105 est;

159 3145 259 3186 verum
281 3128 637 3205 aliquatenustemporum
660 3127 831 3185 condicione
847 3134 986 3199 mutatur,
1009 3125 1077 3201 quia
1099 3125 1156 3181 iam

160 3210 329 3289 quibasdam
350 3213 378 3269 in
402 3212 513 3271 iudiciis
533 3211 713 3288 maximeque
733 3209 902 3286 capitalibus
921 3216 968 3267 aut
990 3207 1067 3285 apud
1088 3225 1155 3266 cen·

160 3296 298 3355 tumviros
314 3295 369 3371 ipsi
385 3295 494 3354 iudices
512 3296 631 3370 exigunt
648 3293 787 3352 sollicitas
805 3303 833 3353 et
849 3300 999 3352 accuratas
1011 3292 1153 3362 actiones,

162 3379 364 3455 contemnique
385 3396 434 3453 se,
455 3379 509 3437 nisi
532 3380 559 3436 in
583 3377 706 3436 dicendo
732 3378 816 3435 etiam
839 3376 985 3452 diligentia
1003 3381 1152 3453 appareat,

122 3468 153 3479 ··
168 3462 301 3541 Ἴιπθάιιιιῑ,
318 3479 374 3521 nec
395 3461 495 3522 doceri
519 3470 627 3522 tautum
648 3461 702 3521 sed
719 3462 804 3523 etiam
821 3461 962 3522 delectari
975 3458 1086 3530 volunt.
1116 3454 1153 3516 Et
