2434 3925
165 187 206 249 28
495 195 851 261 naamoumnmmm

163 356 286 415 futurum
313 356 374 415 luit.
422 354 493 415 Nam
518 358 547 414 in
569 356 783 433 comparatione
804 356 942 415 malorum
970 355 1036 414 boni
1064 357 1165 417 locum

165 439 274 498 obtinet
289 439 397 500 levius:
419 448 450 497 ut
466 440 490 497 si
505 438 653 498 Mancinus
668 440 771 499 foedus
786 439 982 499 Numantinum
998 442 1041 499 sic
1057 441 1162 500 delen·

164 522 228 597 dat,
252 523 328 600 quod
349 523 508 601 periturus,
531 524 585 584 nisi
607 522 635 582 id
655 522 761 582 factum
783 532 877 597 esset,
899 523 985 582 luerit
999 526 1160 583 exercitus.

163 605 226 664 lloc
249 624 341 683 genus
363 598 526 677 ἀντίστασις
543 604 654 665 Graece
674 608 848 680 nominatur,
870 609 1161 684 comparativum

164 692 255 749 nostri
269 699 383 749 vocant.

123 786 157 841 13
247 773 325 832 Haec
338 775 414 833 circa
429 772 627 831 defensionem
642 772 725 841 iacti3
745 791 820 851 quae
834 774 964 850 sineque
977 791 1031 849 per
1046 792 1081 832 se
1097 774 1156 851 ipsa

163 875 218 916 uec
235 857 367 932 adhibitis
382 857 494 916 auxiliis
505 854 631 915 dabitur:
647 858 805 934 proximum
820 865 888 931 est,
898 858 925 914 in
940 856 1024 915 alium
1038 865 1154 915 trans·

163 939 264 1000 ferre
289 942 439 1014 crimen,
463 940 487 998 si
509 956 672 1017 possumus.
716 939 844 1018 Ideoque
866 942 948 998 etiam
968 942 996 998 in
1011 940 1085 1014 hos,
1111 941 1154 1017 qui

163 1026 217 1083 iam
233 1025 333 1101 scripti
348 1031 430 1096 suut,
447 1031 536 1081 status
550 1023 612 1081 uisa
628 1032 673 1081 est
689 1024 794 1083 cadere
812 1023 969 1084 translatio.
1013 1023 1154 1082 interdum
1199 1067 1200 1116 p

164 1125 235 1184 ergo
258 1107 341 1185 culpa
359 1108 387 1165 in
405 1105 546 1165 hominem
568 1106 731 1183 relegatur:
752 1116 783 1166 ut
803 1110 828 1166 si
843 1105 988 1167 Gracchus
1006 1126 1076 1165 reus
1094 1106 1153 1164 loe

164 1192 240 1251 deris
256 1190 431 1264 Numantini,
455 1190 534 1248 cuius
549 1198 625 1248 metu
648 1189 731 1266 leges
749 1191 904 1268 populares
928 1191 1029 1250 tulisse
1053 1192 1082 1249 in
1108 1192 1153 1248 tri·

122 1274 268 1339 labanatu
289 1273 417 1349 videtur,
438 1275 554 1333 missum
576 1291 609 1332 se
632 1272 666 1331 ab
688 1275 861 1351 imperatore
876 1291 928 1333 suo
949 1275 1071 1333 diceret.
1112 1272 1153 1332 ln·

164 1360 246 1417 terim
267 1357 411 1417 derivatur
431 1357 460 1416 in
476 1375 552 1415 rem:
573 1365 604 1415 ut
621 1358 646 1416 si
661 1358 701 1432 is,
723 1358 771 1436 qui
787 1365 957 1417 testamento
974 1358 1040 1435 quid
1060 1359 1153 1415 iussus

163 1458 221 1499 non
235 1440 355 1515 fecerit,
377 1440 469 1516 dicat,
485 1458 538 1517 per
553 1440 636 1518 leges
651 1441 679 1501 id
697 1441 759 1500 lieri
776 1458 833 1500 non
848 1443 986 1520 potuisse.
1030 1441 1094 1500 lloc
1109 1461 1153 1517 με·

163 1518 301 1584 odouacro
317 1524 421 1583 dicunt.
550 1571 553 1594 ,
1175 1563 1191 1620 0

246 1606 318 1665 Hinc
341 1624 456 1685 quoque
478 1607 604 1666 exclusis
631 1608 832 1666 excusatio
859 1617 1001 1686 superest.
1045 1606 1090 1666 Ea
1111 1616 1153 1666 est

163 1699 211 1749 aut
225 1692 419 1768 ignorantiae:
437 1700 467 1750 ut
482 1692 506 1749 si
525 1692 587 1768 quis
603 1691 723 1767 fugitivo
743 1692 874 1768 stigmata
889 1693 1038 1771 scripserit
1059 1709 1152 1769 eoque

163 1778 286 1851 ingenuo
305 1776 428 1835 iudicato
444 1784 550 1852 neget,
566 1793 598 1832 sc
617 1773 736 1833 liberum
752 1793 818 1834 esse
836 1776 942 1841 scisse;
967 1784 1014 1835 aut
1025 1776 1151 1833 uecessi-

162 1861 244 1918 tatis:
266 1869 296 1919 ut
313 1878 376 1918 curn
390 1859 472 1917 miles
489 1858 524 1918 ad
540 1867 714 1944 commeatus
729 1858 804 1918 diem
825 1876 881 1917 uon
897 1860 977 1919 alluit
995 1868 1024 1918 et
1039 1858 1108 1918 dicit
1122 1876 1153 1917 se

122 1953 153 2005 15
160 1943 320 2013 fluminibus
336 1943 520 2003 interclusum
535 1952 582 2002 aut
593 1941 765 2001 valetudine.
798 1940 921 2005 Fortuna
934 1959 1048 2022 quoque
1065 1958 1153 2021 saepe

163 2027 342 2087 substituitur
358 2027 470 2105 culpae.
506 2026 713 2104 Nonnunquam
727 2026 801 2086 male
817 2026 924 2086 iecisse
941 2045 993 2086 uos
1006 2028 1061 2086 sed
1077 2027 1152 2086 bono

162 2113 255 2170 animo
278 2110 407 2170 dicimus.
451 2110 606 2188 Utriusque
627 2110 671 2168 rei
690 2110 776 2170 multa
797 2118 826 2177 et
845 2112 995 2171 manifesta
1022 2110 1153 2189 exempla
1199 2154 1200 2191 ,

162 2204 235 2253 sunt.
281 2193 393 2254 idcirco
413 2203 529 2252 nonest
547 2211 646 2253 eorum
661 2195 826 2253 necessaria
843 2197 996 2273 expositio.

244 2278 274 2337 si
292 2279 402 2351 omnia,
425 2295 498 2354 quae
513 2296 600 2356 supra
616 2278 722 2356 scripta
738 2287 816 2353 sunt,
839 2278 974 2347 deerunt:
990 2277 1151 2350 videndum,

161 2378 196 2420 au
211 2362 317 2419 minui
335 2361 443 2438 culpa
459 2363 561 2439 possit.
604 2360 658 2420 Hic
673 2370 717 2420 est
731 2362 797 2436 ille,
815 2363 861 2439 qui
878 2381 894 2422 a
911 2362 1077 2439 quibusdam
1092 2360 1152 2419 licui

120 2444 255 2519 16solet,
284 2452 374 2502 status
399 2445 572 2521 quantitatis.
615 2445 673 2504 Sed
697 2463 731 2504 ea
757 2463 820 2504 cum
845 2447 882 2505 sit
904 2456 951 2506 aut
971 2463 1084 2523 poenae
1105 2453 1152 2503 aut

160 2528 293 2602 honoris,
317 2546 354 2587 ex
371 2528 508 2604 qualitate
524 2528 592 2587 facti
611 2530 805 2605 constituitur,
821 2546 915 2607 eoque
929 2530 1012 2589 nobis
1030 2528 1082 2586 sub
1095 2527 1152 2587 hoc
1199 2542 1200 2547 ’

161 2630 228 2671 esse
245 2621 320 2671 statu
334 2612 447 2671 videtur
458 2613 532 2670 sicut
546 2613 607 2671 eius
624 2630 755 2690 quoque,
772 2630 847 2690 quae
858 2613 892 2672 ad
904 2631 1050 2672 numerum
1062 2611 1149 2671 reler-
1199 2608 1200 2611 ’

160 2705 206 2755 tur
226 2714 242 2754 a
261 2695 389 2756 Graecis.
427 2693 498 2754 Nam
519 2704 548 2756 et
566 2690 744 2773 πηλικότητὶτ
762 2705 791 2756 et
811 2691 955 2775 ποσότητα
968 2697 1080 2769 dicunt,
1099 2712 1150 2754 uos
1199 2708 1200 2775 j

160 2789 310 2857 utrumque
326 2778 522 2857 appellatione
537 2797 591 2838 una
608 2779 834 2857 complectimur.
1122 2854 1125 2859 .

118 2865 151 2920 17
241 2863 346 2923 Ultima
364 2872 408 2922 est
430 2862 665 2940 deprecatio,
689 2864 766 2940 quod
786 2882 877 2940 genus
900 2881 1006 2923 causae
1019 2864 1149 2940 plerique

160 2956 300 3024 negarunt
320 2948 348 3005 in
368 2947 501 3006 iudicium
520 2964 643 3024 unquam
667 2948 775 3006 venire.
820 2947 894 3021 Quin
910 2945 1014 3006 Cicero
1037 2963 1150 3024 quoque

159 3047 212 3108 pro
226 3030 260 3104 Q.
274 3031 387 3107 Ligario
402 3030 477 3089 idem
492 3032 591 3089 testari
606 3030 734 3105 videtur,
751 3049 814 3090 cum
829 3031 912 3104 dicit,
930 3028 1059 3105 Concor,
1075 3028 1149 3089 Coe-

158 3132 229 3187 sor,
256 3116 303 3190 epi
324 3117 484 3176 multaret
508 3115 629 3192 quidem
652 3122 764 3189 lecum,
782 3117 854 3175 dum
876 3123 905 3174 te
922 3115 955 3174 ia
972 3115 1041 3192 soro
1061 3114 1150 3173 tenuit

158 3199 239 3259 rotio
263 3198 408 3257 docorum
430 3207 568 3266 luorum
588 3206 671 3258 corte
688 3215 843 3275 nonquam
859 3198 915 3258 doc
932 3198 1038 3271 modo,
1060 3195 1147 3275 Ipno-

159 3282 250 3355 ncitc,
276 3281 409 3353 iudices,
438 3283 570 3356 errauit,
594 3281 701 3359 loprae
727 3292 787 3355 cal,
808 3301 868 3342 ooo
886 3283 1019 3359 portauit,
1045 3284 1073 3340 ci
1097 3300 1147 3341 on·

118 3373 152 3426 18
160 3383 250 3442 qucum
263 3365 408 3441 poatdoc,
426 3373 455 3423 et
470 3373 577 3423 cetera.
621 3362 653 3422 lu
667 3366 773 3424 Senatu
787 3382 858 3424 vero
879 3373 907 3423 et
923 3366 998 3442 apud
1015 3364 1147 3442 populum

161 3459 190 3509 et
206 3447 281 3527 apud
296 3447 457 3525 Principem
476 3456 506 3506 et
521 3447 701 3524 ubicunque,
725 3450 750 3507 si
768 3450 837 3508 iuris
853 3449 1004 3508 clementia
1020 3456 1081 3523 est,
1101 3447 1147 3508 ha·
