2434 3925
180 193 240 255 126
483 208 522 255 ι.
539 205 620 254 ren
639 194 861 267 eumenum

134 360 341 435 bouchem,
361 360 973 439 sequentianclnentaonniaononsnnt
1005 361 1209 424 onnus

173 445 229 504 lias
244 455 362 523 praeter
378 463 413 503 ea
414 463 515 523 ,quae
529 446 606 524 apud
621 445 696 504 alios
711 454 925 544 quoquenunt,
942 447 1183 526 upopoloyitr,

173 519 354 622 mor,
373 489 553 605 lennem,
576 529 794 627 domolo,
814 523 976 608 vellere,
996 552 1181 611 secuturusk

173 630 257 689 ‘lm’
268 607 721 691 βθθῑνιθῖωΰψῑθηω)
735 612 912 692 '‘ww'’
924 613 963 672 de
977 614 1085 691 ‘lum
1102 616 1180 675 ΗΝ

173 696 251 755 dico
282 695 354 756 Nanr
369 713 423 755 eos
437 697 553 773 quiden
567 706 705 755 auctores
707 715 782 774 ,qni
773 698 904 756 nullnni
916 714 1015 796 prope
1026 698 1125 757 bren
1138 699 1177 757 ie

173 789 275 840 cunt
297 781 483 858 exquirendis
505 781 684 855 nomnibus,
708 781 890 858 praeteribo,
908 783 958 858 qni
974 783 1082 857 etiam,
1102 801 1177 861 qnae

173 873 239 923 sant
258 874 501 941 argumentorum,
517 865 618 941 figuris
633 866 840 942 ascripserant.

114 945 169 998 1⁰⁰
255 947 322 1024 Ego
339 948 409 1007 illud
424 949 461 1007 de
476 950 511 1007 iis
528 949 631 1022 etiam,
652 967 728 1026 quae
743 967 817 1008 rere
831 958 912 1023 sant,
930 950 1064 1009 adiiciant
1077 950 1176 1010 brevi

172 1040 234 1106 ter,
251 1034 326 1091 sicut
341 1041 445 1091 ornent
460 1035 620 1092 orationem
637 1041 801 1111 opportune
817 1036 949 1111 positae,
970 1035 1011 1093 ita
1024 1036 1175 1112 ineptissi

285 1135 371 1190 osse,
397 1135 462 1174 oum
487 1118 798 1194 immodicepetantnr.
852 1119 942 1189 Sat,
964 1120 1013 1194 qni
1031 1119 1175 1195 neglecto

171 1217 267 1259 rerun
287 1201 418 1278 pondere
438 1209 468 1259 et
487 1201 597 1259 viribus
621 1202 844 1275 sententiarum,
865 1201 954 1260 sirel
972 1204 1070 1262 inania
1083 1203 1174 1262 rerba

170 1286 201 1343 in
215 1283 269 1342 bos
282 1284 384 1347 nodos
400 1284 608 1362 depravarunt,
625 1302 752 1344 amos
766 1303 800 1344 se
810 1285 936 1344 indicent
947 1285 1077 1344 artifices
1093 1288 1175 1347 ideo
1208 1320 1209 1323 ¹

172 1386 230 1445 que
253 1384 311 1425 nou
330 1368 461 1427 desinant
483 1387 534 1427 eos
554 1378 693 1443 nectere,
714 1387 787 1447 quas
808 1371 871 1427 sine
885 1369 1045 1428 substantie
1065 1372 1174 1430 sectari

173 1461 231 1509 tam
251 1461 297 1510 est
318 1452 467 1511 ridiculum
489 1469 573 1529 quen
595 1471 739 1531 quaerere
763 1452 890 1511 babitu-
907 1462 1083 1530 gestumque
1114 1458 1173 1513 siae

113 1547 164 1600 101
172 1552 308 1612 corpore.
350 1536 409 1595 Sed
430 1555 467 1595 ne
487 1554 540 1596 eae
562 1538 693 1614 quiden,
713 1555 787 1615 quae
800 1546 883 1596 recte
897 1537 982 1611 bunt,
1004 1537 1173 1598 densandae

170 1628 237 1677 suut
257 1621 349 1678 nimis.
389 1619 461 1679 Nam
487 1630 516 1679 et
536 1622 634 1679 vultus
653 1624 772 1680 inmtio
791 1621 1000 1698 oculorumque
1019 1623 1172 1681 coniectas

170 1702 288 1761 nultum
301 1706 331 1763 iu
347 1714 414 1765 actu
427 1705 519 1771 valen
542 1705 596 1763 sed
611 1708 636 1764 si
651 1708 715 1784 quis
730 1705 839 1765 ducere
855 1722 891 1763 os
905 1706 1060 1782 exquisitis
1078 1707 1170 1765 nodis

171 1797 201 1846 et
214 1787 318 1846 ironiis
339 1807 375 1847 ac
392 1789 526 1848 luminum
540 1790 730 1848 inconstantia
745 1789 893 1867 trepidare
905 1807 964 1847 non
980 1789 1115 1848 desinat:
1137 1792 1169 1847 ri

170 1872 282 1931 deatur.
325 1872 362 1932 lit
377 1883 475 1931 orator
489 1873 576 1932 babet
590 1883 700 1932 rectam
712 1875 852 1951 quandarn
864 1873 947 1932 velut
960 1873 1077 1947 iaciem,
1098 1891 1169 1952 qnae

170 1967 201 2015 ut
224 1967 343 2035 stupere
362 1957 500 2018 immobili
519 1960 620 2035 rigore
643 1976 703 2017 non
717 1957 853 2032 debebit,
879 1960 920 2017 ita
938 1959 1057 2035 saepias
1073 1959 1106 2016 in
1128 1977 1168 2032 ea,

112 2048 255 2118 lobqnen
275 2052 375 2101 ustura
393 2043 488 2116 dedit,
514 2044 617 2121 specie
633 2043 804 2102 continenda
823 2051 880 2100 est.
919 2042 1077 2100 Sciendum
1100 2058 1168 2100 vero

171 2127 330 2202 inprimis,
351 2127 419 2204 quid
436 2129 560 2205 quisque
581 2129 612 2185 in
626 2127 736 2186 orando
749 2126 880 2205 postulet
894 2126 996 2199 loeus,
1019 2126 1090 2202 qnid
1106 2145 1167 2204 per·

172 2226 260 2284 sona,
277 2211 345 2287 quid
359 2220 481 2287 tempus.
510 2210 603 2270 laior
619 2213 695 2269 enirn
708 2229 777 2289 pnrs
791 2209 890 2268 haruin
905 2210 1060 2286 figurarum
1075 2213 1168 2286 posita

172 2301 218 2350 est
241 2295 269 2351 in
292 2294 496 2353 delectatione.
533 2295 589 2354 Ubi
610 2312 684 2353 rero
710 2297 879 2367 atrocitate,
900 2294 1024 2367 invidia,
1051 2295 1168 2353 uisere

170 2379 250 2435 tioue
273 2379 454 2456 pugnandum
471 2387 531 2437 est:
557 2381 622 2456 quis
636 2379 712 2438 ierat
725 2379 931 2455 contrapositis
945 2387 976 2436 et
995 2380 1109 2454 pariter
1125 2397 1168 2437 cn·

171 2460 304 2519 dentibus
319 2471 350 2520 et
360 2462 556 2521 consimilibus
567 2465 757 2537 uacenten,
771 2463 904 2536 benten,
915 2458 1090 2537 rogantem?
1107 2480 1168 2521 cun

171 2547 201 2602 iu
215 2544 260 2603 lab
276 2544 364 2603 rebus
380 2564 448 2604 cura
466 2546 622 2606 verborum
636 2547 761 2623 deroget
775 2546 927 2606 affectibus
945 2546 1047 2620 Mein,
1064 2554 1095 2603 et
1108 2545 1167 2605 nbi·

172 2646 285 2706 cunque
300 2647 348 2688 ars
363 2638 540 2705 ostentatu,
556 2632 665 2689 veritas
679 2631 786 2690 abesse
800 2632 942 2691 videatur.

518 2783 561 2833 ot:
574 2782 824 2835 conpositione.

254 2881 305 2941 lv.
326 2880 372 2941 De
394 2884 669 2960 conpositione
689 2899 747 2941 non
762 2878 1030 2960 equidenpostl.
1045 2878 1166 2939 Tullia!

171 2965 302 3025 scribere
320 2966 471 3040 auderent,
499 2967 562 3043 (cui
581 2969 684 3025 nescio
700 2985 737 3026 an
754 2966 815 3025 ulla
830 2984 900 3044 pars
916 2967 1017 3043 operis
1030 2964 1115 3023 baius
1131 2964 1166 3022 sit

169 3051 262 3124 magis
277 3049 447 3128 elaborata)
469 3052 525 3109 uisi
539 3059 570 3109 et
589 3052 719 3110 eiusdem
734 3051 838 3109 aetatis
851 3050 983 3109 honines
997 3049 1116 3126 scriptis
1131 3045 1165 3106 ad

169 3133 263 3208 ipsun
284 3136 370 3192 etiam
394 3136 497 3194 litteris
516 3134 734 3212 reprehendere
756 3134 786 3193 id
805 3135 970 3193 collocandi
989 3150 1083 3209 genus
1105 3132 1164 3190 ansi

170 3215 309 3291 inissent,
327 3218 784 3296 etposteurnpluresnraltaad
805 3218 926 3278 eandenn
944 3217 1163 3294 renpertinen-

143 3300 207 3357 btia
221 3303 377 3359 memoriae
395 3303 589 3363 tradidissent.
632 3302 735 3381 ltaque
755 3302 893 3362 accedam
906 3303 937 3360 in
954 3301 1105 3379 plerisque
1118 3298 1163 3359 Gi·

171 3386 288 3457 ceroni,
312 3393 399 3461 atque
413 3387 442 3444 iu
458 3389 493 3445 iis
509 3404 579 3461 ero,
603 3404 679 3465 quae
699 3386 856 3445 indubitata
873 3394 957 3460 sunt,
981 3384 1114 3455 brevior,
1135 3385 1163 3442 ia

171 3467 339 3546 qubusdam
369 3470 485 3547 paulum
510 3472 637 3532 fortasse
667 3471 842 3530 dissentim
889 3468 961 3529 Nanr
989 3469 1074 3527 eliani
1101 3484 1163 3527 cn
