2434 3925
143 187 184 247 70
458 197 495 246 ll
509 196 587 246 ΕΔΒ.
603 196 821 257 Qolrtunulm

142 352 306 433 hyperho
316 354 325 413 l
335 371 377 412 eu
397 369 523 436 quoque,
538 370 602 411 nam
619 359 649 411 et
662 351 759 411 haec'
750 370 778 410 uu
792 361 939 430 utramque
953 359 1070 430 partem
1086 370 1140 414 va·

143 438 198 505 lot:
221 437 273 497 sed
295 439 360 515 quia
381 436 488 496 excidit
509 431 565 495 linc
587 453 706 495 nomeu
726 437 755 495 in
777 444 878 514 tropos
896 436 1055 496 diiiercuda
1077 446 1138 496 est.

143 523 224 596 Quos
246 523 379 581 continuo
403 519 621 595 subiungerem,
646 520 700 578 uisi
725 528 805 579 esset
827 537 844 580 a
866 521 972 580 ceteris
994 530 1138 599 separata

141 608 214 665 ratio
229 604 357 681 dicendi,
379 622 453 683 quae
469 611 580 663 constat
595 620 653 662 uon
670 604 795 681 propriis
811 603 863 663 sed
879 604 1034 664 translatis.
1074 604 1136 664 Dc·

140 707 203 748 mus
218 707 290 766 ergo
305 688 432 748 breviter
446 686 502 746 lunc
517 686 662 747 desiderio
677 688 731 746 ium
742 703 836 765 paeue
851 687 979 767 publico,
996 705 1033 747 uc
1049 690 1136 747 omit-

140 782 231 832 tamus
247 791 326 848 eum,
350 789 434 852 quem
454 771 586 850 plerique
608 772 794 849 praecipuum
810 789 844 832 ac
859 789 952 850 paene
967 772 1064 832 solum
1082 790 1134 852 pu·

140 865 200 917 taut
217 858 352 916 orationis
368 863 505 915 ornatum.

370 1008 414 1059 DE
437 1007 618 1059 GENERIBUS
634 1007 895 1062 SENTENTIARUM.

221 1104 258 1164 V.
291 1106 526 1166 Sententiam
545 1113 673 1181 ueteres,
692 1105 769 1183 quod
785 1105 876 1164 animo
892 1102 1063 1181 sensissent,
1079 1122 1131 1165 uo·

140 1198 286 1251 cavarunt.
321 1188 354 1250 ld
375 1206 439 1249 cum
462 1198 507 1250 est
529 1189 604 1267 apud
627 1199 759 1249 oratores
774 1189 1050 1266 frequentissimum,
1071 1198 1130 1249 tum

141 1275 225 1335 etiam
247 1276 276 1333 iu
297 1291 351 1333 usu
372 1272 515 1332 cotidiano
540 1269 676 1351 quasdam
691 1272 829 1351 reliquias
844 1270 946 1338 habet;
964 1289 1027 1331 uam
1042 1282 1075 1332 et
1090 1274 1129 1332 iu·

139 1359 227 1419 raturi
241 1376 281 1419 ec
295 1358 388 1418 unioni
402 1359 499 1418 nostri
513 1360 661 1419 sententio
683 1366 712 1416 et
733 1356 911 1434 gratulantes
928 1374 968 1417 ec
980 1360 1131 1418 sententio

140 1442 268 1503 dicimus.
308 1439 373 1500 Nou
391 1458 457 1500 raro
474 1449 568 1501 tamen
585 1450 615 1500 et
633 1443 676 1501 sic
692 1441 782 1500 locuti
797 1449 877 1515 suut,
900 1446 931 1498 ut
951 1457 1062 1501 seusa
1079 1458 1129 1501 sua

111 1526 284 1593 adicerent:
309 1543 373 1584 uam
394 1542 524 1584 seusus
546 1527 678 1604 corporis
697 1523 876 1584 videbantur.
923 1523 982 1583 Sed
1005 1541 1130 1585 cousue-

139 1609 208 1669 tudo
223 1611 278 1668 iam
293 1610 398 1684 tenuit,
424 1617 455 1667 ut
475 1618 570 1669 mente
594 1617 736 1687 conceptu
757 1625 859 1667 seusus
876 1623 1063 1685 vocaremus,
1087 1609 1130 1669 lu·

138 1694 212 1752 mina
233 1702 327 1753 autern
343 1694 558 1771 praecipueque
578 1694 607 1752 in
627 1692 763 1753 clausulis
787 1694 881 1771 posita
902 1690 1131 1762 seutentiam

140 1794 213 1854 quae
238 1778 328 1836 miuus
357 1776 522 1837 celebratae
551 1777 627 1855 apud
660 1777 791 1854 antiquos
819 1776 924 1835 nostris
950 1776 1129 1854 temporibus

139 1860 224 1920 modo
241 1869 348 1921 carent.
378 1859 505 1938 Ideoque
519 1861 586 1921 mihi
602 1869 632 1922 et
647 1861 684 1921 de
695 1859 850 1938 generibus
866 1877 963 1920 earum
978 1868 1007 1919 et
1023 1860 1060 1920 de
1075 1879 1129 1948 usu

139 1944 263 2006 arbitror
277 1963 368 2024 pauca
384 1944 513 2015 dicenda.

110 2040 129 2095 3
222 2030 444 2107 Antiquissimae
468 2037 549 2104 suut,
582 2046 656 2106 qnae
681 2030 815 2108 proprie,
842 2027 970 2107 quamuis
997 2029 1126 2089 omuibus

139 2113 214 2173 idem
234 2130 338 2173 nomeu
364 2115 419 2189 sit,
441 2114 601 2173 sententiae
616 2122 770 2189 vocantur,
795 2130 866 2190 quas
888 2111 989 2172 Graeci
1009 2107 1127 2192 γνώμας

139 2196 301 2275 appellaut;
325 2158 475 2275 utrumque
495 2205 589 2257 auteur
610 2214 714 2258 nomeu
729 2215 767 2257 eu
783 2213 819 2257 eo
839 2205 1024 2273 acceperuut,
1049 2197 1126 2275 quod

138 2280 246 2339 similes
261 2289 326 2340 sunt
347 2281 475 2341 consiliis
491 2290 539 2340 aut
555 2280 690 2342 decretis.
728 2280 781 2341 Est
798 2289 892 2340 autem
906 2279 988 2341 lruec
985 2297 1051 2339 vox
1066 2281 1125 2339 uui-

137 2363 277 2438 versalis,
298 2381 372 2443 quae
394 2367 478 2424 etiam
499 2366 570 2425 citra
598 2364 778 2444 complexum
807 2381 911 2424 causae
940 2367 1034 2442 possit
1058 2381 1125 2425 esse
1204 2420 1205 2423 ,

138 2408 304 2525 laudabilis,
327 2449 438 2508 iuterim
459 2448 494 2508 ud
518 2467 577 2509 rem
593 2458 700 2508 tautum
717 2448 824 2524 relata,
846 2456 878 2506 ut
895 2445 977 2512 Nihil
1000 2456 1045 2509 eet
1064 2456 1124 2509 tom

134 2532 283 2610 populare
308 2547 400 2609 quom
425 2533 562 2602 bonitum·
583 2534 695 2592 iuterim
718 2532 753 2592 ad
767 2548 946 2631 personam,
969 2530 1054 2610 quale
1081 2540 1125 2591 est

138 2615 202 2674 Afri
217 2615 349 2692 Domitii,
367 2614 529 2695 Princeps,
551 2618 602 2694 poi
618 2619 680 2678 uolt
693 2618 795 2677 omniu
812 2617 910 2695 scire,
930 2634 1053 2678 occense
1068 2616 1123 2677 tc-

108 2701 186 2764 elau
208 2701 301 2760 molto
324 2701 492 2778 ipnooccre.
529 2699 613 2765 llauc
635 2700 747 2778 quidam
767 2708 878 2778 partem
900 2699 1123 2776 enthymematis,

140 2783 251 2862 quidam
271 2785 379 2843 initium
398 2791 446 2843 aut
473 2784 631 2844 clausulam
651 2782 863 2862 epichirematis
887 2802 954 2844 esse
976 2785 1122 2853 dixerunt3

138 2875 167 2926 et
188 2877 233 2927 est
244 2867 401 2946 aliquando
414 2878 474 2927 'nou
488 2877 582 2928 tamen
597 2886 723 2947 semper.
754 2867 828 2927 lllud
844 2870 958 2943 verius,
970 2885 1046 2928 'esse
1062 2884 1123 2927 eam

138 2950 288 3028 aliquando
310 2951 486 3030 simplicem,
508 2961 605 3026 ntea,
628 2970 702 3031 quae
717 2969 803 3030 supra
819 2951 891 3022 dixi;
912 2951 1064 3031 aliquando
1079 2967 1122 3011 ra-

137 3035 216 3093 tione
231 3036 377 3098 subiecta:
393 3033 519 3097 Nomio
531 3037 611 3097 omno
627 3037 807 3112 certamine,
824 3039 876 3113 qni
890 3032 1058 3114 opulentior
1069 3041 1125 3110 ert,

137 3119 255 3179 edumei
269 3122 381 3199 occipit
396 3121 559 3196 ircioriom,
581 3127 695 3196 tumen,
721 3121 793 3198 quio
811 3120 881 3198 plne
893 3128 1003 3199 potent,
1018 3120 1123 3198 facere

136 3203 276 3272 videtum
291 3220 489 3281 nonuunquam
503 3202 660 3281 duplicem:
680 3201 861 3281 Obsequium
874 3206 997 3280 anucco,
1008 3205 1119 3265 veritus

108 3287 238 3349 bodium
256 3289 349 3365 paret.
393 3288 464 3346 Sunt
485 3288 585 3361 etiam,
611 3289 659 3364 qui
679 3287 781 3347 decern
795 3305 904 3364 genera
918 3288 1056 3363 iecerint,
1072 3285 1120 3347 sed

137 3371 284 3446 eomodo,
306 3386 363 3448 quo
382 3369 443 3428 lieri
464 3369 512 3430 vel
532 3371 615 3449 plura
635 3380 772 3448 possunt,
793 3389 847 3449 per
861 3373 1119 3450 interrogationem,
1204 3368 1205 3383 ¹

136 3473 190 3516 ner
209 3455 466 3534 comparationem,
487 3454 699 3531 infitiationem,
721 3454 946 3536 similitudinem,
964 3455 1117 3517 admiratio·
