2434 3925
323 262 414 311 ruso.
438 259 586 312 omnen.
609 263 679 311 am
700 263 753 328 xr,
775 259 802 314 a.
997 247 1061 313 233

46 419 159 481 dentis
178 417 286 478 vultum
306 425 369 493 aut,
392 436 449 496 quo
466 419 503 478 sit
523 418 615 495 magis
636 426 751 493 torvus,
773 418 938 495 superciliis
959 419 1060 479 astrin-

45 521 151 582 gere,
179 502 302 580 capillos
327 520 343 561 a
366 501 462 561 ironte
485 511 584 562 contra
609 510 738 561 naturam
759 510 941 578 retroagere,
967 512 998 562 ut
1023 503 1060 564 sit

44 588 167 648 horror
188 586 238 648 ille
260 585 415 654 terribilis;
443 593 517 661 tum,
544 585 573 645 id
596 584 674 664 quod
696 585 801 646 Graeci
825 585 1059 664 frequentissime

44 671 187 746 faciunt,
216 668 320 729 crebro
349 669 503 745 digitorum
529 668 728 748 labiorumque
756 677 834 730 motu
862 671 1058 746 commentari,

46 755 141 816 clare
158 771 311 828 excreare,
326 753 432 831 pedem
446 753 567 813 alterum
580 753 668 830 longe
684 752 830 831 proferre,
845 762 956 833 partem
970 762 1059 831 togae

49 839 176 899 sinistra
190 847 310 911 tenere,
335 845 413 896 stare
434 836 577 897 diductum
595 836 645 897 rel
659 837 782 914 rigidum
797 836 846 898 vel
862 838 992 914 supinum
1010 835 1060 897 vel

45 924 207 981 incurvum
229 919 280 980 vel
304 919 447 998 humeris,
475 928 505 979 ut
529 921 664 981 luctaturi
689 919 804 997 solent,
830 919 867 980 ad
894 921 1058 999 occipitium

52 1005 166 1066 ductis.
662 1060 665 1065 ,
816 1038 817 1041 =

145 1087 298 1148 Prooemio
311 1087 544 1166 frequentissime
556 1088 631 1149 lenis
641 1089 774 1149 convenit
786 1088 988 1167 pronuntiatio.
1009 1087 1057 1147 Ni·
1065 1093 1115 1147 161

49 1172 99 1232 hil
116 1172 192 1232 enim
211 1180 256 1231 est
273 1171 309 1231 ad
331 1172 539 1233 conciliandum
554 1174 663 1250 gratius
679 1173 870 1249 verecundia,
892 1182 1065 1237 nontamen

51 1273 188 1334 semper.
222 1254 325 1334 Neque
343 1257 418 1316 enim
434 1258 590 1318 anamodo
607 1257 737 1317 dicuntum
754 1257 889 1332 exordia,
917 1265 948 1317 ut
963 1257 1057 1319 docui

53 1339 234 1417 Plerumque
255 1348 349 1399 tamen
373 1348 402 1399 et
422 1357 481 1400 vox
505 1348 664 1420 temperata
688 1349 718 1401 et
738 1350 838 1418 gestus
859 1341 1004 1401 modestus
1030 1351 1059 1400 et

11 1470 12 1475 1
51 1424 169 1483 sedens
188 1423 307 1484 humero
331 1432 399 1501 toga
421 1433 451 1483 et
476 1424 596 1485 laterum
621 1425 695 1485 lenis
719 1425 748 1483 iu
773 1426 923 1503 utramque
947 1435 1057 1503 partem

53 1516 172 1581 motus,
194 1507 298 1568 eodem
312 1508 509 1586 spectantibus
526 1509 635 1585 oculis,
659 1507 785 1569 decebit.
817 1507 950 1569 Narratio
966 1510 1057 1585 magis
1066 1522 1115 1577 162

11 1644 12 1653 ,
53 1590 203 1672 prolatam
222 1609 351 1667 manum,
377 1593 509 1652 amictum
533 1593 726 1669 recidentem,
752 1602 866 1670 gestum
886 1594 1057 1669 distinctum,

52 1692 164 1736 vocem
180 1675 305 1735 sermoni
318 1677 477 1754 proximam
493 1685 522 1736 et
537 1685 644 1737 tantum
658 1677 815 1754 acriorem,
835 1694 936 1737 sonum
950 1678 1058 1756 simpli·

11 1808 12 1825 ,
54 1777 125 1820 cern
141 1759 373 1838 frequentissime
388 1759 544 1838 postulabit
558 1763 586 1820 in
601 1760 646 1821 bis
660 1760 807 1820 duntaxat:
825 1758 860 1834 0.
875 1763 953 1823 euim
967 1758 1057 1840 Lipa-

52 1845 137 1919 rius,
154 1863 223 1905 cum
237 1852 316 1905 esset
328 1845 361 1904 in
374 1841 485 1924 Africa
500 1846 586 1907 nulla
600 1845 672 1907 betti
685 1846 835 1924 cuspium,
853 1852 882 1904 et
896 1842 932 1908 Α.
951 1842 1056 1906 Cluen·

52 1929 122 1996 tius
131 1925 262 1990 Habitus
272 1936 365 2009 pater
378 1930 514 1995 huiusce.
537 1929 624 1991 Aliud
636 1930 664 1990 in
676 1929 778 1990 eadem
789 1937 913 2008 poscent
924 1930 1055 2004 allectus,

52 2012 109 2073 vel
124 2012 259 2073 concitati
278 2011 369 2074 Nubit
385 2033 499 2093 peuero
517 2034 642 2090 samue,
662 2014 711 2074 vel
727 2013 842 2074 llebiles
862 2012 1058 2075 Constituitar

50 2100 94 2161 iu
114 2097 183 2174 fero
198 2094 372 2161 Laodiceae
392 2101 600 2177 spectaculum
623 2100 770 2160 acerbum
790 2106 820 2159 et
840 2101 982 2160 miserum
1006 2099 1059 2159 toti
1143 2093 1148 2110 '

53 2178 156 2245 Asiae
166 2183 356 2260 premamur.
388 2179 513 2242 Maxime
531 2184 611 2243 varia
632 2192 661 2243 et
675 2182 826 2262 multiplex
839 2183 915 2242 aetio
932 2191 976 2242 est
990 2190 1115 2260 pro-163

54 2265 217 2328 batianum.
238 2264 318 2326 'Nam
340 2274 369 2325 et
386 2283 570 2345 proponere,
593 2268 708 2345 partiri,
730 2267 911 2344 interrogare
931 2267 1056 2325 sermoni

12 2401 14 2414 t
58 2357 126 2411 suut
147 2349 294 2427 proxima,
318 2359 348 2409 et
369 2350 623 2411 conuadictionem
641 2369 764 2411 sumere.
796 2350 868 2411 Nam
888 2369 922 2411 ea
941 2367 1055 2428 quoque

59 2435 177 2495 diversa
194 2433 355 2512 propositio
369 2443 424 2493 est.
457 2434 516 2494 Sed
532 2435 607 2494 banc
625 2443 719 2495 tamen
733 2434 886 2514 aliquando
904 2435 1057 2494 irridentes

59 2517 213 2595 aliquando
237 2518 377 2577 imitantes
393 2520 614 2596 pronuntiamus.
645 2519 863 2595 Argumentatio
886 2518 1114 2598 plerumqueldl

60 2601 168 2677 agilior
186 2609 216 2661 et
231 2602 327 2661 acrior
341 2611 372 2661 et
385 2604 534 2662 instantior
549 2604 777 2663 consentientem
793 2604 914 2664 orationi
930 2601 1069 2681 postulat·

62 2685 147 2744 etiam
156 2694 279 2762 gestum,
291 2686 320 2746 id
332 2694 377 2745 est
390 2686 495 2746 lortem
506 2686 696 2747 celeritatem.
715 2686 876 2748 laetandum
889 2685 1055 2766 quibusdam

62 2768 235 2846 inpartibus
253 2778 282 2829 et
298 2769 444 2830 densanda
462 2773 563 2832 oratio.
589 2770 785 2849 Egressiones
799 2771 863 2830 iere
881 2779 911 2829 et
927 2769 1010 2829 lenes
1025 2776 1055 2827 et

62 2851 163 2911 dulces
184 2861 213 2911 et
226 2855 382 2928 remissae,
407 2864 507 2932 raptus
522 2855 731 2933 Proserpinae,
753 2855 869 2914 Siciliae
884 2852 1053 2930 descriptio,

63 2931 115 2994 Gn.
132 2932 261 3014 Pompeii
275 2936 347 2996 laus.
383 2936 487 3016 Neque
508 2939 583 2998 enim
605 2941 721 3014 mirum,
749 2939 840 2996 minus
859 2935 969 2996 babere
986 2953 1054 2996 con-

62 3019 199 3079 tentionis
214 3036 265 3095 ea,
289 3038 363 3098 quae
379 3031 444 3080 sunt
459 3030 540 3081 extra
558 3024 766 3100 quaestionem.
797 3020 914 3080 Nollior
928 3036 1053 3081 nonnun-
1062 3029 1112 3083 165

63 3119 148 3181 quam
164 3120 228 3160 cnm
248 3105 478 3182 reprehensione
499 3105 632 3165 diversae
648 3105 738 3184 partis
754 3105 887 3164 imitatio:
917 3102 1054 3165 Videbar

61 3187 169 3249 uidere
184 3186 261 3247 ulios
281 3188 433 3251 intrantes
455 3190 533 3251 alios
552 3197 653 3250 autem
672 3196 831 3263 exeuntes,
853 3189 1001 3267 quaedam
1016 3204 1056 3248 ec

61 3272 131 3332 aino
151 3270 340 3332 eaca'llautee.
370 3271 426 3333 Ubi
447 3290 504 3332 non
524 3272 666 3332 dissidens
688 3288 795 3332 avoce
816 3272 987 3349 permittitur
1002 3290 1054 3348 ge·

62 3365 122 3414 stus
138 3370 272 3433 quoque,
292 3354 321 3413 in
344 3365 491 3436 utramque
508 3365 618 3435 partem
634 3364 734 3416 tenera
751 3355 890 3434 quaedam
909 3355 962 3415 sed
982 3357 1054 3414 intra

62 3456 161 3498 manus
185 3446 281 3497 tamen
305 3446 334 3497 et
354 3441 416 3500 sine
435 3449 513 3500 motu
534 3439 655 3500 laterum
676 3440 835 3500 transsatio.
865 3437 1111 3500 Accendendildb

63 3523 164 3584 iudicis
181 3521 280 3600 plures
297 3531 363 3584 sunt
376 3525 492 3601 gratim.
523 3525 653 3585 Summus
669 3523 720 3585 ille
738 3532 767 3584 et
783 3540 839 3602 quo
856 3523 950 3584 nullus
966 3522 1053 3583 estin
