<?xml version="1.0" encoding="UTF-8"?>
<!DOCTYPE html PUBLIC "-//W3C//DTD XHTML 1.0 Transitional//EN"
    "http://www.w3.org/TR/xhtml1/DTD/xhtml1-transitional.dtd">
<html xmlns="http://www.w3.org/1999/xhtml" xml:lang="en" lang="en">
 <head>
  <title>
</title>
<meta http-equiv="Content-Type" content="text/html;charset=utf-8" />
  <meta name='ocr-system' content='tesseract 3.04.00' />
  <meta name='ocr-capabilities' content='ocr_page ocr_carea ocr_par ocr_line ocrx_word'/>
</head>
<body>
  <div class='ocr_page' id='page_1' title='image "./mfabiiquintilia08bonngoog_0505.png"; bbox 0 0 2434 3925; ppageno 0'>
   <div class='ocr_carea' id='block_1_1' title="bbox 333 199 1038 275">
    <p class='ocr_par' dir='ltr' id='par_1_1' title="bbox 333 199 1038 275">
     <span class='ocr_line' id='line_1_1' title="bbox 333 199 1038 275; baseline 0.006 -18"><span class='ocrx_word' id='word_1_1' title='bbox 333 208 762 275; x_wconf 75' lang='lat' dir='ltr'><strong><em>mss.ossr01s.v1n.1x,1.</em></strong></span> <span class='ocrx_word' id='word_1_2' title='bbox 1002 199 1038 261; x_wconf 85' lang='lat'><strong><em>91</em></strong></span> 
     </span>
    </p>
   </div>
   <div class='ocr_carea' id='block_1_2' title="bbox 47 363 1089 781">
    <p class='ocr_par' dir='ltr' id='par_1_2' title="bbox 47 363 1089 781">
     <span class='ocr_line' id='line_1_2' title="bbox 52 363 1047 444; baseline -0.001 -15"><span class='ocrx_word' id='word_1_3' title='bbox 52 378 116 432; x_wconf 87' lang='lat' dir='ltr'><strong><em>tum</em></strong></span> <span class='ocrx_word' id='word_1_4' title='bbox 134 384 202 428; x_wconf 85' lang='lat' dir='ltr'><strong><em>esse</em></strong></span> <span class='ocrx_word' id='word_1_5' title='bbox 219 363 380 432; x_wconf 73' lang='lat' dir='ltr'><strong><em>videatnrs</em></strong></span> <span class='ocrx_word' id='word_1_6' title='bbox 402 371 431 424; x_wconf 89' lang='lat' dir='ltr'><strong><em>et</em></strong></span> <span class='ocrx_word' id='word_1_7' title='bbox 449 363 521 425; x_wconf 84' lang='lat' dir='ltr'><strong><em>laic</em></strong></span> <span class='ocrx_word' id='word_1_8' title='bbox 540 366 701 425; x_wconf 85' lang='lat' dir='ltr'><strong><em>contraria</em></strong></span> <span class='ocrx_word' id='word_1_9' title='bbox 716 383 810 444; x_wconf 85' lang='lat' dir='ltr'><strong><em>saepe</em></strong></span> <span class='ocrx_word' id='word_1_10' title='bbox 828 367 988 444; x_wconf 71' lang='lat' dir='ltr'><strong><em>percursio</em></strong></span> <span class='ocrx_word' id='word_1_11' title='bbox 1002 374 1047 428; x_wconf 84' lang='lat' dir='ltr'><strong><em>est</em></strong></span> 
     </span>
     <span class='ocr_line' id='line_1_3' title="bbox 51 449 1048 527; baseline -0.002 -13"><span class='ocrx_word' id='word_1_12' title='bbox 51 462 83 514; x_wconf 88' lang='lat' dir='ltr'><strong><em>et</em></strong></span> <span class='ocrx_word' id='word_1_13' title='bbox 104 451 149 511; x_wconf 91' lang='lat' dir='ltr'><strong><em>ad</em></strong></span> <span class='ocrx_word' id='word_1_14' title='bbox 169 450 240 527; x_wconf 90' lang='lat' dir='ltr'><strong><em>plus</em></strong></span> <span class='ocrx_word' id='word_1_15' title='bbox 267 449 508 526; x_wconf 87' lang='lat' dir='ltr'><strong><em>intelliqendum,</em></strong></span> <span class='ocrx_word' id='word_1_16' title='bbox 532 464 625 524; x_wconf 87' lang='lat' dir='ltr'><strong><em>quam</em></strong></span> <span class='ocrx_word' id='word_1_17' title='bbox 645 449 779 525; x_wconf 78' lang='lat' dir='ltr'><strong><em>diaetis,</em></strong></span> <span class='ocrx_word' id='word_1_18' title='bbox 800 451 996 527; x_wconf 76' lang='lat' dir='ltr'><strong><em>siqnificatio,</em></strong></span> <span class='ocrx_word' id='word_1_19' title='bbox 1019 459 1048 512; x_wconf 84' lang='lat' dir='ltr'><strong><em>ct</em></strong></span> 
     </span>
     <span class='ocr_line' id='line_1_4' title="bbox 53 532 1089 605; baseline -0.001 -9"><span class='ocrx_word' id='word_1_20' title='bbox 53 537 198 597; x_wconf 86' lang='lat' dir='ltr'><strong><em>distincte</em></strong></span> <span class='ocrx_word' id='word_1_21' title='bbox 213 534 336 592; x_wconf 78' lang='lat' dir='ltr'><strong><em>emcisa</em></strong></span> <span class='ocrx_word' id='word_1_22' title='bbox 353 532 487 592; x_wconf 74' lang='lat' dir='ltr'><strong><em>brevitas</em></strong></span> <span class='ocrx_word' id='word_1_23' title='bbox 508 540 537 592; x_wconf 92' lang='lat' dir='ltr'><strong><em>el</em></strong></span> <span class='ocrx_word' id='word_1_24' title='bbox 558 534 732 594; x_wconf 74' lang='lat' dir='ltr'><strong><em>extenuatio</em></strong></span> <span class='ocrx_word' id='word_1_25' title='bbox 735 555 750 605; x_wconf 87' lang='lat'><strong><em>,·</em></strong></span> <span class='ocrx_word' id='word_1_26' title='bbox 770 541 799 594; x_wconf 91' lang='lat' dir='ltr'><strong><em>et</em></strong></span> <span class='ocrx_word' id='word_1_27' title='bbox 811 534 883 594; x_wconf 88' lang='lat' dir='ltr'><strong><em>ltuic</em></strong></span> <span class='ocrx_word' id='word_1_28' title='bbox 899 535 1089 597; x_wconf 76' lang='lat' dir='ltr'><strong><em>caturcense</em></strong></span> 
     </span>
     <span class='ocr_line' id='line_1_5' title="bbox 50 613 1046 694; baseline -0.001 -14"><span class='ocrx_word' id='word_1_29' title='bbox 50 619 165 692; x_wconf 88' lang='lat' dir='ltr'><strong><em>illusio,</em></strong></span> <span class='ocrx_word' id='word_1_30' title='bbox 182 633 203 675; x_wconf 90' lang='lat' dir='ltr'><strong><em>a</em></strong></span> <span class='ocrx_word' id='word_1_31' title='bbox 214 617 392 694; x_wconf 85' lang='lat' dir='ltr'><strong><em>praeceptis</em></strong></span> <span class='ocrx_word' id='word_1_32' title='bbox 408 613 554 676; x_wconf 75' lang='lat' dir='ltr'><strong><em>Caesaris</em></strong></span> <span class='ocrx_word' id='word_1_33' title='bbox 567 634 628 677; x_wconf 90' lang='lat' dir='ltr'><strong><em>non</em></strong></span> <span class='ocrx_word' id='word_1_34' title='bbox 642 617 827 692; x_wconf 76' lang='lat' dir='ltr'><strong><em>abhorrens,</em></strong></span> <span class='ocrx_word' id='word_1_35' title='bbox 849 627 878 678; x_wconf 90' lang='lat' dir='ltr'><strong><em>et</em></strong></span> <span class='ocrx_word' id='word_1_36' title='bbox 892 618 931 678; x_wconf 83' lang='lat' dir='ltr'><strong><em>ab</em></strong></span> <span class='ocrx_word' id='word_1_37' title='bbox 948 637 984 678; x_wconf 94' lang='lat' dir='ltr'><strong><em>re</em></strong></span> <span class='ocrx_word' id='word_1_38' title='bbox 997 619 1046 679; x_wconf 91' lang='lat' dir='ltr'><strong><em>di-</em></strong></span> 
     </span>
     <span class='ocr_line' id='line_1_6' title="bbox 47 698 1049 781; baseline 0.002 -21"><span class='ocrx_word' id='word_1_39' title='bbox 47 703 190 781; x_wconf 75' lang='lat' dir='ltr'><strong><em>9ressto,·</em></strong></span> <span class='ocrx_word' id='word_1_40' title='bbox 208 701 241 759; x_wconf 90' lang='lat' dir='ltr'><strong><em>in</em></strong></span> <span class='ocrx_word' id='word_1_41' title='bbox 256 715 316 776; x_wconf 89' lang='lat' dir='ltr'><strong><em>quo</em></strong></span> <span class='ocrx_word' id='word_1_42' title='bbox 331 717 401 759; x_wconf 89' lang='lat' dir='ltr'><strong><em>cum</em></strong></span> <span class='ocrx_word' id='word_1_43' title='bbox 412 698 507 776; x_wconf 86' lang='lat' dir='ltr'><strong><em>fuerit</em></strong></span> <span class='ocrx_word' id='word_1_44' title='bbox 521 699 698 776; x_wconf 90' lang='lat' dir='ltr'><strong><em>delectatio,</em></strong></span> <span class='ocrx_word' id='word_1_45' title='bbox 713 709 775 761; x_wconf 89' lang='lat' dir='ltr'><strong><em>tum</em></strong></span> <span class='ocrx_word' id='word_1_46' title='bbox 789 701 907 761; x_wconf 90' lang='lat' dir='ltr'><strong><em>reditus</em></strong></span> <span class='ocrx_word' id='word_1_47' title='bbox 925 702 1049 762; x_wconf 90' lang='lat' dir='ltr'><strong><em>adrem</em></strong></span> 
     </span>
    </p>
   </div>
   <div class='ocr_carea' id='block_1_3' title="bbox 50 782 1092 3549">
    <p class='ocr_par' dir='ltr' id='par_1_3' title="bbox 50 782 1092 3549">
     <span class='ocr_line' id='line_1_7' title="bbox 52 782 1048 871; baseline -0.001 -25"><span class='ocrx_word' id='word_1_48' title='bbox 52 793 147 864; x_wconf 88' lang='lat' dir='ltr'><strong><em>aptus</em></strong></span> <span class='ocrx_word' id='word_1_49' title='bbox 170 791 199 844; x_wconf 92' lang='lat' dir='ltr'><strong><em>el</em></strong></span> <span class='ocrx_word' id='word_1_50' title='bbox 216 783 382 843; x_wconf 88' lang='lat' dir='ltr'><strong><em>concinnus</em></strong></span> <span class='ocrx_word' id='word_1_51' title='bbox 401 801 468 843; x_wconf 87' lang='lat' dir='ltr'><strong><em>esse</em></strong></span> <span class='ocrx_word' id='word_1_52' title='bbox 487 782 626 853; x_wconf 66' lang='lat' dir='ltr'><strong><em>debelti,-</em></strong></span> <span class='ocrx_word' id='word_1_53' title='bbox 646 786 886 863; x_wconf 75' lang='lat' dir='ltr'><strong><em>propositioque,</em></strong></span> <span class='ocrx_word' id='word_1_54' title='bbox 911 785 985 871; x_wconf 75' lang='lat' dir='ltr'><strong><em>quid</em></strong></span> <span class='ocrx_word' id='word_1_55' title='bbox 1003 787 1048 845; x_wconf 92' lang='lat' dir='ltr'><strong><em>sis</em></strong></span> 
     </span>
     <span class='ocr_line' id='line_1_8' title="bbox 52 866 1048 946; baseline -0.002 -15"><span class='ocrx_word' id='word_1_56' title='bbox 52 872 212 942; x_wconf 89' lang='lat' dir='ltr'><strong><em>dicturus,</em></strong></span> <span class='ocrx_word' id='word_1_57' title='bbox 228 874 258 927; x_wconf 91' lang='lat' dir='ltr'><strong><em>et</em></strong></span> <span class='ocrx_word' id='word_1_58' title='bbox 274 866 314 927; x_wconf 84' lang='lat' dir='ltr'><strong><em>ab</em></strong></span> <span class='ocrx_word' id='word_1_59' title='bbox 329 883 382 942; x_wconf 89' lang='lat' dir='ltr'><strong><em>eo,</em></strong></span> <span class='ocrx_word' id='word_1_60' title='bbox 402 868 484 944; x_wconf 91' lang='lat' dir='ltr'><strong><em>quod</em></strong></span> <span class='ocrx_word' id='word_1_61' title='bbox 498 873 543 927; x_wconf 90' lang='lat' dir='ltr'><strong><em>est</em></strong></span> <span class='ocrx_word' id='word_1_62' title='bbox 558 868 689 946; x_wconf 88' lang='lat' dir='ltr'><strong><em>dietum,</em></strong></span> <span class='ocrx_word' id='word_1_63' title='bbox 707 870 869 945; x_wconf 88' lang='lat' dir='ltr'><strong><em>seiunctio,</em></strong></span> <span class='ocrx_word' id='word_1_64' title='bbox 885 877 914 929; x_wconf 93' lang='lat' dir='ltr'><strong><em>et</em></strong></span> <span class='ocrx_word' id='word_1_65' title='bbox 930 869 1048 930; x_wconf 81' lang='lat' dir='ltr'><strong><em>reditas</em></strong></span> 
     </span>
     <span class='ocr_line' id='line_1_9' title="bbox 50 951 1089 1030; baseline 0.002 -15"><span class='ocrx_word' id='word_1_66' title='bbox 50 954 100 1015; x_wconf 77' lang='lat' dir='ltr'><strong><em>&#39;ad</em></strong></span> <span class='ocrx_word' id='word_1_67' title='bbox 108 952 296 1030; x_wconf 88' lang='lat' dir='ltr'><strong><em>propositum</em></strong></span> <span class='ocrx_word' id='word_1_68' title='bbox 316 959 346 1010; x_wconf 91' lang='lat' dir='ltr'><strong><em>et</em></strong></span> <span class='ocrx_word' id='word_1_69' title='bbox 357 951 478 1011; x_wconf 81' lang='lat' dir='ltr'><strong><em>iteratio</em></strong></span> <span class='ocrx_word' id='word_1_70' title='bbox 495 960 525 1011; x_wconf 91' lang='lat' dir='ltr'><strong><em>et</em></strong></span> <span class='ocrx_word' id='word_1_71' title='bbox 543 953 672 1012; x_wconf 88' lang='lat' dir='ltr'><strong><em>rationis</em></strong></span> <span class='ocrx_word' id='word_1_72' title='bbox 691 961 767 1030; x_wconf 90' lang='lat' dir='ltr'><strong><em>opta</em></strong></span> <span class='ocrx_word' id='word_1_73' title='bbox 790 953 963 1024; x_wconf 88' lang='lat' dir='ltr'><strong><em>conclusio,·</em></strong></span> <span class='ocrx_word' id='word_1_74' title='bbox 987 960 1089 1017; x_wconf 78' lang='lat' dir='ltr'><strong><em>tum29</em></strong></span> 
     </span>
     <span class='ocr_line' id='line_1_10' title="bbox 53 1034 1047 1114; baseline -0.002 -16"><span class='ocrx_word' id='word_1_75' title='bbox 53 1037 191 1114; x_wconf 85' lang='lat' dir='ltr'><strong><em>auqendi</em></strong></span> <span class='ocrx_word' id='word_1_76' title='bbox 203 1034 396 1105; x_wconf 78' lang='lat' dir='ltr'><strong><em>minuendive</em></strong></span> <span class='ocrx_word' id='word_1_77' title='bbox 415 1050 514 1095; x_wconf 90' lang='lat' dir='ltr'><strong><em>causa</em></strong></span> <span class='ocrx_word' id='word_1_78' title='bbox 536 1036 674 1096; x_wconf 83' lang='lat' dir='ltr'><strong><em>veritatis</em></strong></span> <span class='ocrx_word' id='word_1_79' title='bbox 696 1038 862 1114; x_wconf 80' lang='lat' dir='ltr'><strong><em>superlatio</em></strong></span> <span class='ocrx_word' id='word_1_80' title='bbox 876 1044 967 1114; x_wconf 88' lang='lat' dir='ltr'><strong><em>utque</em></strong></span> <span class='ocrx_word' id='word_1_81' title='bbox 981 1043 1047 1096; x_wconf 92' lang='lat' dir='ltr'><strong><em>tro-</em></strong></span> 
     </span>
     <span class='ocr_line' id='line_1_11' title="bbox 52 1117 1048 1197; baseline -0.003 -14"><span class='ocrx_word' id='word_1_82' title='bbox 52 1121 160 1195; x_wconf 88' lang='lat' dir='ltr'><strong><em>iectio,</em></strong></span> <span class='ocrx_word' id='word_1_83' title='bbox 187 1127 216 1178; x_wconf 87' lang='lat' dir='ltr'><strong><em>et</em></strong></span> <span class='ocrx_word' id='word_1_84' title='bbox 234 1118 352 1195; x_wconf 82' lang='lat' dir='ltr'><strong><em>roqatio</em></strong></span> <span class='ocrx_word' id='word_1_85' title='bbox 376 1125 469 1194; x_wconf 89' lang='lat' dir='ltr'><strong><em>atque</em></strong></span> <span class='ocrx_word' id='word_1_86' title='bbox 497 1117 568 1180; x_wconf 85' lang='lat' dir='ltr'><strong><em>luic</em></strong></span> <span class='ocrx_word' id='word_1_87' title='bbox 592 1119 721 1196; x_wconf 74' lang='lat' dir='ltr'><strong><em>finitimo</em></strong></span> <span class='ocrx_word' id='word_1_88' title='bbox 748 1123 838 1197; x_wconf 88' lang='lat' dir='ltr'><strong><em>quusi</em></strong></span> <span class='ocrx_word' id='word_1_89' title='bbox 858 1120 1048 1197; x_wconf 89' lang='lat' dir='ltr'><strong><em>percontatio</em></strong></span> 
     </span>
     <span class='ocr_line' id='line_1_12' title="bbox 53 1203 1050 1282; baseline 0 -18"><span class='ocrx_word' id='word_1_90' title='bbox 53 1204 260 1282; x_wconf 83' lang='lat' dir='ltr'><strong><em>evpvsitioque</em></strong></span> <span class='ocrx_word' id='word_1_91' title='bbox 276 1203 443 1262; x_wconf 87' lang='lat' dir='ltr'><strong><em>sententiae</em></strong></span> <span class='ocrx_word' id='word_1_92' title='bbox 452 1219 546 1271; x_wconf 66' lang='lat' dir='ltr'><strong><em>eroes</em></strong></span> <span class='ocrx_word' id='word_1_93' title='bbox 560 1209 622 1264; x_wconf 85' lang='lat' dir='ltr'><strong><em>turn</em></strong></span> <span class='ocrx_word' id='word_1_94' title='bbox 637 1204 702 1279; x_wconf 91' lang='lat' dir='ltr'><strong><em>illa,</em></strong></span> <span class='ocrx_word' id='word_1_95' title='bbox 720 1218 799 1280; x_wconf 89' lang='lat' dir='ltr'><strong><em>quae</em></strong></span> <span class='ocrx_word' id='word_1_96' title='bbox 815 1205 946 1264; x_wconf 81' lang='lat' dir='ltr'><strong><em>monime</em></strong></span> <span class='ocrx_word' id='word_1_97' title='bbox 960 1204 1050 1281; x_wconf 92' lang='lat' dir='ltr'><strong><em>quasi</em></strong></span> 
     </span>
     <span class='ocr_line' id='line_1_13' title="bbox 52 1285 1049 1366; baseline -0.002 -17"><span class='ocrx_word' id='word_1_98' title='bbox 52 1289 164 1365; x_wconf 88' lang='lat' dir='ltr'><strong><em>irrepit</em></strong></span> <span class='ocrx_word' id='word_1_99' title='bbox 179 1288 212 1346; x_wconf 87' lang='lat' dir='ltr'><strong><em>in</em></strong></span> <span class='ocrx_word' id='word_1_100' title='bbox 233 1285 382 1346; x_wconf 84' lang='lat' dir='ltr'><strong><em>lmninum</em></strong></span> <span class='ocrx_word' id='word_1_101' title='bbox 402 1294 531 1360; x_wconf 85' lang='lat' dir='ltr'><strong><em>meotes,</em></strong></span> <span class='ocrx_word' id='word_1_102' title='bbox 555 1287 620 1347; x_wconf 88' lang='lat' dir='ltr'><strong><em>alia</em></strong></span> <span class='ocrx_word' id='word_1_103' title='bbox 641 1289 772 1349; x_wconf 85' lang='lat' dir='ltr'><strong><em>dicentis</em></strong></span> <span class='ocrx_word' id='word_1_104' title='bbox 788 1306 829 1349; x_wconf 89' lang='lat' dir='ltr'><strong><em>ac</em></strong></span> <span class='ocrx_word' id='word_1_105' title='bbox 848 1287 1049 1366; x_wconf 80' lang='lat' dir='ltr'><strong><em>siqnificontis</em></strong></span> 
     </span>
     <span class='ocr_line' id='line_1_14' title="bbox 54 1370 1049 1448; baseline -0.001 -15"><span class='ocrx_word' id='word_1_106' title='bbox 54 1370 275 1446; x_wconf 81' lang='lat' dir='ltr'><strong><em>dissimulatio,</em></strong></span> <span class='ocrx_word' id='word_1_107' title='bbox 299 1385 378 1445; x_wconf 88' lang='lat' dir='ltr'><strong><em>quoe</em></strong></span> <span class='ocrx_word' id='word_1_108' title='bbox 399 1378 443 1431; x_wconf 89' lang='lat' dir='ltr'><strong><em>est</em></strong></span> <span class='ocrx_word' id='word_1_109' title='bbox 462 1371 674 1448; x_wconf 88' lang='lat' dir='ltr'><strong><em>periucunda,</em></strong></span> <span class='ocrx_word' id='word_1_110' title='bbox 697 1390 766 1432; x_wconf 91' lang='lat' dir='ltr'><strong><em>cum</em></strong></span> <span class='ocrx_word' id='word_1_111' title='bbox 785 1372 818 1431; x_wconf 92' lang='lat' dir='ltr'><strong><em>in</em></strong></span> <span class='ocrx_word' id='word_1_112' title='bbox 838 1373 974 1432; x_wconf 89' lang='lat' dir='ltr'><strong><em>oratione</em></strong></span> <span class='ocrx_word' id='word_1_113' title='bbox 988 1390 1049 1432; x_wconf 92' lang='lat' dir='ltr'><strong><em>non</em></strong></span> 
     </span>
     <span class='ocr_line' id='line_1_15' title="bbox 54 1454 1090 1530; baseline -0.004 -13"><span class='ocrx_word' id='word_1_114' title='bbox 54 1456 240 1517; x_wconf 85' lang='lat' dir='ltr'><strong><em>contentione</em></strong></span> <span class='ocrx_word' id='word_1_115' title='bbox 251 1454 311 1513; x_wconf 88' lang='lat' dir='ltr'><strong><em>sed</em></strong></span> <span class='ocrx_word' id='word_1_116' title='bbox 326 1470 463 1513; x_wconf 89' lang='lat' dir='ltr'><strong><em>sermone</em></strong></span> <span class='ocrx_word' id='word_1_117' title='bbox 477 1460 648 1522; x_wconf 90' lang='lat' dir='ltr'><strong><em>tractatur;</em></strong></span> <span class='ocrx_word' id='word_1_118' title='bbox 669 1455 780 1519; x_wconf 82' lang='lat' dir='ltr'><strong><em>deinde</em></strong></span> <span class='ocrx_word' id='word_1_119' title='bbox 801 1455 966 1530; x_wconf 86' lang='lat' dir='ltr'><strong><em>dubitatio,</em></strong></span> <span class='ocrx_word' id='word_1_120' title='bbox 987 1459 1090 1515; x_wconf 68' lang='lat' dir='ltr'><strong><em>tunsio</em></strong></span> 
     </span>
     <span class='ocr_line' id='line_1_16' title="bbox 54 1536 1047 1616; baseline 0 -17"><span class='ocrx_word' id='word_1_121' title='bbox 54 1539 238 1611; x_wconf 80' lang='lat' dir='ltr'><strong><em>distributio,</em></strong></span> <span class='ocrx_word' id='word_1_122' title='bbox 255 1545 317 1597; x_wconf 88' lang='lat' dir='ltr'><strong><em>tum</em></strong></span> <span class='ocrx_word' id='word_1_123' title='bbox 334 1538 499 1612; x_wconf 87' lang='lat' dir='ltr'><strong><em>correctio,</em></strong></span> <span class='ocrx_word' id='word_1_124' title='bbox 519 1536 652 1599; x_wconf 90' lang='lat' dir='ltr'><strong><em>velante</em></strong></span> <span class='ocrx_word' id='word_1_125' title='bbox 670 1539 720 1599; x_wconf 89' lang='lat' dir='ltr'><strong><em>vel</em></strong></span> <span class='ocrx_word' id='word_1_126' title='bbox 729 1546 799 1616; x_wconf 89' lang='lat' dir='ltr'><strong><em>post</em></strong></span> <span class='ocrx_word' id='word_1_127' title='bbox 812 1556 904 1616; x_wconf 90' lang='lat' dir='ltr'><strong><em>quom</em></strong></span> <span class='ocrx_word' id='word_1_128' title='bbox 919 1541 1047 1615; x_wconf 82' lang='lat' dir='ltr'><strong><em>disceris,</em></strong></span> 
     </span>
     <span class='ocr_line' id='line_1_17' title="bbox 53 1619 1050 1699; baseline -0.001 -16"><span class='ocrx_word' id='word_1_129' title='bbox 53 1624 105 1684; x_wconf 90' lang='lat' dir='ltr'><strong><em>vel</em></strong></span> <span class='ocrx_word' id='word_1_130' title='bbox 127 1641 195 1682; x_wconf 88' lang='lat' dir='ltr'><strong><em>cum</em></strong></span> <span class='ocrx_word' id='word_1_131' title='bbox 208 1621 326 1697; x_wconf 86' lang='lat' dir='ltr'><strong><em>aliquid</em></strong></span> <span class='ocrx_word' id='word_1_132' title='bbox 346 1635 367 1679; x_wconf 91' lang='lat' dir='ltr'><strong><em>a</em></strong></span> <span class='ocrx_word' id='word_1_133' title='bbox 385 1628 414 1681; x_wconf 92' lang='lat' dir='ltr'><strong><em>te</em></strong></span> <span class='ocrx_word' id='word_1_134' title='bbox 426 1622 494 1699; x_wconf 89' lang='lat' dir='ltr'><strong><em>ipso</em></strong></span> <span class='ocrx_word' id='word_1_135' title='bbox 510 1621 646 1681; x_wconf 85' lang='lat' dir='ltr'><strong><em>reiicias.</em></strong></span> <span class='ocrx_word' id='word_1_136' title='bbox 680 1619 884 1684; x_wconf 89' lang='lat' dir='ltr'><strong><em>Praemunitio</em></strong></span> <span class='ocrx_word' id='word_1_137' title='bbox 899 1624 990 1683; x_wconf 88' lang='lat' dir='ltr'><strong><em>etiam</em></strong></span> <span class='ocrx_word' id='word_1_138' title='bbox 1004 1631 1050 1683; x_wconf 90' lang='lat' dir='ltr'><strong><em>est</em></strong></span> 
     </span>
     <span class='ocr_line' id='line_1_18' title="bbox 54 1705 1048 1782; baseline -0.002 -14"><span class='ocrx_word' id='word_1_139' title='bbox 54 1706 165 1782; x_wconf 86' lang='lat' dir='ltr'><strong><em>adid,</em></strong></span> <span class='ocrx_word' id='word_1_140' title='bbox 187 1706 269 1782; x_wconf 90' lang='lat' dir='ltr'><strong><em>quod</em></strong></span> <span class='ocrx_word' id='word_1_141' title='bbox 283 1705 484 1782; x_wconf 80' lang='lat' dir='ltr'><strong><em>apprediare,</em></strong></span> <span class='ocrx_word' id='word_1_142' title='bbox 505 1711 534 1764; x_wconf 87' lang='lat' dir='ltr'><strong><em>et</em></strong></span> <span class='ocrx_word' id='word_1_143' title='bbox 554 1705 678 1766; x_wconf 87' lang='lat' dir='ltr'><strong><em>reiectio</em></strong></span> <span class='ocrx_word' id='word_1_144' title='bbox 696 1706 730 1765; x_wconf 91' lang='lat' dir='ltr'><strong><em>in</em></strong></span> <span class='ocrx_word' id='word_1_145' title='bbox 749 1706 861 1776; x_wconf 87' lang='lat' dir='ltr'><strong><em>alium,·</em></strong></span> <span class='ocrx_word' id='word_1_146' title='bbox 884 1707 1048 1767; x_wconf 90' lang='lat' dir='ltr'><strong><em>communi-</em></strong></span> 
     </span>
     <span class='ocr_line' id='line_1_19' title="bbox 55 1787 1048 1867; baseline -0.002 -16"><span class='ocrx_word' id='word_1_147' title='bbox 55 1791 154 1865; x_wconf 88' lang='lat' dir='ltr'><strong><em>catio,</em></strong></span> <span class='ocrx_word' id='word_1_148' title='bbox 173 1805 252 1865; x_wconf 89' lang='lat' dir='ltr'><strong><em>quoe</em></strong></span> <span class='ocrx_word' id='word_1_149' title='bbox 268 1795 313 1848; x_wconf 88' lang='lat' dir='ltr'><strong><em>est</em></strong></span> <span class='ocrx_word' id='word_1_150' title='bbox 327 1789 418 1864; x_wconf 83' lang='lat' dir='ltr'><strong><em>quasi</em></strong></span> <span class='ocrx_word' id='word_1_151' title='bbox 434 1806 503 1848; x_wconf 89' lang='lat' dir='ltr'><strong><em>cum</em></strong></span> <span class='ocrx_word' id='word_1_152' title='bbox 522 1787 562 1846; x_wconf 88' lang='lat' dir='ltr'><strong><em>iis</em></strong></span> <span class='ocrx_word' id='word_1_153' title='bbox 575 1789 669 1865; x_wconf 89' lang='lat' dir='ltr'><strong><em>ipsis,</em></strong></span> <span class='ocrx_word' id='word_1_154' title='bbox 690 1788 777 1867; x_wconf 85' lang='lat' dir='ltr'><strong><em>apud</em></strong></span> <span class='ocrx_word' id='word_1_155' title='bbox 791 1804 865 1865; x_wconf 91' lang='lat' dir='ltr'><strong><em>quos</em></strong></span> <span class='ocrx_word' id='word_1_156' title='bbox 881 1790 980 1863; x_wconf 91' lang='lat' dir='ltr'><strong><em>dicas,</em></strong></span> <span class='ocrx_word' id='word_1_157' title='bbox 996 1788 1048 1850; x_wconf 89' lang='lat' dir='ltr'><strong><em>de·</em></strong></span> 
     </span>
     <span class='ocr_line' id='line_1_20' title="bbox 54 1871 1049 1951; baseline -0.002 -16"><span class='ocrx_word' id='word_1_158' title='bbox 54 1874 214 1938; x_wconf 80' lang='lat' dir='ltr'><strong><em>liberatio,-</em></strong></span> <span class='ocrx_word' id='word_1_159' title='bbox 235 1889 352 1931; x_wconf 90' lang='lat' dir='ltr'><strong><em>morum</em></strong></span> <span class='ocrx_word' id='word_1_160' title='bbox 366 1889 406 1932; x_wconf 88' lang='lat' dir='ltr'><strong><em>oc</em></strong></span> <span class='ocrx_word' id='word_1_161' title='bbox 419 1873 501 1931; x_wconf 87' lang='lat' dir='ltr'><strong><em>vitoe</em></strong></span> <span class='ocrx_word' id='word_1_162' title='bbox 513 1871 641 1932; x_wconf 89' lang='lat' dir='ltr'><strong><em>imitatio</em></strong></span> <span class='ocrx_word' id='word_1_163' title='bbox 657 1872 706 1933; x_wconf 86' lang='lat' dir='ltr'><strong><em>vel</em></strong></span> <span class='ocrx_word' id='word_1_164' title='bbox 721 1873 753 1932; x_wconf 92' lang='lat' dir='ltr'><strong><em>in</em></strong></span> <span class='ocrx_word' id='word_1_165' title='bbox 764 1875 907 1951; x_wconf 93' lang='lat' dir='ltr'><strong><em>personis</em></strong></span> <span class='ocrx_word' id='word_1_166' title='bbox 921 1873 970 1933; x_wconf 89' lang='lat' dir='ltr'><strong><em>vel</em></strong></span> <span class='ocrx_word' id='word_1_167' title='bbox 982 1874 1049 1933; x_wconf 87' lang='lat' dir='ltr'><strong><em>sine</em></strong></span> 
     </span>
     <span class='ocr_line' id='line_1_21' title="bbox 52 1953 1048 2035; baseline -0.001 -16"><span class='ocrx_word' id='word_1_168' title='bbox 52 1958 132 2034; x_wconf 88' lang='lat' dir='ltr'><strong><em>illis,</em></strong></span> <span class='ocrx_word' id='word_1_169' title='bbox 152 1974 295 2035; x_wconf 84' lang='lat' dir='ltr'><strong><em>moqnum</em></strong></span> <span class='ocrx_word' id='word_1_170' title='bbox 314 1953 469 2033; x_wconf 84' lang='lat' dir='ltr'><strong><em>quoddam</em></strong></span> <span class='ocrx_word' id='word_1_171' title='bbox 489 1961 699 2017; x_wconf 79' lang='lat' dir='ltr'><strong><em>mnamentum</em></strong></span> <span class='ocrx_word' id='word_1_172' title='bbox 723 1957 870 2018; x_wconf 87' lang='lat' dir='ltr'><strong><em>orationis</em></strong></span> <span class='ocrx_word' id='word_1_173' title='bbox 895 1966 923 2017; x_wconf 91' lang='lat' dir='ltr'><strong><em>et</em></strong></span> <span class='ocrx_word' id='word_1_174' title='bbox 942 1963 1048 2034; x_wconf 89' lang='lat' dir='ltr'><strong><em>aptum</em></strong></span> 
     </span>
     <span class='ocr_line' id='line_1_22' title="bbox 54 2040 1048 2118; baseline -0.003 -15"><span class='ocrx_word' id='word_1_175' title='bbox 54 2043 101 2103; x_wconf 88' lang='lat' dir='ltr'><strong><em>ad</em></strong></span> <span class='ocrx_word' id='word_1_176' title='bbox 120 2042 238 2101; x_wconf 84' lang='lat' dir='ltr'><strong><em>animos</em></strong></span> <span class='ocrx_word' id='word_1_177' title='bbox 259 2040 468 2100; x_wconf 69' lang='lat' dir='ltr'><strong><em>conaliaudos</em></strong></span> <span class='ocrx_word' id='word_1_178' title='bbox 493 2040 543 2100; x_wconf 90' lang='lat' dir='ltr'><strong><em>vel</em></strong></span> <span class='ocrx_word' id='word_1_179' title='bbox 563 2040 695 2100; x_wconf 78' lang='lat' dir='ltr'><strong><em>manime</em></strong></span> <span class='ocrx_word' id='word_1_180' title='bbox 716 2057 811 2118; x_wconf 91' lang='lat' dir='ltr'><strong><em>saepe</em></strong></span> <span class='ocrx_word' id='word_1_181' title='bbox 832 2049 933 2102; x_wconf 88' lang='lat' dir='ltr'><strong><em>autem</em></strong></span> <span class='ocrx_word' id='word_1_182' title='bbox 956 2041 1048 2101; x_wconf 88' lang='lat' dir='ltr'><strong><em>eliam</em></strong></span> 
     </span>
     <span class='ocr_line' id='line_1_23' title="bbox 54 2123 1089 2205; baseline -0.001 -18"><span class='ocrx_word' id='word_1_183' title='bbox 54 2126 100 2188; x_wconf 88' lang='lat' dir='ltr'><strong><em>od</em></strong></span> <span class='ocrx_word' id='word_1_184' title='bbox 115 2123 362 2191; x_wconf 62' lang='lat' dir='ltr'><strong><em>commovendos·</em></strong></span> <span class='ocrx_word' id='word_1_185' title='bbox 380 2141 583 2201; x_wconf 89' lang='lat' dir='ltr'><strong><em>personarum</em></strong></span> <span class='ocrx_word' id='word_1_186' title='bbox 600 2123 675 2201; x_wconf 75' lang='lat' dir='ltr'><strong><em>ficto</em></strong></span> <span class='ocrx_word' id='word_1_187' title='bbox 690 2123 826 2205; x_wconf 85' lang='lat' dir='ltr'><strong><em>inductio</em></strong></span> <span class='ocrx_word' id='word_1_188' title='bbox 841 2124 890 2187; x_wconf 88' lang='lat' dir='ltr'><strong><em>vel</em></strong></span> <span class='ocrx_word' id='word_1_189' title='bbox 901 2125 1049 2202; x_wconf 83' lang='lat' dir='ltr'><strong><em>provissi-</em></strong></span> <span class='ocrx_word' id='word_1_190' title='bbox 1055 2132 1089 2186; x_wconf 83' lang='lat'><strong><em>31</em></strong></span> 
     </span>
     <span class='ocr_line' id='line_1_24' title="bbox 53 2205 1047 2285; baseline -0.003 -14"><span class='ocrx_word' id='word_1_191' title='bbox 53 2226 136 2271; x_wconf 84' lang='lat' dir='ltr'><strong><em>mum</em></strong></span> <span class='ocrx_word' id='word_1_192' title='bbox 151 2209 251 2269; x_wconf 90' lang='lat' dir='ltr'><strong><em>lumen</em></strong></span> <span class='ocrx_word' id='word_1_193' title='bbox 265 2205 400 2285; x_wconf 81' lang='lat' dir='ltr'><strong><em>ouqendi</em></strong></span> <span class='ocrx_word' id='word_1_194' title='bbox 406 2229 421 2275; x_wconf 80' lang='lat'><strong><em>,-</em></strong></span> <span class='ocrx_word' id='word_1_195' title='bbox 442 2207 620 2284; x_wconf 85' lang='lat' dir='ltr'><strong><em>descriptio,</em></strong></span> <span class='ocrx_word' id='word_1_196' title='bbox 641 2209 758 2269; x_wconf 88' lang='lat' dir='ltr'><strong><em>erroris</em></strong></span> <span class='ocrx_word' id='word_1_197' title='bbox 778 2209 929 2284; x_wconf 89' lang='lat' dir='ltr'><strong><em>inductio,</em></strong></span> <span class='ocrx_word' id='word_1_198' title='bbox 944 2210 988 2270; x_wconf 85' lang='lat' dir='ltr'><strong><em>ad</em></strong></span> <span class='ocrx_word' id='word_1_199' title='bbox 1001 2208 1047 2268; x_wconf 76' lang='lat' dir='ltr'><strong><em>lsi-</em></strong></span> 
     </span>
     <span class='ocr_line' id='line_1_25' title="bbox 53 2291 1046 2371; baseline 0 -17"><span class='ocrx_word' id='word_1_200' title='bbox 53 2293 210 2355; x_wconf 81' lang='lat' dir='ltr'><strong><em>lan&#39;totem</em></strong></span> <span class='ocrx_word' id='word_1_201' title='bbox 223 2291 373 2368; x_wconf 84' lang='lat' dir='ltr'><strong><em>impulsio,</em></strong></span> <span class='ocrx_word' id='word_1_202' title='bbox 389 2292 639 2369; x_wconf 76' lang='lat' dir='ltr'><strong><em>anteoccnpatios</em></strong></span> <span class='ocrx_word' id='word_1_203' title='bbox 655 2298 717 2352; x_wconf 91' lang='lat' dir='ltr'><strong><em>tum</em></strong></span> <span class='ocrx_word' id='word_1_204' title='bbox 732 2292 793 2352; x_wconf 91' lang='lat' dir='ltr'><strong><em>duo</em></strong></span> <span class='ocrx_word' id='word_1_205' title='bbox 807 2293 873 2368; x_wconf 89' lang='lat' dir='ltr'><strong><em>illo,</em></strong></span> <span class='ocrx_word' id='word_1_206' title='bbox 888 2307 1046 2371; x_wconf 85' lang='lat' dir='ltr'><strong><em>quaema-</em></strong></span> 
     </span>
     <span class='ocr_line' id='line_1_26' title="bbox 53 2373 1047 2455; baseline -0.003 -16"><span class='ocrx_word' id='word_1_207' title='bbox 53 2380 136 2439; x_wconf 82' lang='lat' dir='ltr'><strong><em>nime</em></strong></span> <span class='ocrx_word' id='word_1_208' title='bbox 146 2383 273 2449; x_wconf 87' lang='lat' dir='ltr'><strong><em>movent,</em></strong></span> <span class='ocrx_word' id='word_1_209' title='bbox 284 2373 447 2435; x_wconf 90' lang='lat' dir='ltr'><strong><em>similitudo</em></strong></span> <span class='ocrx_word' id='word_1_210' title='bbox 454 2379 484 2435; x_wconf 92' lang='lat' dir='ltr'><strong><em>et</em></strong></span> <span class='ocrx_word' id='word_1_211' title='bbox 493 2375 680 2454; x_wconf 69' lang='lat' dir='ltr'><strong><em>exemplum·</em></strong></span> <span class='ocrx_word' id='word_1_212' title='bbox 691 2375 828 2454; x_wconf 83' lang='lat' dir='ltr'><strong><em>dipestio,</em></strong></span> <span class='ocrx_word' id='word_1_213' title='bbox 835 2377 1047 2455; x_wconf 88' lang='lat' dir='ltr'><strong><em>interpellatio,</em></strong></span> 
     </span>
     <span class='ocr_line' id='line_1_27' title="bbox 55 2458 1091 2537; baseline -0.002 -13"><span class='ocrx_word' id='word_1_214' title='bbox 55 2460 220 2532; x_wconf 88' lang='lat' dir='ltr'><strong><em>contentio,</em></strong></span> <span class='ocrx_word' id='word_1_215' title='bbox 234 2459 409 2536; x_wconf 87' lang='lat' dir='ltr'><strong><em>reticentia,</em></strong></span> <span class='ocrx_word' id='word_1_216' title='bbox 425 2459 652 2520; x_wconf 88' lang='lat' dir='ltr'><strong><em>commendatio.</em></strong></span> <span class='ocrx_word' id='word_1_217' title='bbox 693 2458 760 2520; x_wconf 81' lang='lat' dir='ltr'><strong><em>Voa</em></strong></span> <span class='ocrx_word' id='word_1_218' title='bbox 780 2460 933 2537; x_wconf 87' lang='lat' dir='ltr'><strong><em>quaedam</em></strong></span> <span class='ocrx_word' id='word_1_219' title='bbox 953 2461 1091 2523; x_wconf 60' lang='lat' dir='ltr'><strong><em>liberati</em></strong></span> 
     </span>
     <span class='ocr_line' id='line_1_28' title="bbox 55 2539 1049 2622; baseline -0.002 -16"><span class='ocrx_word' id='word_1_220' title='bbox 55 2555 148 2622; x_wconf 84' lang='lat' dir='ltr'><strong><em>atque</em></strong></span> <span class='ocrx_word' id='word_1_221' title='bbox 163 2544 252 2604; x_wconf 88' lang='lat' dir='ltr'><strong><em>eliam</em></strong></span> <span class='ocrx_word' id='word_1_222' title='bbox 268 2539 442 2622; x_wconf 78' lang='lat' dir='ltr'><strong><em>effrenatior</em></strong></span> <span class='ocrx_word' id='word_1_223' title='bbox 456 2544 590 2620; x_wconf 82' lang='lat' dir='ltr'><strong><em>auqendi</em></strong></span> <span class='ocrx_word' id='word_1_224' title='bbox 613 2560 730 2612; x_wconf 88' lang='lat' dir='ltr'><strong><em>causa,·</em></strong></span> <span class='ocrx_word' id='word_1_225' title='bbox 748 2543 931 2620; x_wconf 77' lang='lat' dir='ltr'><strong><em>iracundia,</em></strong></span> <span class='ocrx_word' id='word_1_226' title='bbox 947 2544 1049 2607; x_wconf 83' lang='lat' dir='ltr'><strong><em>obiur-</em></strong></span> 
     </span>
     <span class='ocr_line' id='line_1_29' title="bbox 55 2625 1051 2707; baseline -0.001 -18"><span class='ocrx_word' id='word_1_227' title='bbox 55 2626 342 2707; x_wconf 66' lang='lat' dir='ltr'><strong><em>compromissio,</em></strong></span> <span class='ocrx_word' id='word_1_228' title='bbox 359 2625 553 2705; x_wconf 81' lang='lat' dir='ltr'><strong><em>deprecatio,</em></strong></span> <span class='ocrx_word' id='word_1_229' title='bbox 568 2626 751 2704; x_wconf 83' lang='lat' dir='ltr'><strong><em>obsecratio,</em></strong></span> <span class='ocrx_word' id='word_1_230' title='bbox 768 2629 933 2690; x_wconf 87' lang='lat' dir='ltr'><strong><em>declinatio</em></strong></span> <span class='ocrx_word' id='word_1_231' title='bbox 949 2627 1051 2689; x_wconf 80' lang='lat' dir='ltr'><strong><em>brevis</em></strong></span> 
     </span>
     <span class='ocr_line' id='line_1_30' title="bbox 57 2710 1050 2791; baseline 0 -20"><span class='ocrx_word' id='word_1_232' title='bbox 57 2730 79 2771; x_wconf 89' lang='lat' dir='ltr'><strong><em>a</em></strong></span> <span class='ocrx_word' id='word_1_233' title='bbox 90 2712 261 2790; x_wconf 91' lang='lat' dir='ltr'><strong><em>proposito,</em></strong></span> <span class='ocrx_word' id='word_1_234' title='bbox 281 2728 343 2771; x_wconf 89' lang='lat' dir='ltr'><strong><em>oon</em></strong></span> <span class='ocrx_word' id='word_1_235' title='bbox 362 2718 395 2771; x_wconf 90' lang='lat' dir='ltr'><strong><em>ut</em></strong></span> <span class='ocrx_word' id='word_1_236' title='bbox 408 2711 549 2788; x_wconf 89' lang='lat' dir='ltr'><strong><em>superior</em></strong></span> <span class='ocrx_word' id='word_1_237' title='bbox 562 2710 617 2772; x_wconf 85' lang='lat' dir='ltr'><strong><em>illu</em></strong></span> <span class='ocrx_word' id='word_1_238' title='bbox 632 2711 793 2789; x_wconf 80' lang='lat' dir='ltr'><strong><em>diqressio,</em></strong></span> <span class='ocrx_word' id='word_1_239' title='bbox 806 2713 960 2791; x_wconf 88' lang='lat' dir='ltr'><strong><em>purpatic,</em></strong></span> <span class='ocrx_word' id='word_1_240' title='bbox 978 2730 1050 2773; x_wconf 91' lang='lat' dir='ltr'><strong><em>con·</em></strong></span> 
     </span>
     <span class='ocr_line' id='line_1_31' title="bbox 56 2792 1092 2874; baseline 0.003 -19"><span class='ocrx_word' id='word_1_241' title='bbox 56 2796 181 2870; x_wconf 69' lang='lat' dir='ltr'><strong><em>ailialia</em></strong></span> <span class='ocrx_word' id='word_1_242' title='bbox 196 2795 301 2870; x_wconf 88' lang='lat' dir='ltr'><strong><em>laesio,</em></strong></span> <span class='ocrx_word' id='word_1_243' title='bbox 317 2795 430 2873; x_wconf 83' lang='lat' dir='ltr'><strong><em>optatio</em></strong></span> <span class='ocrx_word' id='word_1_244' title='bbox 445 2802 537 2871; x_wconf 90' lang='lat' dir='ltr'><strong><em>alque</em></strong></span> <span class='ocrx_word' id='word_1_245' title='bbox 551 2796 717 2856; x_wconf 75' lang='lat' dir='ltr'><strong><em>execratio.</em></strong></span> <span class='ocrx_word' id='word_1_246' title='bbox 746 2792 803 2856; x_wconf 84' lang='lat' dir='ltr'><strong><em>His</em></strong></span> <span class='ocrx_word' id='word_1_247' title='bbox 810 2796 879 2874; x_wconf 86' lang='lat' dir='ltr'><strong><em>fere</em></strong></span> <span class='ocrx_word' id='word_1_248' title='bbox 889 2794 1092 2858; x_wconf 56' lang='lat' dir='ltr'><strong><em>luminibus&amp;</em></strong></span> 
     </span>
     <span class='ocr_line' id='line_1_32' title="bbox 54 2876 1051 2955; baseline -0.003 -14"><span class='ocrx_word' id='word_1_249' title='bbox 54 2879 211 2941; x_wconf 86' lang='lat' dir='ltr'><strong><em>illustrant</em></strong></span> <span class='ocrx_word' id='word_1_250' title='bbox 236 2879 401 2940; x_wconf 88' lang='lat' dir='ltr'><strong><em>orationem</em></strong></span> <span class='ocrx_word' id='word_1_251' title='bbox 424 2880 600 2942; x_wconf 87' lang='lat' dir='ltr'><strong><em>sententiae.</em></strong></span> <span class='ocrx_word' id='word_1_252' title='bbox 648 2876 802 2939; x_wconf 88' lang='lat' dir='ltr'><strong><em>Orationis</em></strong></span> <span class='ocrx_word' id='word_1_253' title='bbox 827 2887 927 2939; x_wconf 91' lang='lat' dir='ltr'><strong><em>autem</em></strong></span> <span class='ocrx_word' id='word_1_254' title='bbox 953 2878 1051 2955; x_wconf 83' lang='lat' dir='ltr'><strong><em>ipsius</em></strong></span> 
     </span>
     <span class='ocr_line' id='line_1_33' title="bbox 55 2962 1051 3041; baseline -0.002 -17"><span class='ocrx_word' id='word_1_255' title='bbox 55 2971 203 3041; x_wconf 86' lang='lat' dir='ltr'><strong><em>tanquam</em></strong></span> <span class='ocrx_word' id='word_1_256' title='bbox 224 2980 381 3024; x_wconf 84' lang='lat' dir='ltr'><strong><em>armorum</em></strong></span> <span class='ocrx_word' id='word_1_257' title='bbox 399 2967 444 3022; x_wconf 89' lang='lat' dir='ltr'><strong><em>est</em></strong></span> <span class='ocrx_word' id='word_1_258' title='bbox 462 2964 511 3023; x_wconf 86' lang='lat' dir='ltr'><strong><em>vel</em></strong></span> <span class='ocrx_word' id='word_1_259' title='bbox 531 2963 575 3022; x_wconf 91' lang='lat' dir='ltr'><strong><em>od</em></strong></span> <span class='ocrx_word' id='word_1_260' title='bbox 594 2980 683 3023; x_wconf 89' lang='lat' dir='ltr'><strong><em>usuro</em></strong></span> <span class='ocrx_word' id='word_1_261' title='bbox 703 2963 893 3024; x_wconf 87' lang='lat' dir='ltr'><strong><em>comminatio</em></strong></span> <span class='ocrx_word' id='word_1_262' title='bbox 913 2968 943 3020; x_wconf 92' lang='lat' dir='ltr'><strong><em>et</em></strong></span> <span class='ocrx_word' id='word_1_263' title='bbox 961 2962 1051 3037; x_wconf 90' lang='lat' dir='ltr'><strong><em>quasi</em></strong></span> 
     </span>
     <span class='ocr_line' id='line_1_34' title="bbox 52 3042 1051 3127; baseline -0.002 -19"><span class='ocrx_word' id='word_1_264' title='bbox 52 3048 161 3127; x_wconf 87' lang='lat' dir='ltr'><strong><em>petilio</em></strong></span> <span class='ocrx_word' id='word_1_265' title='bbox 176 3046 225 3108; x_wconf 89' lang='lat' dir='ltr'><strong><em>vel</em></strong></span> <span class='ocrx_word' id='word_1_266' title='bbox 238 3048 282 3107; x_wconf 84' lang='lat' dir='ltr'><strong><em>orl</em></strong></span> <span class='ocrx_word' id='word_1_267' title='bbox 291 3046 478 3107; x_wconf 72' lang='lat' dir='ltr'><strong><em>venustatem</em></strong></span> <span class='ocrx_word' id='word_1_268' title='bbox 491 3047 562 3123; x_wconf 88' lang='lat' dir='ltr'><strong><em>ipsa</em></strong></span> <span class='ocrx_word' id='word_1_269' title='bbox 576 3046 729 3109; x_wconf 88' lang='lat' dir='ltr'><strong><em>tractatio.</em></strong></span> <span class='ocrx_word' id='word_1_270' title='bbox 754 3042 834 3106; x_wconf 89' lang='lat' dir='ltr'><strong><em>Nam</em></strong></span> <span class='ocrx_word' id='word_1_271' title='bbox 849 3052 877 3106; x_wconf 90' lang='lat' dir='ltr'><strong><em>et</em></strong></span> <span class='ocrx_word' id='word_1_272' title='bbox 889 3046 1051 3122; x_wconf 82' lang='lat' dir='ltr'><strong><em>qeminutio</em></strong></span> 
     </span>
     <span class='ocr_line' id='line_1_35' title="bbox 54 3128 1051 3208; baseline -0.003 -15"><span class='ocrx_word' id='word_1_273' title='bbox 54 3132 217 3193; x_wconf 77' lang='lat' dir='ltr'><strong><em>verborum</em></strong></span> <span class='ocrx_word' id='word_1_274' title='bbox 232 3130 322 3191; x_wconf 84' lang='lat' dir='ltr'><strong><em>lubet</em></strong></span> <span class='ocrx_word' id='word_1_275' title='bbox 334 3128 487 3190; x_wconf 88' lang='lat' dir='ltr'><strong><em>interdum</em></strong></span> <span class='ocrx_word' id='word_1_276' title='bbox 500 3131 576 3206; x_wconf 86' lang='lat' dir='ltr'><strong><em>vim,</em></strong></span> <span class='ocrx_word' id='word_1_277' title='bbox 592 3132 726 3208; x_wconf 90' lang='lat' dir='ltr'><strong><em>leporem</em></strong></span> <span class='ocrx_word' id='word_1_278' title='bbox 740 3130 835 3203; x_wconf 87' lang='lat' dir='ltr'><strong><em>ollas,</em></strong></span> <span class='ocrx_word' id='word_1_279' title='bbox 853 3137 882 3189; x_wconf 88' lang='lat' dir='ltr'><strong><em>et</em></strong></span> <span class='ocrx_word' id='word_1_280' title='bbox 894 3129 1051 3205; x_wconf 87' lang='lat' dir='ltr'><strong><em>paululum</em></strong></span> 
     </span>
     <span class='ocr_line' id='line_1_36' title="bbox 55 3211 1051 3291; baseline -0.003 -14"><span class='ocrx_word' id='word_1_281' title='bbox 55 3217 245 3277; x_wconf 88' lang='lat' dir='ltr'><strong><em>immutatum</em></strong></span> <span class='ocrx_word' id='word_1_282' title='bbox 257 3215 383 3276; x_wconf 85' lang='lat' dir='ltr'><strong><em>verbum</em></strong></span> <span class='ocrx_word' id='word_1_283' title='bbox 397 3222 490 3290; x_wconf 89' lang='lat' dir='ltr'><strong><em>atque</em></strong></span> <span class='ocrx_word' id='word_1_284' title='bbox 506 3211 675 3291; x_wconf 69' lang='lat' dir='ltr'><strong><em>deplevum,</em></strong></span> <span class='ocrx_word' id='word_1_285' title='bbox 691 3220 720 3273; x_wconf 87' lang='lat' dir='ltr'><strong><em>et</em></strong></span> <span class='ocrx_word' id='word_1_286' title='bbox 735 3213 870 3274; x_wconf 90' lang='lat' dir='ltr'><strong><em>eiusdem</em></strong></span> <span class='ocrx_word' id='word_1_287' title='bbox 883 3213 970 3273; x_wconf 87' lang='lat' dir='ltr'><strong><em>verbi</em></strong></span> <span class='ocrx_word' id='word_1_288' title='bbox 985 3231 1051 3274; x_wconf 90' lang='lat' dir='ltr'><strong><em>cre·</em></strong></span> 
     </span>
     <span class='ocr_line' id='line_1_37' title="bbox 56 3298 1050 3377; baseline -0.004 -16"><span class='ocrx_word' id='word_1_289' title='bbox 56 3299 118 3361; x_wconf 81' lang='lat' dir='ltr'><strong><em>bra</em></strong></span> <span class='ocrx_word' id='word_1_290' title='bbox 133 3307 196 3359; x_wconf 90' lang='lat' dir='ltr'><strong><em>tum</em></strong></span> <span class='ocrx_word' id='word_1_291' title='bbox 210 3315 230 3359; x_wconf 91' lang='lat' dir='ltr'><strong><em>a</em></strong></span> <span class='ocrx_word' id='word_1_292' title='bbox 243 3300 343 3377; x_wconf 88' lang='lat' dir='ltr'><strong><em>primo</em></strong></span> <span class='ocrx_word' id='word_1_293' title='bbox 358 3299 496 3376; x_wconf 86' lang='lat' dir='ltr'><strong><em>repetitio</em></strong></span> <span class='ocrx_word' id='word_1_294' title='bbox 517 3299 624 3359; x_wconf 87' lang='lat' dir='ltr'><strong><em>lumin</em></strong></span> <span class='ocrx_word' id='word_1_295' title='bbox 641 3303 807 3356; x_wconf 81' lang='lat' dir='ltr'><strong><em>eatremum</em></strong></span> <span class='ocrx_word' id='word_1_296' title='bbox 827 3298 1001 3373; x_wconf 87' lang='lat' dir='ltr'><strong><em>conversio,</em></strong></span> <span class='ocrx_word' id='word_1_297' title='bbox 1020 3304 1050 3359; x_wconf 85' lang='lat' dir='ltr'><strong><em>et</em></strong></span> 
     </span>
     <span class='ocr_line' id='line_1_38' title="bbox 55 3379 1049 3459; baseline -0.004 -14"><span class='ocrx_word' id='word_1_298' title='bbox 55 3384 90 3445; x_wconf 88' lang='lat' dir='ltr'><strong><em>io</em></strong></span> <span class='ocrx_word' id='word_1_299' title='bbox 105 3382 215 3443; x_wconf 88' lang='lat' dir='ltr'><strong><em>eodem</em></strong></span> <span class='ocrx_word' id='word_1_300' title='bbox 228 3383 324 3444; x_wconf 86' lang='lat' dir='ltr'><strong><em>verbo</em></strong></span> <span class='ocrx_word' id='word_1_301' title='bbox 337 3383 467 3459; x_wconf 87' lang='lat' dir='ltr'><strong><em>impetus</em></strong></span> <span class='ocrx_word' id='word_1_302' title='bbox 487 3388 516 3442; x_wconf 91' lang='lat' dir='ltr'><strong><em>et</em></strong></span> <span class='ocrx_word' id='word_1_303' title='bbox 537 3380 694 3441; x_wconf 86' lang='lat' dir='ltr'><strong><em>concursio</em></strong></span> <span class='ocrx_word' id='word_1_304' title='bbox 711 3386 740 3439; x_wconf 92' lang='lat' dir='ltr'><strong><em>et</em></strong></span> <span class='ocrx_word' id='word_1_305' title='bbox 758 3379 915 3442; x_wconf 86' lang='lat' dir='ltr'><strong><em>adiunctio</em></strong></span> <span class='ocrx_word' id='word_1_306' title='bbox 936 3390 965 3441; x_wconf 90' lang='lat' dir='ltr'><strong><em>et</em></strong></span> <span class='ocrx_word' id='word_1_307' title='bbox 976 3397 1049 3459; x_wconf 91' lang='lat' dir='ltr'><strong><em>pro-</em></strong></span> 
     </span>
     <span class='ocr_line' id='line_1_39' title="bbox 54 3463 1050 3549; baseline -0.001 -21"><span class='ocrx_word' id='word_1_308' title='bbox 54 3468 185 3549; x_wconf 74' lang='lat' dir='ltr'><strong><em>pressio,</em></strong></span> <span class='ocrx_word' id='word_1_309' title='bbox 198 3464 371 3529; x_wconf 84' lang='lat' dir='ltr'><strong><em>eteiusdem</em></strong></span> <span class='ocrx_word' id='word_1_310' title='bbox 380 3464 467 3527; x_wconf 86' lang='lat' dir='ltr'><strong><em>verbi</em></strong></span> <span class='ocrx_word' id='word_1_311' title='bbox 476 3465 617 3526; x_wconf 80' lang='lat' dir='ltr'><strong><em>crebrius</em></strong></span> <span class='ocrx_word' id='word_1_312' title='bbox 626 3463 719 3544; x_wconf 85' lang='lat' dir='ltr'><strong><em>positi</em></strong></span> <span class='ocrx_word' id='word_1_313' title='bbox 735 3465 888 3542; x_wconf 88' lang='lat' dir='ltr'><strong><em>quaedam</em></strong></span> <span class='ocrx_word' id='word_1_314' title='bbox 898 3464 1050 3527; x_wconf 87' lang='lat' dir='ltr'><strong><em>distinctio</em></strong></span> 
     </span>
    </p>
   </div>
   <div class='ocr_carea' id='block_1_4' title="bbox 0 0 1227 3925">
    <p class='ocr_par' dir='ltr' id='par_1_4' title="bbox 0 0 1227 3925">
     <span class='ocr_line' id='line_1_40' title="bbox 0 0 1227 3925; baseline 0 0"><span class='ocrx_word' id='word_1_315' title='bbox 0 0 1227 3925; x_wconf 95' lang='lat' dir='ltr'><strong><em> </em></strong></span> 
     </span>
    </p>
   </div>
  </div>
 </body>
</html>
