2434 3925
366 172 455 220 rrrsr.
469 172 619 220 oanrorr
631 171 837 240 cra.1x,4
940 224 942 231 .
1028 162 1086 224 129

78 345 249 427 quanquam
270 335 300 386 et
321 327 340 385 ii
354 328 409 405 ipsi
429 327 504 386 inter
524 344 557 386 se
572 326 727 387 dissimiles
743 327 866 387 iuemnt.
905 326 977 389 Nam
990 347 1087 408 neque

75 408 189 473 illud
181 431 208 470 un
223 410 308 487 Lysia
323 410 435 470 dicendi
456 420 565 470 textum
585 421 673 471 tenue
694 420 780 488 atque
802 430 897 471 rasum
918 414 1086 474 laetioribus

78 497 213 556 numeris
230 493 468 594 corrumpendum
484 504 559 563 erat;
576 495 751 573 perdidisset
766 496 840 555 enim
856 498 994 573 gratiam,
1012 517 1087 577 quae

77 584 111 641 in
128 597 166 639 eo
189 581 310 638 maxima
331 587 392 655 est,
416 578 556 658 simplicis
578 588 665 657 atque
685 580 841 639 inalleotati
866 581 989 679 coloris,
1018 600 1086 659 per·

78 664 207 725 didisset
222 662 307 722 iidem
325 679 451 742 qnoque.
492 661 564 721 Nam
584 653 732 722 scribebat
751 662 831 739 aliis,
853 680 910 723 non
929 667 992 742 ipse
1008 664 1086 725 dice·

78 748 149 822 bat,
168 755 199 807 ut
219 747 381 824 oportuerit
399 764 466 807 esse
487 746 537 806 illa
557 747 674 807 rudibus
695 756 723 806 et
748 748 946 826 incompositis
968 749 1085 820 similia;

80 831 188 910 qnod
179 849 272 910 rpsum
289 831 461 909 compositio
480 839 534 889 est.
579 829 617 890 Et
631 830 787 907 historiae,
810 850 884 909 quae
904 833 1129 898 eormredo-18

79 915 135 976 bet
157 933 192 975 ac
205 915 293 990 ferri,
312 915 403 973 minus
420 914 624 973 convenissent
639 916 804 975 insistentes
825 915 973 976 clausulae
993 925 1023 974 et
1037 917 1086 976 de-

79 999 144 1060 bita
162 998 321 1058 actionibus
337 999 491 1076 respiratio
507 1006 536 1057 et
551 998 684 1058 cludendi
699 998 908 1077 inchoandique
929 1001 1086 1061 sententias

81 1085 171 1143 ratio.
215 1082 247 1143 ln
265 1081 446 1141 contionibus
463 1083 576 1161 quidem
597 1085 683 1142 etiam
703 1083 834 1143 similiter
850 1084 982 1144 cadentia
998 1102 1086 1162 qnae·

81 1167 149 1227 dam
171 1175 201 1226 et
220 1168 416 1245 contraposita
443 1167 656 1245 deprehendas.
700 1166 732 1226 In
753 1165 903 1227 Herodoto
928 1183 1000 1227 vero
1023 1186 1087 1228 oum

82 1252 180 1310 omnia
196 1251 242 1328 (ut
257 1267 314 1327 ego
328 1251 442 1328 quidem
457 1253 567 1330 sentio)
584 1252 688 1310 leniter
702 1250 807 1327 hunul,
831 1260 889 1313 tum
910 1254 973 1331 ipsa
991 1246 1086 1312 διάλε-

80 1357 154 1407 κτος
183 1333 271 1394 habet
294 1353 357 1393 eam
388 1335 606 1411 iucunditatem,
642 1340 673 1394 ut
698 1335 820 1395 latentes
845 1337 929 1396 etiam
952 1353 1086 1396 numeros

83 1418 239 1498 complexa
264 1419 404 1478 videatur.
449 1419 507 1479 Sed
531 1420 567 1478 de
595 1421 812 1499 propositorum
832 1420 1000 1485 diversitate
1020 1426 1129 1498 postl9

82 1503 210 1582 paulum.
247 1501 346 1578 Nunc,
364 1520 437 1580 quae
453 1505 532 1582 prius
548 1505 600 1579 iis,
621 1506 669 1583 qui
684 1512 766 1563 recte
783 1520 960 1583 componere
975 1505 1085 1576 volent,

82 1587 222 1649 discenda
238 1587 303 1646 sint.

170 1670 223 1731 Est
240 1672 327 1747 igitur
346 1679 411 1731 ante
432 1670 526 1731 omnia
543 1672 637 1730 oratio
653 1672 709 1731 alia
729 1672 824 1731 vincta
841 1681 928 1751 atque
951 1682 1086 1732 contenta

82 1754 181 1815 soluta
201 1755 272 1831 alia,
295 1755 388 1833 qualis
410 1757 438 1814 in
453 1772 588 1814 sermone
606 1763 636 1814 et
652 1755 801 1833 epistolis;
825 1757 879 1814 uisi
898 1775 961 1815 cum
978 1756 1086 1835 aliquid

82 1856 173 1918 supra
197 1848 326 1898 naturam
340 1857 421 1899 suam
435 1847 574 1915 tractant,
595 1847 627 1917 at
647 1838 683 1898 de
700 1838 902 1918 philosophia,
925 1839 962 1920 de
983 1858 1016 1899 re
1033 1858 1085 1919 pu·

82 1923 180 2000 blica,
201 1923 350 1984 similibus.
391 1923 475 1998 Quod
489 1940 546 1984 non
563 1939 600 1984 eo
616 1921 700 2000 dico,
725 1925 791 2001 quia
809 1940 866 1983 non
880 1922 950 1983 illud
968 1931 1129 2004 quoqneto

82 2007 211 2069 solutum
235 2008 339 2068 habeat
361 2025 430 2067 snos
452 2008 591 2086 quosdam
613 2016 643 2067 et
663 2008 784 2068 forsitan
798 2008 978 2068 dildoiliores
1000 2011 1086 2067 etiam

8 2163 9 2168 η
83 2092 192 2172 pedes;
213 2095 402 2172 nequeenim
425 2102 474 2152 aut
496 2093 575 2153 hiare
594 2109 710 2169 semper
730 2091 881 2152 vocalibus
902 2101 950 2151 aut
969 2091 1087 2151 destitui

84 2175 266 2254 temporibus
281 2178 381 2237 volout
402 2194 498 2237 sermo
515 2186 601 2255 atque
618 2176 760 2255 epistola;
783 2178 909 2239 sednon
927 2176 1017 2236 lluunt
1030 2193 1087 2235 nec

85 2259 243 2321 cohaerent
262 2280 317 2321 nec
333 2259 424 2321 verba
437 2260 536 2320 verbis
557 2260 686 2336 trahunt,
705 2268 736 2319 ut
753 2261 851 2339 potius
866 2260 979 2320 laxiora
993 2262 1022 2319 iu
1041 2259 1086 2319 his

84 2344 200 2404 vincula
217 2362 299 2422 quam
318 2345 396 2404 nalla
412 2347 478 2404 sint.
522 2344 731 2423 Nonnunquam
750 2346 778 2404 iu
794 2346 889 2404 causis
905 2361 1022 2423 quoque
1037 2344 1127 2410 mim

83 2427 203 2489 nuribus
224 2431 309 2490 decet
333 2429 434 2489 eadem
459 2429 644 2508 simplicitas,
672 2446 746 2506 quae
767 2428 929 2490 nonnullis
950 2428 1002 2488 sed
1023 2427 1086 2487 aliis

85 2515 173 2572 utitur
196 2516 337 2590 numeris,
362 2512 578 2592 dissimulatque
602 2530 656 2573 eos
676 2521 706 2573 et
733 2522 840 2575 tantum
860 2513 1013 2573 communit
1037 2528 1086 2572 oc·

86 2596 199 2657 cultius.

170 2681 208 2741 At
221 2681 272 2742 illa
285 2698 416 2741 connexa
431 2684 526 2742 series
538 2690 599 2742 tres
615 2680 703 2742 habet
716 2682 837 2742 iormas:
856 2680 994 2755 Incisa,
1011 2690 1129 2757 quaem

87 2759 219 2852 κόμματα
233 2766 379 2842 dicuntur,
403 2765 576 2841 llembra,
593 2783 669 2843 quae
686 2770 780 2842 κῶλα,
794 2764 987 2843 περίοδον,
1010 2779 1085 2839 quae

88 2857 133 2908 est
150 2842 199 2910 v'el
220 2848 343 2910 ambitus
362 2851 411 2911 ((1
430 2850 654 2910 circumductum
678 2851 727 2911 ((1
751 2845 926 2910 continuatio
948 2845 996 2905 ((1
1017 2862 1085 2905 cou-

8 2928 9 2944 ³
88 2932 188 2993 clusio.
226 2934 258 2995 ln
274 2937 349 2994 omni
366 2951 455 3013 porro
472 2935 684 3011 compositione
699 2936 753 2994 tria
771 2941 836 2993 sunt
856 2948 966 3008 genera
982 2948 1085 2991 neces·

8 3087 9 3092 η
89 3018 176 3075 saria:
201 3018 289 3094 ordo,
306 3021 452 3094 iunctura,
468 3035 614 3078 numerus.

8 3099 9 3110 ’
169 3100 290 3161 Primum
304 3104 399 3180 igitur
420 3103 456 3162 de
480 3102 622 3170 ordine.
667 3100 737 3160 llius
757 3098 952 3159 observatio
943 3118 971 3158 m
988 3098 1128 3165 verbisne

7 3254 10 3269 ἡ
91 3192 134 3243 est
147 3181 266 3261 singulis
282 3195 311 3245 et
326 3189 480 3247 contextis.
525 3173 645 3263 Singula
660 3193 741 3261 sunt,
766 3202 840 3264 quae
855 3173 1001 3243 ἀσύνδετα
1013 3183 1085 3243 dixi·

8 3339 10 3352 ·
90 3284 158 3326 mus.
201 3268 233 3329 lu
247 3268 292 3328 bis
308 3272 481 3346 cavendum,
498 3289 535 3330 ne
549 3271 703 3330 decrescat
718 3271 828 3345 oratio,
845 3276 875 3328 et
890 3268 1004 3327 fortiori
1019 3265 1085 3326 sub-

91 3352 221 3427 iungatur
232 3353 339 3430 aliquid
354 3355 511 3431 infirmius,
526 3363 557 3414 ut
574 3353 721 3429 sacrilego
736 3352 796 3429 iur,
818 3362 866 3413 aut
884 3351 988 3413 latroni
1004 3359 1085 3430 petu-

7 3423 10 3506 Ῐ
91 3433 160 3496 laos.
190 3437 299 3513 hogeri
315 3439 389 3580 orplim
404 3438 510 3500 debent
524 3438 685 3500 sententiae
702 3446 732 3498 et
745 3439 921 3582 insurgere&
933 3442 964 3495 ut
979 3436 1086 3514 optime

131 3539 160 3578 Ι.
171 3539 196 3578 F·
209 3538 320 3586 QUINTIL·
363 3564 370 3579 ·
