2434 3925
144 139 206 203 lot
469 155 505 202 ιι.
517 154 596 202 aas.
613 154 833 215 omnmoraur
1201 112 1203 259 ι

101 317 253 386 damonae,
269 306 446 388 Polyclitum
462 328 530 370 eoae
547 309 700 370 dicabunt.
732 308 818 382 Quod
839 307 1024 390 quidem‘aon
1040 312 1072 372 in
1091 313 1158 375 hoo

143 400 250 452 tanturn
267 393 355 453 valet.
395 391 570 466 Quibusdam
592 394 684 470 enim,
708 392 771 452 dum
794 393 871 455 aliud
890 412 981 472 agere
1001 396 1154 473 videmur,

143 476 221 537 aliud
238 476 393 545 aldeimum
416 478 491 537 sicut
509 477 556 535 hic
572 474 677 536 Cicero
696 478 899 555 consequitur,
917 496 970 554 ne,
989 496 1053 538 cum
1069 498 1153 540 mon

142 558 208 618 hum
227 562 359 637 insignis
377 569 463 639 atque
477 560 580 621 tabulis
591 559 708 620 obiiciat
718 560 815 636 Verri,
834 562 897 640 ipse
914 579 1032 641 quoque
1044 581 1152 624 earum

140 661 237 703 rerum
253 645 399 704 studiosus
414 662 481 704 esse
500 644 643 704 credatur.
671 643 708 704 Et
724 643 937 705 Demosthenes
953 647 1077 708 iurando
1095 666 1153 727 per

141 728 357 788 interlectos-in
372 728 540 789 Marathone
553 737 582 788 et
593 728 736 788 Salamine
747 728 776 788 id
788 729 857 805 agit,
870 739 901 789 ut
911 731 1022 790 minore
1036 731 1149 793 invidia

100 810 231 875 fitcladis
244 812 319 892 apud
332 811 530 873 Chaeroneam
541 821 683 890 acceptae
694 810 817 872 laboret.
834 811 1011 874 Faciuatilla
1023 832 1148 895 quoque

142 895 292 957 iucundam
317 898 490 972 orationem,
515 897 611 975 aliqua
630 898 774 956 mentione
795 895 891 957 hahita
913 898 1029 958 dillerre
1047 908 1080 959 ιι
1097 901 1146 961 de·
1202 902 1203 907 ’

142 996 252 1058 ponere
267 981 342 1059 apud
352 982 517 1041 memoriam
528 980 630 1039 iudicis
646 989 675 1039 et
685 997 856 1058 reposcere,
870 998 944 1059 quae
956 982 1146 1060 deposueris,

142 1072 172 1123 et
191 1081 330 1141 separare
347 1064 486 1144 quaedam
506 1063 654 1123 schemate
675 1063 789 1142 aliquo,
813 1065 891 1142 (non
915 1067 989 1125 enim
1009 1075 1056 1126 est
1079 1069 1146 1146 ipsa
1202 1076 1203 1083 ’

142 1166 203 1249 per·
211 1166 244 1207 se
259 1146 372 1208 iteratio
399 1149 536 1227 schema)
560 1156 590 1206 et
609 1149 749 1245 excipere
772 1148 868 1226 aliqua
889 1159 918 1209 et
940 1150 1008 1209 dare
1034 1152 1145 1211 actioni

141 1234 239 1291 varios
253 1231 334 1291 velut
348 1232 453 1291 vultus.
486 1231 597 1292 Gaudet
609 1232 684 1291 enim
696 1249 744 1291 res
758 1234 915 1301 varietate;
933 1243 962 1294 et
973 1234 1048 1294 sicut
1062 1235 1144 1294 oculi

142 1314 319 1375 diversarum
334 1325 454 1394 aspectu
469 1332 564 1375 rerum
579 1316 671 1403 magis
686 1315 865 1376 detinentur:
889 1319 929 1378 ita
949 1336 1066 1397 semper
1083 1319 1143 1379 ani·

141 1399 194 1458 mis
209 1402 389 1478 praestatio
407 1399 483 1478 quod
498 1418 531 1459 se
547 1399 629 1459 velut
643 1416 746 1458 novum
761 1400 916 1460 intendant.

100 1492 135 1548 64
225 1482 279 1543 Est
292 1483 475 1561 emphasis
491 1486 575 1543 etiam
590 1483 664 1542 inter
678 1483 800 1560 figuras,
818 1502 881 1544 cum
896 1503 934 1544 ex
949 1485 1045 1563 aliquo
1061 1486 1141 1546 dicto

142 1563 234 1626 latens
250 1567 355 1645 aliquid
373 1568 496 1627 eruitur:
519 1576 550 1627 ul
567 1567 642 1645 apud
658 1566 818 1644 Vergilium

224 1648 293 1712 Noa
306 1652 392 1713 tacit
405 1652 531 1712 thalami
545 1659 701 1730 expertem
720 1654 786 1714 ιίιιι
804 1652 930 1714 crimino
949 1655 1044 1717 altam

121 1790 125 1793 ,
223 1734 344 1814 Dapare
360 1737 566 1815 morefarae?
583 1769 619 1779 -

142 1818 308 1917 Quanquam
329 1822 403 1902 enim
424 1820 461 1880 de
480 1819 659 1879 matrimonio
681 1820 828 1897 quaeritur
848 1818 939 1879 Dido:
964 1829 1059 1880 tamen
1082 1822 1139 1883 huo

109 1904 263 1983 erumpit
279 1898 340 1964 eius
355 1904 487 1979 affectus,
499 1913 530 1964 ut
544 1903 606 1964 sine
621 1901 752 1971 thalamis
764 1904 849 1964 vitam
863 1920 920 1963 non
932 1904 1074 1965 hominum
1087 1925 1137 1986 pu·

141 1997 184 2048 tet
206 1988 260 2048 sed
287 1989 421 2050 terarum.
464 1988 552 2049 Aliud
573 1988 649 2066 apud
670 1986 801 2047 Ovidium
822 2006 930 2066 genus,
957 1989 1032 2067 apud
1053 2008 1137 2087 quem

142 2071 264 2147 Zmyrna
277 2074 379 2133 nutrici
394 2088 521 2133 amorem
535 2073 626 2151 patris
642 2073 685 2131 sic
701 2071 872 2131 confitetur:

311 2190 350 2202 -
369 2155 405 2233 0,
421 2157 516 2232 dicit,
530 2157 652 2235 felicem
668 2158 795 2235 antiope
808 2157 954 2217 matrem!

99 2245 134 2300 65
223 2239 296 2300 lluic
310 2241 359 2301 vel
377 2241 496 2300 conhnis
511 2239 560 2299 vel
578 2239 680 2300 eadem
694 2248 756 2315 est,
772 2256 828 2319 qua
843 2256 917 2298 nunc
930 2241 1034 2298 utimur
1048 2240 1135 2318 pluri·

140 2340 224 2383 mum.
261 2322 320 2383 lam
343 2326 417 2384 enim
438 2324 474 2385 ad
488 2323 517 2384 id
531 2342 639 2401 genus,
661 2324 739 2402 quod
758 2331 787 2382 et
811 2323 1073 2401 frequentissImum
1090 2335 1134 2384 est

142 2417 172 2468 et
187 2409 337 2486 expectari
358 2410 479 2468 maxime
495 2408 595 2483 credo,
611 2408 782 2468 veniendum
797 2416 851 2483 cst,
867 2409 895 2466 in
910 2422 967 2506 quq
983 2424 1037 2486 per
1048 2425 1133 2485 quan·
1202 2459 1203 2464 ,

142 2491 206 2551 dam
231 2492 493 2569 suspicionem,
526 2492 626 2572 quod
627 2490 839 2567 nondicimus,
870 2491 964 2569 accipi
992 2490 1133 2567 volumus,

140 2592 198 2635 non
213 2576 325 2654 utique
336 2577 525 2651 eontrarium,
546 2584 577 2634 ut
598 2577 626 2634 in
643 2575 669 2635 sl
668 2576 787 2658 ρίιινεᾳ,
809 2574 862 2635 sed
884 2574 961 2635 aliud
986 2573 1079 2634 latens
1106 2583 1135 2635 ιι

140 2660 263 2719 auditori
285 2661 367 2738 quasi
389 2659 597 2719 inveniendum
636 2658 738 2735 Quod,
759 2667 790 2718 ut
813 2676 900 2737 supra
925 2657 1054 2735 ostendi,
1080 2657 1135 2719 iam

141 2744 205 2803 lere
221 2743 314 2806 solum
331 2744 473 2804 schema
488 2761 505 2804 a
519 2744 626 2803 nostris
640 2751 772 2819 vocatur,
788 2751 817 2802 et
827 2743 903 2803 unde
919 2744 1135 2803 controversiae

77 2827 82 2840 '
100 2828 327 2904 ddligurataa
349 2828 489 2888 dicuntur.
526 2826 596 2887 Eius
612 2826 719 2905 triplex
734 2844 804 2886 usus
818 2836 877 2887 est:
901 2844 974 2886 unus
998 2845 1023 2886 ιι
1015 2826 1133 2887 dicere

128 2912 237 2990 vpalam
252 2929 350 2990 parurn
370 2921 460 2973 tutum
480 2921 541 2985 est,
565 2909 640 2970 alter
656 2911 681 2970 si
697 2927 755 2969 aon
770 2910 871 2985 decet,
887 2911 1007 2987 tertius,
1024 2912 1071 2988 qui
1085 2905 1133 2971 ιι·

142 2997 262 3055 uastatis
283 2997 368 3057 modo
383 2997 475 3073 gratia
497 2994 649 3055 adhibetur
668 2996 779 3073 etipsa
799 2995 927 3055 novitate
946 3012 982 3053 ac
994 2996 1133 3055 varietata

68 3092 70 3094 ’
143 3080 245 3154 magis,
262 3081 384 3158 quamsi
400 3078 503 3139 relatio
517 3079 554 3139 sit
566 3087 658 3155 recta,
675 3078 812 3138 delectat.

101 3168 135 3226 67
225 3161 271 3222 Ex
287 3162 342 3238 his,
359 3163 436 3241 quod
451 3171 496 3222 est
510 3165 640 3241 primum,
660 3160 797 3241 frequens
812 3163 841 3221 in
853 3160 962 3222 scholis
979 3169 1034 3221 est.
1063 3158 1131 3220 Nam
1177 3193 1179 3198 <

144 3254 174 3305 et
189 3248 340 3324 pactiones
355 3246 558 3324 deponentium
574 3247 726 3325 imperium
748 3254 932 3321 tyrannorum
947 3255 976 3306 ιι
994 3252 1061 3325 post
1074 3242 1131 3303 hel·

144 3331 200 3404 lum
222 3329 309 3389 civile
329 3337 445 3389 senatus
474 3330 606 3390 consulta
638 3329 781 3407 finguntur
802 3337 832 3388 et
860 3330 983 3407 capitale
1009 3328 1131 3387 obiicere

142 3421 290 3483 anteacta;
305 3421 346 3491 ut,
365 3413 442 3492 quod
457 3416 486 3475 in
499 3414 565 3475 loro
580 3430 639 3474 non
654 3412 783 3492 expedit,
805 3412 866 3473 illio
880 3430 936 3473 aec
950 3414 1046 3474 liceat
1076 3410 1129 3473 Sed
