2434 3925
338 225 430 274 msa.
442 225 590 274 aaaron.
602 224 788 292 nra.x11,a.
996 211 1060 274 249

11 379 213 460 nvigatione
226 394 310 458 quam
319 379 503 440 velocissima
514 378 601 440 iubet.
625 378 728 457 Neque
738 396 810 439 vero
822 379 1059 458 Aristippus,

11 462 205 532 scammum
227 464 418 543 inuoluptate
440 464 572 541 corporis
593 463 698 522 bonum
713 482 841 542 ponens,
862 462 987 524 adhunc
1005 480 1060 523 nos

11 551 198 617 nlahorem
215 546 353 608 bortatur.
387 546 549 623 Pyrrhou
565 547 679 626 quidem
696 564 767 625 quas
782 549 811 606 in
825 546 882 605 boc
903 562 994 623 opere
1008 546 1058 607 ba*

11 636 126 704 „bere
147 640 251 710 partes
266 628 385 709 potest?
407 631 453 690 cui
467 630 576 691 iudices
593 649 671 705 esse,
687 631 762 709 apud
774 646 846 709 quos
861 629 950 689 verba
962 630 1058 706 faciat„

10 718 211 789 netseum,
233 731 287 793 pro
303 732 360 792 qno
380 714 531 792 loquatur,
553 723 582 773 et
598 722 745 790 senatum,
768 716 796 773 in
812 729 869 792 qno
885 713 924 772 sit
937 712 1059 779 dicenda

13 799 227 873 asmentia,
251 815 309 857 non
328 798 459 877 liquebit.
491 797 720 858 Academiam
746 797 860 876 quidam
880 797 1099 864 utilissimamna

10 883 203 959 toredunt,
227 882 303 959 qnod
317 898 380 940 mos
397 883 425 940 in
441 889 591 959 utramque
612 890 722 960 partem
737 880 898 959 disserendi
917 879 953 940 ad
974 898 1057 940 exer·

10 1000 22 1045 q
32 968 232 1031 citationem
253 964 411 1025 forensium
434 982 583 1024 causarum
600 965 733 1043 proxime
754 964 885 1024 accedat.
912 962 1059 1027 Adliciunt

11 1072 19 1129 2·
33 1054 121 1116 loco
139 1047 345 1127 probationis,
369 1047 446 1126 quod
462 1066 498 1108 ea
512 1049 776 1127 praestantissimos
791 1049 820 1107 in
836 1047 1001 1126 eloquentia
1016 1049 1057 1107 vi·
1082 1108 1086 1131 ⁸

31 1154 95 1198 ros
119 1131 265 1193 ediderit.
295 1131 539 1210 Peripatetici
559 1132 653 1192 studio
671 1148 786 1210 quoqne
802 1149 835 1191 se
853 1131 975 1209 quodam
993 1146 1057 1190 ora-

11 1221 128 1299 ,torio
153 1217 277 1274 iactant.
309 1215 381 1275 Nam
404 1215 504 1275 theses
526 1216 625 1276 dicere
645 1217 860 1276 exercitationis
881 1210 973 1291 gratia
994 1214 1057 1274 iere

10 1347 12 1377 q
36 1312 91 1365 est
110 1300 155 1362 ab
172 1300 214 1358 iis
229 1299 394 1358 institutum.
427 1299 561 1376 Stoici,
579 1301 653 1358 sicut
669 1300 781 1377 copiam
797 1301 976 1375 nitoremque
995 1298 1056 1358 elo·

10 1430 19 1470 ‚1
40 1386 200 1468 quentiae
217 1382 279 1441 iero
292 1381 530 1461 praeceptoribus
547 1384 605 1442 suis
616 1376 746 1443 defuisse
761 1383 922 1443 concedant
932 1400 1056 1441 necesse

10 1515 12 1521 ι
39 1481 111 1547 est,
137 1471 183 1528 ita
208 1465 304 1526 nullos
322 1475 371 1526 aut
391 1466 517 1544 probare
540 1468 634 1526 acrius
657 1476 705 1526 aut
728 1467 903 1528 concludere
924 1465 1056 1525 subtilius

14 1598 19 1637 ,
42 1551 251 1618 contendunt.
282 1550 340 1610 Sed
359 1548 434 1609 baec
449 1551 523 1609 inter
537 1551 636 1629 ipsos,
655 1552 703 1628 qui
719 1551 799 1610 velut
813 1558 993 1611 sacramento
1009 1557 1098 1613 ro·26

13 1640 109 1720 ,gati
134 1634 191 1696 vel
222 1634 309 1693 etiam
334 1634 539 1712 superstitione
566 1636 713 1693 constricti
740 1634 821 1693 neias
849 1634 953 1694 ducant
972 1651 989 1693 a
1008 1650 1056 1692 su·

10 1766 18 1809 ,
41 1730 157 1800 scepta
178 1717 277 1777 semel
299 1718 489 1794 persuasione
510 1717 672 1778 discedere.
702 1716 816 1777 Oratori
833 1733 905 1777 uero
923 1715 994 1777 nihil
1011 1725 1057 1776 est

10 1852 17 1890 p
43 1822 184 1868 necesse
203 1802 236 1860 in
251 1802 418 1878 cuiusquam
436 1802 530 1861 iurare
546 1801 639 1877 leges.
670 1799 760 1861 Maius
777 1802 851 1860 enim
866 1809 911 1860 est
926 1817 1000 1878 opus
1016 1807 1097 1863 atti

14 1954 15 1959 ,
43 1909 106 1972 qne
132 1886 354 1967 praestantius,
381 1884 417 1944 ad
441 1885 518 1963 quod
537 1886 602 1964 ipse
624 1884 730 1960 tendit,
757 1893 787 1944 et
807 1886 887 1944 cuius
910 1893 954 1943 est
976 1883 1056 1943 velut

10 1971 17 2061 ⁴„
47 1973 250 2045 candidatus,
275 1970 299 2027 si
321 1970 434 2047 quidem
454 1979 500 2029 est
519 1969 629 2042 iuturus
648 1987 710 2029 cum
724 1970 800 2030 vitae
816 1978 874 2030 tum
894 1970 978 2027 etiam
994 1968 1057 2027 elo·

10 2107 16 2146 ἱ
47 2059 194 2138 quentiae
209 2051 297 2114 laude
312 2053 470 2131 perlectus.
498 2053 594 2128 Quare
610 2055 638 2111 in
654 2053 815 2130 exemplum
830 2051 942 2112 dicendi
957 2051 1055 2112 iacun·

11 2188 18 2230 ς
50 2143 208 2203 dissimum
226 2154 370 2215 quemque
386 2143 530 2214 proponet
541 2136 596 2195 sibi
611 2137 646 2197 ad
659 2136 831 2210 imitandum,
847 2135 973 2195 moribus
984 2152 1055 2196 vero

10 2274 16 2315 Ι
49 2223 216 2286 formandis
241 2238 325 2298 quam
345 2219 547 2280 honestissima
571 2213 733 2298 praecepta
749 2221 995 2297 rectissimamque
1020 2218 1056 2279 ad

10 2339 16 2398 ς
49 2312 193 2368 virtutem
215 2305 295 2363 viam
318 2303 436 2380 deliget.
473 2303 690 2363 Exercitatione
712 2304 825 2381 quidem
848 2311 943 2362 utetur
967 2303 1054 2377 omni,

10 2438 15 2482 t
51 2392 108 2453 sed
125 2400 225 2450 tamen
243 2388 299 2446 erit
313 2387 449 2465 plurimus
465 2388 493 2446 in
509 2388 638 2456 maximis
654 2387 815 2465 quibusque
830 2405 864 2447 ac
879 2394 977 2446 natura
992 2386 1054 2464 pul·

11 2512 14 2547 a
53 2474 221 2535 cherrimis.
267 2468 339 2530 Nam
359 2488 433 2549 quae
454 2479 552 2550 potest
577 2472 696 2530 materia
720 2472 843 2549 reperiri
869 2470 908 2535 ad
930 2470 1120 2547 graviteraa'

10 2549 16 2651 ἓ
56 2559 243 2637 copioseque
266 2553 417 2614 dicendum
438 2556 528 2631 magis
549 2554 694 2614 abundans
712 2572 795 2632 quam
815 2555 851 2616 dc
871 2555 994 2629 virtute,
1018 2553 1054 2613 de

10 2692 16 2734 ι
56 2640 245 2717 republica,
264 2638 301 2698 de
316 2638 510 2716 providentia,
535 2638 571 2699 de
591 2639 702 2715 origiue
718 2640 889 2714 animorum,
908 2637 946 2697 de
959 2637 1054 2696 amici·

13 2776 16 2814 Ι
59 2720 120 2783 tia?
145 2722 226 2782 Haec
242 2729 324 2796 sunt,
347 2722 450 2799 quibus
464 2740 545 2781 meas
558 2723 668 2800 pariter
683 2730 769 2799 atque
784 2722 875 2781 oratio
891 2722 1053 2796 insurgant:

10 2843 15 2900 ἰ
60 2822 137 2883 quae
156 2823 227 2864 vere
251 2804 344 2880 bona,
366 2805 433 2883 quid
455 2807 566 2883 mitiget
586 2808 704 2880 metas‚'
719 2813 855 2865 coerceat
871 2803 1054 2881 cupiditates,

10 2945 14 2984 Ι
64 2889 170 2946 eximat
184 2904 238 2946 uos
254 2888 435 2967 opinionibus
450 2889 530 2965 uulgi
544 2889 721 2966 animumque
739 2887 908 2948 coelestem.

10 3011 14 3066 ἰ
147 2968 251 3048 Neqnc
273 2989 307 3032 ea
329 2973 438 3048 solum,
464 2990 539 3050 quae
561 2971 665 3031 talibus
683 2971 841 3049 disciplinis
864 2969 1095 3044 continendam

10 3091 16 3150 q
64 3051 225 3127 sedmagis
241 3055 344 3133 ctiam,
368 3073 443 3133 quae
464 3065 529 3115 sunt
544 3056 753 3134 antiquitus
770 3054 867 3114 dicta
890 3070 931 3112 ac
951 3054 1053 3113 lacta

65 3135 279 3213 praeclare,
302 3148 331 3200 et
352 3156 441 3199 nosse
464 3148 493 3199 et
513 3140 605 3199 auimo
628 3155 744 3216 semper
760 3139 871 3214 agitare
890 3138 1052 3196 conueniet.

10 3273 15 3316 t
66 3217 150 3290 Quae
169 3218 304 3295 proiecto
326 3240 464 3302 nusquam
486 3223 569 3302 plura
590 3224 756 3300 maioraque
782 3238 865 3300 quam
886 3220 914 3279 in
935 3230 1053 3280 nostrae

69 3301 190 3360 civitatis
205 3307 390 3365 monumentis
405 3309 597 3385 reperientur.
627 3305 674 3364 An
688 3305 890 3380 fortitudinem,
906 3304 1050 3379 iustitiam,
1060 3311 1095 3366 30

10 3441 13 3482 Ι
68 3383 169 3459 iidem,
198 3387 413 3465 continentiam,
440 3390 651 3467 frugalitatem,
679 3398 871 3469 contemptum
892 3389 1000 3449 doloris
1018 3404 1054 3447 aa

10 3487 13 3559 q
71 3468 168 3527 mortis
188 3468 287 3530 melius
310 3472 358 3534 alii
379 3473 525 3536 docebunt
546 3492 631 3554 quam
647 3472 789 3550 Fabricii,
813 3470 908 3549 Curii,
935 3470 1052 3550 Reguli,
