2434 3925
197 237 259 300 246
508 250 545 297 n.
561 216 873 308 aasmurnnanmun

198 412 244 469 eet
256 406 288 466 io
306 411 432 483 argento
449 404 581 482 signato,
596 402 726 481 legavit·
747 410 906 481 argentum
925 411 1025 464 orclem
1044 421 1132 465 omne
1146 404 1196 466 le·

219 491 296 563 coit,
317 490 410 567 igitur
429 489 654 566 simeonium,
675 494 819 564 quaeest
839 488 872 546 in
892 496 1037 564 argento,
1063 489 1192 567 legavit,

195 509 314 633 babebit
330 572 449 631 formam
472 571 641 647 syllogismi.
677 569 789 629 Oratori
813 570 883 629 satis
905 580 950 629 est
971 570 1086 646 dicere,
1113 570 1193 633 Cum

197 666 357 735 arpentum
371 655 518 734 legaverit
537 673 640 718 omae:
653 655 816 733 pecuniam
831 670 949 731 quoque
964 656 1092 734 legavit,
1107 654 1195 734 quoe'

198 750 243 801 est
258 742 290 801 in
304 748 439 817 argento.

156 835 191 892 27
219 851 224 865 ·
281 824 435 900 Peregisse
450 822 516 880 mihi
537 821 640 881 videor
657 838 739 880 sacra
754 820 924 881 tradentium
939 830 1027 897 artes,
1049 822 1104 882 sed
1119 841 1189 883 con·

198 908 263 968 silio
279 908 362 967 locus
378 914 521 984 superest.
553 904 682 982 Namque
697 921 764 981 ego,
779 914 809 963 ut
825 907 853 963 in
869 907 1000 964 oratione
1015 907 1188 983 syllogismo

199 993 316 1071 quidem
327 990 478 1069 aliqnando
494 991 533 1048 uti
547 989 629 1048 nefas
644 1005 701 1048 nou
716 989 809 1065 duco,
830 990 868 1048 ita
886 998 1020 1048 constare
1034 1000 1122 1050 totam
1141 1001 1188 1050 aut

199 1084 278 1136 certe
295 1075 452 1135 confertam
474 1091 541 1132 esse
562 1074 781 1149 aggressionum
802 1082 832 1132 et
847 1073 1085 1147 enthymematum
1100 1076 1187 1153 stipa·

197 1161 276 1219 tione
291 1160 402 1217 minime
417 1157 513 1216 velim.
553 1156 685 1233 Dialogis
707 1158 780 1215 enim
796 1166 826 1215 et
840 1157 1000 1216 dialecticis
1018 1159 1187 1235 disputatio-

197 1243 280 1302 nibus
296 1244 351 1302 erit
367 1242 485 1300 similior
506 1259 590 1320 quam
610 1241 701 1299 nostri
716 1242 814 1318 operis
830 1240 1008 1315 notionibus,
1030 1259 1105 1320 qnae
1126 1243 1187 1319 qui·

155 1327 261 1395 assdem
291 1327 365 1385 inter
392 1343 424 1384 se
449 1325 597 1402 plurimum
628 1324 770 1385 differunt.
817 1323 946 1402 Namque
973 1324 1030 1384 illis
1057 1325 1188 1386 homines

199 1411 277 1470 docti
299 1418 328 1468 et
349 1411 423 1468 inter
444 1409 546 1468 doctos
567 1426 666 1467 verum
688 1416 861 1487 quaerentes
876 1411 1007 1469 minutius
1026 1418 1054 1468 et
1068 1428 1188 1487 scrupu-

199 1493 290 1553 losius
311 1500 472 1551 scrutantur
493 1493 599 1567 omnia,
621 1492 704 1550 etad
728 1492 862 1569 liquidum
886 1493 1112 1572 confessumque
1125 1512 1187 1572 per·

200 1576 314 1652 ducunt,
331 1585 361 1635 ut
377 1577 424 1654 qui
439 1575 493 1634 sibi
511 1584 539 1635 et
552 1576 714 1635 inveniendi
725 1586 754 1636 et
768 1577 909 1637 iudicandi
921 1577 1065 1637 vindicent
1078 1586 1186 1655 partes,

157 1676 317 1737 29quarnm
332 1659 451 1720 alteram
465 1653 590 1737 τοπικὴν
605 1659 725 1721 alteram
741 1652 876 1739 κριτικὴν
893 1669 1009 1719 uocant.
1046 1660 1139 1720 Nobis
1154 1660 1186 1720 ad

199 1744 319 1804 aliorum
338 1745 441 1804 iudicia
470 1744 668 1822 componenda
698 1753 743 1803 est
768 1746 875 1818 oratio,
908 1753 938 1803 et
966 1745 1083 1822 saepius
1114 1744 1186 1823 apud

200 1830 312 1889 omnino
334 1829 481 1905 imperitos
505 1836 591 1906 atque
611 1826 722 1888 illarum
739 1836 819 1886 certe
839 1828 956 1904 ignaros
972 1827 1131 1888 litterarum
1148 1829 1185 1887 lo·

200 1913 341 1993 quendum
358 1921 419 1987 est,
443 1927 515 1990 quos
537 1913 590 1972 nisi
612 1920 641 1971 et
661 1911 853 1972 delectatione
877 1912 1015 1972 allicimus
1037 1921 1065 1973 et
1080 1911 1186 1972 viribus

198 1997 334 2057 trahimus
350 2005 379 2056 et
395 2014 594 2074 nonnunquam
609 1995 753 2057 turbamus
771 1996 937 2056 affectibus:
958 1999 1038 2075 ipsa,
1057 2015 1133 2075 quae
1148 1998 1184 2055 iu·

157 2091 242 2147 {tosta
258 2099 292 2141 ac
307 2098 376 2139 vera
394 2089 469 2154 sunt,
487 2089 587 2139 tenere
598 2097 655 2138 nou
667 2096 827 2158 possumus.
850 2079 995 2159 Locuples
1009 2089 1039 2140 ct
1052 2082 1186 2160 speciosa

198 2165 261 2225 vult
277 2183 342 2223 esse
360 2163 540 2242 eloquentia;
563 2182 684 2242 quorum
704 2165 773 2224 nihil
789 2174 1001 2242 consequetur,
1021 2166 1046 2224 si
1068 2164 1186 2224 conclu·

200 2248 327 2308 sionibus
343 2250 430 2307 certis
449 2256 478 2306 et
493 2246 604 2306 crebris
621 2257 649 2307 et
664 2249 691 2306 in
707 2266 789 2307 unam
805 2265 899 2325 prope
919 2250 1037 2309 formam
1060 2249 1186 2308 cadenti·

199 2331 253 2390 bus
269 2331 385 2390 concisa
400 2339 428 2390 et
444 2331 635 2409 contemptum
648 2349 684 2390 ex
699 2331 854 2391 humilitate
870 2341 899 2390 et
911 2334 1006 2393 odium
1017 2351 1056 2391 ex
1069 2332 1187 2411 quadam

199 2417 338 2474 servitute
360 2423 389 2473 et
409 2433 447 2473 ex
462 2415 545 2493 copia
562 2418 723 2475 satietatem
747 2424 776 2475 et
792 2434 829 2474 ex
844 2415 1026 2475 similitudine
1046 2417 1187 2475 fastidium

157 2510 190 2564 31
201 2499 307 2559 tulerit.
337 2496 459 2557 Feratur
475 2515 546 2574 ergo
563 2516 620 2557 non
635 2501 742 2559 semitis
758 2500 811 2558 sed
830 2502 948 2578 campis,
965 2517 1022 2558 non
1036 2502 1076 2559 uti
1092 2500 1187 2559 fontes

200 2584 328 2659 angustis
344 2581 446 2642 tistulis
464 2581 639 2658 colliguntur
654 2582 751 2642 sedat
767 2583 923 2643 beatissimi
937 2602 1033 2644 amnes
1048 2585 1118 2643 totis
1130 2584 1187 2644 val·

109 2729 115 2738 ,
199 2666 273 2744 libus
294 2666 382 2727 duunt
402 2682 436 2724 ac
459 2666 513 2725 sibi
536 2668 626 2741 viam,
649 2669 673 2726 si
696 2668 808 2745 quando
834 2684 890 2726 non
906 2669 1069 2746 acceperit,
1091 2667 1185 2726 faciat.

198 2750 269 2811 Nam
291 2750 358 2829 quid
380 2749 429 2809 illa
454 2751 584 2808 miserius
606 2751 674 2827 lege
702 2751 782 2810 velut
805 2752 1013 2829 praeformatas
1034 2751 1186 2811 infantibus

198 2835 309 2895 litteras
325 2835 613 2912 persequentiumet,
629 2843 659 2893 ut
676 2833 778 2894 Graeci
796 2835 893 2897 dicere
909 2836 1014 2910 solent,
1031 2853 1117 2914 quem
1134 2853 1186 2894 ma·

198 2927 244 2978 ter
263 2920 395 2978 amictum
424 2917 517 2993 dedit,
546 2918 672 2977 sollicite
702 2919 935 2980 custodientium:
965 2919 1130 2999 propositio
1157 2935 1188 2977 ao

157 3013 191 3066 32
199 3003 348 3064 conclusio
365 3020 402 3060 ex
413 3000 657 3079 consequentibus
671 3010 699 3061 et
710 3000 957 3080 repugnantibus?
977 2998 1187 3081 Nouinspireti

198 3102 255 3145 non
271 3081 396 3161 augeat?
415 3101 471 3143 nou
491 3083 570 3143 mille
591 3086 689 3161 liguris
707 3087 799 3145 variet
820 3106 854 3146 ac
868 3084 987 3146 verset?
1011 3096 1041 3146 ut
1060 3105 1095 3147 ea
1110 3085 1188 3145 nasci

143 3174 147 3180 ’
199 3177 229 3228 ct
249 3170 311 3245 ipsa
330 3170 484 3246 provenire
507 3177 622 3243 natura,
645 3186 702 3228 uon
725 3187 808 3229 manu
832 3171 908 3230 iacta
932 3180 960 3230 et
975 3180 1037 3230 arte
1053 3178 1187 3248 suspecta

198 3254 364 3328 magistrum
382 3250 466 3310 lateri
486 3251 593 3330 ubique
612 3250 783 3311 videantur?
822 3253 892 3327 Quis
915 3273 1036 3333 unquam
1058 3255 1101 3313 sio
1121 3254 1188 3313 dixit

200 3332 317 3395 oratori
352 3333 453 3393 Nonne
471 3334 549 3412 ,apud
571 3337 664 3412 ipsum
686 3336 900 3396 Demosthenen
920 3339 1092 3415 paucissima
1107 3337 1189 3397 buius

200 3420 316 3478 veneris
331 3417 380 3476 vel
396 3419 463 3476 artis
480 3416 684 3495 reperiuntur?
719 3419 799 3493 Quae
815 3422 996 3499 apprehensa
1012 3420 1116 3480 Graeci
1132 3438 1188 3479 ma·

202 3503 247 3557 m's
268 3501 339 3583 (non
354 3500 411 3562 hoo
426 3500 519 3563 solum
533 3503 617 3582 peius
632 3503 762 3584 faciunt)
785 3505 814 3564 in
830 3515 946 3568 octenas
961 3505 1049 3587 ligant
1065 3513 1094 3564 ct
1108 3505 1189 3564 inex·
