2434 3925
166 203 206 265 to
476 217 513 263 u.
535 215 614 263 sss.
636 213 856 276 omnummm

123 372 259 447 ostendi,
282 368 468 430 monstrabat.
513 368 593 429 Haeo
615 370 643 428 ei
666 387 734 430 cura
750 372 825 429 inter
843 370 1051 432 turbidissimas
1073 374 1170 433 actio·

165 474 217 515 nes
239 455 288 515 vel
310 455 429 514 terrenti
457 456 610 531 optimates
638 452 687 513 vel
709 455 765 514 iarn
787 456 896 514 timenti
918 457 1036 535 profuit.
1080 457 1170 518 Libet

165 549 286 619 propter
309 538 448 617 quosdam
468 539 661 615 imperitiores
683 539 769 598 etiam
792 542 966 613 cresccre,
993 550 1025 599 ut
1044 551 1168 617 vocant,

122 622 256 687 munna
277 622 481 683 dubitationem
507 622 590 681 huius
617 621 748 683 utilitatis
777 625 915 683 eximere.
960 624 1032 684 Nam
1057 634 1168 703 poetas

166 717 247 767 certe
269 707 411 783 legendos
436 707 545 765 oratori
566 706 663 766 futuro
691 709 908 766 concesserint:
936 726 1002 767 num
1025 710 1114 785 igitur
1136 709 1167 768 hi

165 794 227 851 sine
251 787 382 850 musice?
405 807 440 849 ac
463 791 487 847 si
509 791 572 867 quis
594 798 651 849 tam
673 807 779 849 caecus
798 793 882 850 animi
905 801 961 867 est,
987 802 1018 851 ut
1039 793 1076 852 de
1099 793 1166 851 aliis

164 875 289 936 dubitet:
317 875 385 934 illos
407 882 507 950 certe,
538 875 586 952 qui
609 875 733 934 carmina
755 874 791 933 ad
812 876 902 950 lyram
926 885 1164 954 composuerunt.

164 959 244 1019 llaec
266 947 368 1020 diutinis
390 958 486 1018 forent
506 957 642 1032 dicenda,
673 959 698 1015 si
726 957 784 1017 hoc
807 960 929 1020 studium
956 959 1037 1019 velut
1057 977 1165 1019 novum

122 1045 373 1122 topraeciperem.
419 1040 490 1101 Cum
511 1059 582 1100 vero
606 1043 760 1119 antiquitus
784 1060 876 1121 usque
895 1063 911 1104 a
930 1043 1056 1103 Chirone
1074 1053 1164 1121 atquc

118 1141 121 1150 ’
163 1127 279 1187 Achille
301 1127 337 1186 ad
359 1135 458 1185 nostra
481 1135 612 1202 tempora
635 1126 710 1202 apud
732 1143 849 1202 omnes,
880 1129 929 1205 qni
956 1128 1042 1187 modo
1064 1127 1162 1203 legiti-

163 1229 237 1270 mam
258 1210 438 1289 disciplinam
454 1227 511 1269 uon
533 1211 588 1268 sint
610 1211 726 1287 perosi,
751 1209 910 1270 duraverit:
933 1229 990 1270 non
1013 1221 1058 1271 est
1084 1229 1161 1270 com

163 1295 345 1370 mittendum,
368 1303 399 1355 ut
420 1294 470 1353 illa
493 1291 577 1353 dubia
599 1294 704 1353 iaciam
726 1293 904 1353 defensionis
925 1296 1133 1358 sollicitudine.

121 1387 154 1439 31
248 1378 383 1451 Quamvis
406 1387 500 1438 autem
521 1379 591 1436 satis
613 1379 669 1436 iam
691 1395 730 1435 ex
751 1380 839 1455 ipsis,
863 1379 965 1456 quibus
990 1397 1052 1438 sum
1073 1380 1162 1440 modo

163 1481 243 1537 usus,
262 1464 404 1540 exemplis
420 1462 535 1521 credam
551 1479 619 1519 esse
636 1461 833 1537 manifestum,
853 1480 927 1539 quae
946 1463 1014 1523 mihi
1036 1472 1066 1522 et
1092 1481 1162 1541 qua·

163 1556 246 1605 tenus
264 1549 372 1606 musice
389 1546 521 1625 placeat:
541 1546 669 1623 apertius
686 1553 782 1604 tamen
799 1546 990 1624 profitendum
1002 1557 1083 1625 puto,
1104 1565 1161 1606 non

163 1630 277 1690 hauca
305 1648 351 1689 me
373 1632 520 1708 praecipi,
550 1646 624 1707 quae
652 1647 727 1689 nunc
755 1632 784 1689 in
812 1633 912 1689 scenis
940 1631 1105 1697 effeminata
1131 1640 1160 1691 et

162 1715 313 1793 impudicis
334 1715 426 1773 modis
449 1713 542 1773 inacta
561 1730 618 1771 uon
636 1722 773 1791 exparte
792 1715 915 1789 minima,
933 1717 958 1773 si
978 1715 1045 1792 quid
1062 1717 1092 1772 in
1109 1733 1160 1774 uo·

118 1833 121 1842 .
162 1798 206 1857 his
234 1798 324 1858 virilis
352 1798 466 1858 roboris
492 1795 642 1872 manebat,
666 1797 787 1866 excidit;
815 1797 868 1857 sed
893 1816 949 1876 qua
976 1798 1077 1859 laudes
1102 1799 1161 1859 ior·

162 1884 230 1942 tium
253 1881 444 1958 canebantur,
472 1899 585 1960 quaque
607 1882 664 1959 ipsi
690 1882 783 1941 fortes
806 1881 961 1948 canebaot;
996 1899 1053 1941 nec
1081 1883 1160 1960 psal·

162 1971 234 2028 teria
258 1977 287 2028 et
309 1969 459 2047 spadicas,
487 1969 572 2028 etiam
590 1965 749 2043 virginibus
773 1967 873 2045 probis
902 1967 1083 2042 recusanda,
1107 1968 1160 2028 sed

162 2054 357 2130 cognitionem
377 2052 515 2126 rationis,
543 2068 618 2128 quae
644 2050 859 2125 admovendos
881 2050 1091 2129 leniendosque
1118 2051 1158 2113 ai·

119 2135 256 2196 dtiectus
272 2137 424 2214 plurimum
444 2134 533 2194 valet.
572 2133 646 2194 Nam
665 2142 695 2193 et
711 2134 895 2211 Pythagoran
912 2137 1068 2214 accipimus
1090 2154 1158 2196 eon·

163 2221 266 2278 citatos
294 2219 329 2279 ad
357 2221 414 2277 vim
441 2218 565 2296 pudicae
587 2218 684 2277 domui
713 2218 888 2278 afferendam
914 2222 1050 2294 iuvenes,
1080 2222 1159 2280 iussa

119 2336 122 2343 .
160 2311 271 2361 mutare
292 2304 320 2361 in
338 2303 497 2381 spondeum
513 2302 615 2362 modos
628 2301 762 2378 tibicina,
787 2305 1003 2381 composuisse;
1019 2312 1049 2363 et
1067 2302 1159 2379 Chry·

161 2388 261 2464 aippus
285 2387 370 2446 etiam
390 2388 528 2446 nutricum
550 2386 608 2461 illi,
631 2403 705 2463 quae
728 2386 878 2446 adhibetur
896 2387 1067 2463 infantibus,
1086 2387 1158 2448 alle·

118 2470 278 2528 33otationi
306 2489 388 2530 suum
413 2470 555 2549 quoddam
578 2488 694 2529 carmen
723 2472 862 2548 assignat.
903 2470 957 2530 Est
984 2473 1070 2531 etiam
1100 2490 1158 2531 non

159 2554 300 2613 inerudite
324 2556 359 2614 ad
381 2553 598 2615 declamandum
617 2555 684 2613 licta
707 2556 837 2630 materia,
860 2555 889 2614 in
911 2573 966 2634 qua
988 2557 1105 2633 ponitur
1123 2559 1158 2615 ti·

159 2636 261 2713 bicen,
285 2640 333 2715 qui
352 2639 525 2698 sacrificanti
546 2637 701 2714 Phrygium
723 2638 887 2713 cecinerat,
909 2648 976 2698 acto
992 2640 1044 2701 illo
1067 2641 1096 2698 in
1115 2641 1157 2699 in·

159 2723 275 2783 sanium*
286 2731 315 2781 et
333 2742 386 2800 per
404 2724 573 2801 praecipitia
591 2722 689 2781 delato
708 2723 857 2797 accusari,
881 2723 959 2800 quod
975 2741 1063 2783 causa
1080 2740 1157 2784 mor·

159 2806 195 2863 tis
220 2808 361 2875 extiterit;
391 2808 511 2886 quaesi
534 2806 597 2868 dici
612 2805 701 2866 debet
723 2805 759 2866 ab
782 2815 899 2866 oratore
925 2825 981 2867 neo
1005 2807 1062 2869 dici
1084 2811 1158 2868 citra

159 2890 306 2951 scientiam
328 2893 453 2950 musicas
475 2899 589 2968 potest:
615 2889 760 2968 quomodo
791 2907 848 2950 non
875 2889 950 2952 hanc
972 2908 1088 2968 qaoque
1111 2909 1157 2951 ar·

159 2980 217 3031 tem
235 2976 431 3035 necessariam
453 2993 520 3034 esse
543 2975 627 3053 operi
646 2983 747 3033 nosco
769 2973 817 3034 vel
838 2974 927 3053 iniqui
952 2973 1157 3035 consentient?

526 3130 569 3179 DE
588 3127 789 3179 GEOMETRIA.
840 3180 843 3185 .

115 3229 151 3283 34
241 3222 506 3303 lngeometria
532 3235 644 3305 partem
673 3226 797 3286 latentur
824 3246 892 3287 esse
919 3227 1019 3288 utilem
1046 3226 1155 3287 teneris

158 3306 311 3367 aetatibus.
355 3309 467 3386 Agitari
488 3328 611 3388 namque
641 3312 750 3370 animos
779 3321 808 3371 et
838 3313 904 3371 acui
926 3312 1083 3388 iugeniaet
1106 3326 1156 3369 oc*

157 3391 300 3452 leritatem
321 3394 499 3472 percipiendi
520 3396 621 3454 venire
641 3395 706 3471 inde
730 3396 908 3463 concedunt.;
937 3395 990 3454 sed
1012 3393 1156 3472 prodesto

158 3494 221 3547 eam
245 3494 303 3539 non
326 3487 358 3537 ut
378 3487 493 3537 ceteras
516 3488 611 3561 artes,
641 3497 705 3538 cum
733 3490 894 3559 perceptae
924 3480 981 3539 sint
1008 3477 1062 3537 sed
1091 3494 1155 3539 cum
