2434 3925
148 176 206 238 168
460 189 496 235 ιι.
512 186 826 246 ιιιριιιιιιιιιιιιι

115 351 189 408 sset
203 344 356 402 inventum.
400 338 458 400 Gur
475 343 561 418 igitur
576 340 657 400 nefas
681 348 727 400 est
747 342 870 420 reperiri
886 342 994 421 aliquid
1009 362 1025 403 a
1057 343 1176 420 nobis,

144 427 221 505 quod
236 435 301 486 ante
316 442 372 485 nou
387 421 493 484 fuerit?
524 425 570 483 An
590 424 631 484 illi
646 424 735 484 rudes
749 426 813 485 sola
827 428 929 486 mentis
951 436 1062 487 natura
1083 429 1174 489 ducti
1205 428 1206 471 t

144 512 252 570 suntin
270 508 344 585 boc,
365 517 397 568 ut
418 517 474 568 tam
496 509 583 568 multa
602 518 794 585 generarent:
818 526 872 568 uos
895 509 1169 588 adquaerendam
1205 510 1206 517 ’

144 611 201 653 nou
223 611 259 653 eo
280 596 345 672 ipso
361 594 551 667 concitemur,
574 591 651 669 quod
675 601 755 651 certe
777 594 883 652 scimus
905 596 1064 654 invenisse
1098 612 1166 670 eos,
1205 630 1206 645 ι

116 680 193 756 6qui
209 672 415 755 quaesierunt?
450 675 486 736 llt
502 694 566 735 cum
580 676 640 751 illi,
664 677 711 753 qui
725 676 832 736 nullum
850 679 1018 755 cuiusquam
1035 681 1098 738 rei
1114 679 1166 738 be·
1205 646 1206 713 l

143 761 265 821 buerunt
284 763 463 838 magistrum,
490 760 611 837 plurima
640 760 667 818 iu
689 769 825 839 posteros
846 761 1030 822 tradiderint:
1070 763 1165 822 nobis
1200 810 1204 819 .

143 864 212 905 usus
229 846 347 905 aliarum
362 862 456 903 rerum
471 843 506 903 ad
522 843 663 903 eruendas
680 843 750 903 alias
766 861 823 904 uon
841 845 983 921 proderit,
1000 846 1066 905 sed
1089 846 1165 906 nibr'l
1205 846 1206 913 l

143 929 309 988 habebimus
325 929 377 987 nisi
388 927 521 987 beneficii
536 923 642 986 alieni?
668 927 911 1001 Quemadmodum
921 928 1036 1006 quidam
1054 933 1163 1008 picto·

143 1032 191 1073 res
210 1015 239 1072 in
255 1012 283 1073 id
299 1012 391 1072 solum
415 1011 545 1086 student,
567 1021 596 1070 ut
618 1011 786 1072 describere
809 1012 920 1073 tabulas
940 1016 1102 1072 mensuris
1127 1032 1162 1073 ac

118 1097 229 1163 tliueis
246 1097 345 1155 sciant.
377 1095 473 1173 Turpe
489 1098 573 1154 etiam
587 1095 657 1155 illud
673 1104 733 1170 est,
757 1105 920 1155 contentum
942 1114 1009 1155 esse
1025 1097 1060 1156 id
1086 1115 1161 1157 cou-

144 1182 226 1259 sequi
244 1181 320 1258 quod
336 1181 464 1239 imiteris.
493 1178 564 1238 Nam
581 1197 679 1238 rursus
695 1179 762 1257 quid
778 1189 841 1239 erat
855 1181 994 1254 loturum,
1016 1181 1043 1240 si
1062 1198 1160 1241 nemo

143 1266 208 1344 plus
230 1264 377 1324 effecisset
399 1280 435 1322 eo
457 1281 541 1341 quem
556 1261 753 1342 sequebatur?
791 1263 868 1323 Nibil
887 1266 915 1322 iu
936 1266 1033 1341 poetis
1058 1283 1159 1343 supra

143 1349 250 1408 Livium
265 1347 469 1422 Andronicum,
488 1347 556 1406 nibil
568 1349 596 1406 iu
607 1346 735 1406 historiis
747 1365 834 1426 supra
844 1347 1012 1407 Pontificum
1021 1349 1156 1408 annales

144 1431 328 1498 haberemus;
345 1430 452 1490 ratibus
464 1430 556 1490 adbuc
570 1432 768 1507 navigaretur;
784 1449 841 1490 nou
853 1439 932 1490 esset
946 1432 1077 1508 pictura,
1097 1434 1154 1492 nisi

145 1533 218 1593 quae
240 1514 330 1574 lineas
351 1514 436 1573 modo
460 1524 602 1576 extremas
618 1514 751 1590 umbrae,
772 1533 856 1593 quam
879 1532 1004 1593 corpora
1024 1517 1054 1574 iu
1080 1517 1151 1575 sole

117 1600 300 1674 8iecisseut,
327 1597 587 1657 circumscriberet.
625 1597 671 1658 Ac
691 1600 716 1657 si
737 1601 830 1658 omnia
844 1616 1040 1677 percenseas:
1062 1600 1147 1660 nulla

144 1685 181 1742 sit
196 1699 253 1759 ars,
269 1682 361 1761 qualis
376 1683 490 1741 iuventa
506 1690 568 1757 est,
590 1699 647 1741 nec
660 1684 732 1741 intra
749 1683 856 1742 initium
871 1685 964 1749 stetit;
986 1683 1042 1741 nisi
1065 1683 1147 1743 forte

144 1774 241 1826 nostra
264 1767 441 1844 potissimum
466 1774 595 1843 tempora
617 1764 778 1826 damnamus
799 1765 881 1825 huius
900 1765 1092 1842 infelicitatis,
1115 1774 1146 1826 ut

144 1868 218 1910 nunc
230 1851 340 1910 demum
348 1848 420 1908 nibil
433 1858 556 1909 crescat.
582 1848 659 1910 Nibil
671 1859 765 1911 autem
779 1851 884 1910 crescit
896 1849 958 1909 sola
970 1849 1140 1910 imitatione.

118 1934 256 2009 9Quodsi
272 1933 414 2012 prioribus
430 1934 555 1994 adiicere
571 1933 614 1993 las
630 1943 759 1994 nonest:
776 1932 919 2013 quomodo
935 1951 1057 2012 sperare
1072 1951 1141 2013 pos·

145 2037 240 2078 sumus
258 2019 337 2092 illum
352 2028 496 2078 oratorem
511 2015 691 2097 perlectum?
712 2036 774 2078 cum
785 2020 814 2077 iu
828 2019 887 2093 his,
911 2035 983 2096 quos
1000 2020 1141 2077 maximos

144 2103 236 2176 adbuc
252 2104 391 2178 novimus,
414 2119 497 2161 nemo
514 2103 550 2161 sit
564 2104 706 2178 inventus,
724 2104 752 2161 in
770 2119 826 2180 quo
842 2102 911 2163 nihil
928 2110 976 2161 aut
991 2101 1139 2162 desidere·

145 2196 190 2245 tur
211 2195 259 2245 aut
273 2184 509 2264 reprehendatur.
551 2185 609 2245 Sed
631 2187 716 2244 etiam
733 2188 781 2263 qui
796 2204 903 2245 summa
917 2203 974 2244 nou
989 2194 1137 2263 appetent,

104 2268 318 2334 locoutendere
334 2272 428 2348 potius
446 2287 530 2349 quam
545 2271 628 2348 sequi
643 2269 758 2328 debent.
790 2269 861 2329 Nam
877 2270 925 2347 qui
940 2270 1000 2346 agit
1014 2278 1045 2352 ut
1059 2272 1138 2347 prior

145 2354 191 2428 sit,
202 2353 337 2429 forsitan,
360 2355 470 2413 etiamsi
488 2371 545 2412 nou
560 2355 714 2428 transierit,
735 2349 878 2430 aequabit.
911 2352 984 2411 Eum
998 2370 1068 2411 vero
1088 2372 1136 2412 ne·
1186 2403 1191 2414 .

144 2454 189 2495 mo
212 2445 309 2515 potest
329 2455 473 2516 aequare,
499 2439 578 2497 cuius
605 2438 737 2513 vestigiis
762 2436 816 2496 sibi
836 2438 933 2514 utique
955 2438 1138 2496 insistendum

145 2530 235 2599 putat.
266 2519 398 2580 Necesse
414 2531 459 2580 est
473 2522 563 2594 enim,
589 2539 704 2599 semper
718 2522 753 2579 sit
769 2522 915 2599 posterior
931 2522 979 2599 qui
1000 2521 1133 2597 sequitur.

145 2605 227 2664 Adde
246 2604 322 2681 quod
341 2605 510 2683 plerumque
535 2604 646 2664 facilius
668 2614 714 2663 cst
735 2603 800 2682 plus
824 2604 922 2663 iacere
949 2621 1032 2682 quam
1052 2604 1132 2663 idem

145 2688 262 2748 Tantam
275 2689 347 2747 euim
363 2688 558 2749 difficultatem
573 2685 660 2748 habet
672 2688 834 2762 similitudo,
850 2697 881 2747 ut
895 2705 931 2746 ne
945 2688 1009 2765 ipsa
1026 2687 1133 2764 quidem

144 2782 244 2833 natura
257 2775 284 2831 in
296 2771 352 2832 boc
369 2773 407 2832 ita
422 2771 571 2848 evaluerit,
587 2781 617 2830 ut
628 2790 684 2831 non
696 2790 744 2830 res
755 2771 991 2849 simplicissimae,
1009 2788 1132 2849 quaeque

144 2874 231 2935 pares
246 2858 367 2916 maxime
383 2856 547 2931 videantur,
570 2856 669 2933 utique
685 2856 846 2915 discrimine
861 2855 959 2934 aliquo
976 2853 1130 2914 discemau·

104 2951 135 3003 11
145 2949 210 2999 tur.
229 2940 312 3001 Adde
327 2941 414 3019 quod,
432 2939 566 3018 quidquid
579 2940 662 2999 alteri
672 2940 764 2999 simile
779 2947 834 3014 est,
850 2956 973 2997 necesse
990 2946 1033 3002 eat
1046 2941 1129 2997 miuus

146 3024 182 3082 sit
200 3041 252 3099 eo,
277 3026 352 3102 quod
373 3026 512 3099 imitatur,
532 3032 562 3082 ut
581 3022 680 3083 umbra
703 3040 828 3100 corpore
852 3031 880 3081 et
901 3023 995 3098 imago
1015 3022 1084 3081 facie
1103 3030 1129 3081 et

146 3115 225 3166 actus
241 3106 408 3167 histrionum
422 3102 500 3167 veris
513 3105 674 3167 affectibus.
701 3105 785 3179 Quod
796 3108 823 3164 in
834 3105 1010 3166 orationibus
1022 3122 1127 3183 quoque

146 3194 251 3250 evenit.
283 3190 413 3270 Namque
433 3193 491 3267 eis,
512 3209 586 3270 quae
607 3191 636 3249 iu
658 3189 820 3268 exemplum
835 3191 1018 3264 assumimus,
1038 3189 1127 3248 subest

145 3282 288 3334 naturast
307 3293 376 3333 vera
391 3276 449 3341 vis;
473 3284 571 3334 contra
589 3274 680 3332 omnis
695 3275 812 3332 imitatio
829 3274 894 3333 licta
910 3282 955 3333 est
976 3280 1005 3331 et
1019 3272 1051 3332 ad
1066 3273 1125 3333 alia·

106 3369 210 3422 lanum
225 3358 404 3436 propositum
420 3358 661 3417 accommodatur.
699 3355 784 3429 Quod
806 3357 893 3431 iacit,
914 3365 945 3414 ιιι
966 3356 1053 3414 minis
1069 3373 1124 3415 sau·

147 3443 241 3520 guinis
256 3459 291 3501 ac
305 3442 406 3500 virium
421 3441 644 3506 declamationes
656 3439 779 3502 babeant
792 3459 874 3520 quam
884 3441 1043 3507 orationes;
1057 3439 1123 3533 quod
