2434 3925
168 166 208 230 78
478 179 838 241 cinanmomum

166 336 262 414 gladio
282 338 416 416 ferrum,
439 336 479 394 itu
500 352 558 394 non
578 352 632 414 pro
654 352 731 413 equo
751 336 992 415 quadrupedem.
1033 338 1161 405 blaxime

166 429 260 479 autern
280 421 308 478 in
331 419 439 479 orando
458 418 567 478 valebit
591 436 773 479 numerorum
794 419 846 480 illa
863 420 993 486 libertas.
1033 422 1107 484 Nam
1129 437 1162 487 et

164 502 259 563 Livius
275 520 364 581 saepe
381 503 424 562 sic
439 502 522 562 dicit:
539 501 695 563 liemonms
711 504 827 582 proelio
842 506 954 581 victor,
973 524 1036 565 cum
1052 506 1158 570 Roma·

165 604 219 645 nos
235 587 341 646 vicisse
364 585 519 662 signifieat:
545 593 575 644 et
595 593 696 647 contra
712 584 816 647 Cicero
832 588 867 647 ad
882 588 1014 665 Brutum,
1030 589 1156 670 Populo,

165 673 269 749 inquit,
291 671 486 748 imposuimus
499 678 528 731 et
543 678 683 731 oratores
696 671 755 731 cisi
768 689 888 748 samue,
912 691 976 732 curn
995 674 1031 733 de
1048 693 1081 735 se
1097 685 1156 736 tan·

122 765 155 818 21
163 763 220 813 tum
236 754 413 833 loqueretur
448 751 532 825 Quod
547 770 639 829 genus
653 770 710 812 non
727 756 872 814 orationes
887 758 972 816 modo
990 768 1084 834 ornat,
1105 761 1156 821 sed

164 841 249 897 etiam
271 837 406 897 cotidiani
429 837 569 895 sermonis
590 855 659 896 usus
678 839 791 915 recipit
826 838 953 911 Quidam
978 804 1156 922 uorexdcpdr

162 928 268 981 vocant
285 930 330 997 et,
347 938 410 979 cum
425 920 477 979 id
468 938 497 978 nn
509 928 646 979 contextu
661 922 817 997 sermonis,
836 922 912 999 quod
927 932 1054 1022 tacetur,
1080 929 1154 986 acci·
1171 915 1185 936 ⁶

163 1007 271 1084 pimus;
296 1004 415 1063 verbum
431 1005 504 1063 enim
522 1022 559 1063 ex
573 1003 671 1065 verbis
686 1004 825 1081 intelligi,
846 1007 922 1084 quod
941 1008 1016 1066 inter
1030 1010 1101 1069 uitia
1116 1011 1154 1070 el·

162 1089 271 1167 lipsis
290 1098 425 1148 vocatur:

423 1167 567 1233 Arcades
587 1173 631 1233 ad
650 1179 757 1270 portos
777 1191 877 1234 ruere.

120 1254 228 1320 milito
251 1254 323 1314 hanc
351 1255 469 1331 liguram
491 1272 558 1314 esse
583 1258 674 1332 magis
696 1255 809 1334 placet;
831 1255 891 1316 illic
914 1274 986 1334 ergo
1007 1257 1154 1318 reddetur.

162 1339 248 1399 nliuu
265 1340 349 1397 etiam
364 1338 532 1414 intelligitur
548 1356 585 1398 ex
602 1339 677 1399 alio:
1208 1340 1214 1348 '

244 1420 375 1501 Aspice,
396 1431 468 1482 aret
469 1440 507 1482 ro
522 1424 593 1501 iope
614 1424 752 1521 reserent
771 1442 920 1502 mepenm
940 1426 1074 1501 invenci,

162 1505 237 1565 unde
260 1515 387 1605 apparet·
398 1515 513 1565 noctem
535 1509 778 1585 appropinquare
821 1506 853 1566 Id
876 1508 977 1567 nescio
993 1525 1029 1566 an
1048 1509 1156 1568 oratori

163 1591 315 1649 conveniat
333 1591 387 1648 uisi
409 1590 437 1648 in
460 1590 700 1667 argumentando,
721 1609 785 1650 cum
806 1592 849 1650 rei
866 1593 977 1668 signum
997 1599 1051 1651 est.
1100 1593 1156 1653 Sed

162 1674 220 1733 boc
237 1673 272 1733 ub
294 1673 466 1732 elocutionis
483 1675 594 1732 ratione
614 1675 708 1733 distat.

120 1767 155 1821 ab
245 1757 308 1816 Nec
320 1757 426 1857 procul
442 1756 477 1816 ub
493 1757 550 1816 boc
565 1775 675 1835 genere
692 1758 814 1821 discedit
828 1758 1040 1857 permrvpic
1021 1780 1057 1835 c,
1083 1778 1157 1838 quae

163 1852 207 1901 est
223 1843 342 1900 nominis
358 1858 412 1920 pro
426 1843 540 1900 nomine
556 1843 672 1920 positio.
708 1839 834 1901 Cunus
806 1861 850 1901 vus
862 1851 907 1901 est
914 1859 993 1920 ‚pro
1008 1860 1046 1901 eo
1053 1843 1157 1921 ,quod

138 1927 282 2002 dicitur,
305 1943 436 2002 causam,
444 1934 580 2024 propter
595 1943 679 2004 quum
694 1926 812 2002 dicitnr,
831 1943 956 2005 ponere;
980 1926 1049 2004 sed,
1072 1936 1104 1987 nt
1118 1929 1158 1987 ait

163 2008 284 2084 Cicero,
302 1999 476 2088 ὑπαλλαγὴν
498 2010 632 2069 rhetores
653 2010 758 2069 dicunt.
803 2009 882 2070 Haec
904 2011 1035 2070 inventas
1056 2011 1123 2071 ab'
1114 2031 1156 2071 ru·

160 2103 282 2153 ventore
306 2103 335 2152 et
351 2093 496 2153 subiectas
512 2112 560 2153 res
577 2093 613 2153 ab
632 2093 825 2155 obtinentibus
840 2094 996 2172 significat:
1018 2104 1049 2155 ut
1066 2093 1157 2157 Cere·

160 2196 225 2238 rem
242 2178 535 2256 correptomondie,
557 2185 587 2237 ει

764 2295 808 2309 —-
821 2273 963 2341 receptus

290 2342 388 2405 Terra
405 2342 564 2423 Neptunus
585 2345 702 2406 classes
715 2341 914 2423 Aquilonibus
933 2353 1030 2408 arcet

118 2426 245 2500 blssuod
265 2427 297 2487 lit
317 2436 475 2487 retrorsum
496 2429 604 2487 durius.
640 2428 742 2488 Refert
766 2439 876 2506 autern,
902 2431 931 2489 in
951 2438 1087 2528 quantum
1107 2428 1158 2490 hio

161 2521 261 2589 tropus
272 2521 417 2571 oratorem
429 2521 575 2589 sequatur.
607 2512 679 2571 Nam
690 2521 720 2571 ut
735 2511 902 2575 Volcanum
917 2530 971 2592 pro
985 2514 1052 2590 igne
1063 2513 1158 2590 vulgo

161 2595 304 2671 audimus,
328 2604 357 2654 et
380 2597 469 2659 vario
483 2593 584 2657 Morte
596 2605 765 2675 popponem
785 2598 911 2657 eruditus
930 2606 976 2657 est
991 2613 1104 2671 sermo,
1131 2603 1161 2656 ει

165 2677 310 2742 Venerem
327 2696 410 2757 quam
425 2680 530 2739 coitum
551 2680 660 2739 dixisse
678 2681 769 2757 magis
790 2681 890 2741 decet:
916 2680 955 2741 ita
970 2680 1113 2742 Liberum
1131 2686 1161 2739 et

161 2761 302 2826 Cererem
316 2780 370 2842 pro
387 2765 454 2822 vino
471 2773 500 2823 et
521 2782 595 2842 pane
619 2764 768 2839 licentius,
791 2783 874 2842 quam
890 2774 921 2823 ut
938 2765 993 2824 lori
1013 2764 1161 2823 severitas

160 2847 245 2907 ierat.
287 2848 367 2907 Sicut
382 2865 419 2907 ex
435 2864 488 2924 eo,
510 2849 587 2925 quod
603 2849 778 2923 continetur,
797 2866 866 2907 usus
882 2850 986 2927 recipit
1002 2848 1079 2909 bene
1093 2866 1159 2908 mo

119 2940 248 2999 neratde
261 2933 356 2993 orbes
375 2939 404 2991 et
423 2932 565 3010 poculum
584 2940 703 3010 epotum
721 2941 750 2991 et
767 2932 921 2993 mecedem
933 2933 1019 3010 [elio.
1062 2930 1103 2990 At
1119 2930 1159 3005 id,

163 3015 240 3093 quod
257 3025 357 3076 contra
373 3024 433 3093 est,
452 3033 518 3076 raro
538 3015 642 3074 audeat
656 3017 735 3094 quis,
751 3018 805 3076 nisi
820 3024 923 3095 poeta·

362 3132 404 3145 -
420 3101 483 3160 ium
495 3101 655 3178 promimus
670 3101 760 3160 ardet
778 3098 941 3178 Ucalepon.

162 3180 224 3240 Nisi
240 3182 315 3242 iou-te
330 3182 387 3241 hcc
402 3184 497 3261 potius
513 3191 574 3257 est,
593 3200 611 3242 a
626 3199 817 3260 possessore,
834 3183 910 3262 quod
927 3181 1110 3262 possidetur,
1129 3189 1161 3242 ut

162 3266 309 3326 bominem
333 3267 493 3342 decorari,
522 3267 601 3325 cuius
627 3268 824 3344 patrimonium
854 3276 1044 3326 consumatur.
1091 3263 1160 3338 Quo

122 3347 248 3407 bbmodo
265 3348 333 3407 liunt
354 3349 574 3409 innumerabiles
589 3352 716 3427 species.
755 3350 844 3410 lluius
860 3351 933 3409 euim
948 3358 1012 3410 sunt
1026 3349 1160 3426 generis,

164 3450 228 3493 cum
244 3431 280 3492 ab
295 3430 452 3491 Hannibale
471 3451 565 3496 coeco
585 3435 671 3512 opud
688 3431 813 3497 Cannae
834 3435 996 3514 serapiam
1009 3433 1095 3495 moe
1116 3431 1160 3492 di·
