2434 3925
349 217 787 288 msu.oauuoa.uxu.x1,a.
1007 206 1068 268 271

64 397 132 462 que
148 378 200 439 illa
218 377 359 453 obscura,
377 397 452 456 quae
468 377 594 437 Atellani
610 396 627 435 e
641 393 722 436 more
738 384 869 453 captant,
883 394 953 450 uec,
974 375 1071 454 qualia

62 465 162 542 vulgo
176 465 318 523 iactantur
333 480 350 522 a
363 463 502 522 vilissimo
521 479 653 539 quoque,
674 478 814 520 conversa
838 462 867 519 in
888 461 1071 521 maledictum

64 551 137 610 iere
158 546 357 629 ambiguitate3
382 564 419 606 ue
442 546 491 605 illa
515 546 644 623 quidem,
670 563 744 622 quae
765 542 899 604 Ciceroni
917 546 1070 622 aliquando

65 633 127 693 sed
140 648 199 690 nou
213 631 240 688 in
256 631 369 706 agendo
391 630 577 704 exciderunt,
592 639 629 688 ut
648 628 734 701 dixit,
757 646 821 686 cum
844 631 871 686 is
892 628 1069 702 candidatus,

66 717 123 795 qni
138 717 204 775 coci
221 713 296 773 lilius
311 713 484 789 habebatur,
506 731 601 773 coram
623 730 660 772 eo
681 712 847 788 suffragium
864 712 900 771 ab
916 713 973 771 alio
989 722 1070 789 pete·

66 809 134 860 ret:
164 796 230 876 Epo
251 814 369 876 quoquc
389 799 443 860 tibi
460 799 581 876 fovebo.
614 797 694 872 Non,
723 799 789 875 quia
815 796 994 856 excludenda
1011 797 1114 860 sinite

67 885 190 944 omnino
210 882 301 942 verba
325 882 398 941 duos
413 900 516 941 sensus
533 882 734 958 significantia,
752 881 805 940 sed
822 881 888 958 quia
907 897 972 939 raro
992 879 1071 938 belle

65 966 280 1046 respondeant,
297 967 351 1024 uisi
367 985 430 1026 cum
444 983 565 1044 prorsus
580 964 668 1025 rebus
685 967 757 1043 ipsis
773 965 949 1025 adiuvantur.
979 963 1072 1036 Quale
1156 989 1158 992 ·

65 1070 131 1112 nou
145 1051 203 1110 boc
220 1050 305 1109 morlo
321 1067 414 1127 paene
429 1059 459 1109 et
474 1052 566 1128 ipsum
586 1050 709 1109 scurrile
725 1048 874 1109 Ciceronis
899 1057 945 1107 est
960 1049 988 1106 in
1004 1065 1073 1106 eun·

67 1137 158 1210 dem,
180 1135 216 1195 de
233 1151 290 1211 quo
307 1135 483 1212 supradixi,
505 1133 676 1194 Isauricum:
702 1131 815 1208 Miror,
833 1135 908 1210 quid
921 1134 971 1208 rit,
991 1131 1073 1208 qnod
1170 1146 1175 1159 ·

64 1228 163 1298 poter
180 1226 260 1293 tono,
276 1217 361 1278 bomo
379 1219 650 1290 constantissimam,
665 1226 695 1277 te
708 1218 795 1278 nobis
809 1219 930 1279 comum
941 1217 1070 1293 reliquit.

68 1303 134 1363 Sed
149 1301 220 1361 illud
238 1320 276 1360 ex
297 1302 400 1360 eodem
419 1320 529 1378 genere
550 1301 748 1379 praeclarum,
772 1319 836 1361 cum
861 1301 1004 1360 obiiceret
1022 1298 1113 1359 itt-49

68 1387 133 1447 loni
155 1393 309 1445 accusator
332 1387 359 1444 iu
378 1395 574 1462 argumentum
599 1386 738 1445 facturum
763 1384 867 1445 (trotio
896 1380 1070 1456 insidiarum,

69 1470 153 1549 quod
168 1468 296 1534 Bouillas
311 1478 377 1528 ante
398 1470 496 1529 boram
513 1487 617 1528 nouam
632 1469 822 1543 devertisset,
844 1479 874 1529 ut
889 1468 1078 1547 expectaret,

68 1557 140 1615 dum
164 1551 284 1612 Clodius
305 1571 320 1611 a
339 1553 407 1614 villa
429 1572 479 1613 sua
505 1556 615 1627 exiret,
642 1563 671 1613 et
690 1553 845 1613 identidem
868 1556 1071 1629 interrogaret,

69 1655 132 1717 quo
149 1646 281 1713 tempore
297 1634 416 1696 Clodius
438 1639 553 1696 occisus
576 1646 671 1697 esset:
694 1639 860 1714 respondit,
881 1637 979 1705 Soror
994 1635 1073 1713 quod

68 1723 122 1781 vel
138 1720 232 1779 solum
248 1721 371 1796 suflicit,
396 1729 427 1779 ut
442 1722 499 1781 boc
516 1738 609 1797 genus
624 1738 681 1780 non
696 1731 786 1780 totum
801 1723 978 1798 repudietur.
1010 1719 1114 1783 Noctu

69 1806 157 1885 plura
172 1805 257 1864 modo
275 1805 432 1881 significari
449 1805 560 1878 solent,
577 1805 730 1864 sedetiam
748 1805 880 1878 diversa,
895 1813 925 1862 ut
939 1803 1017 1862 Nero
1036 1803 1072 1862 de

70 1906 161 1950 servo
177 1890 305 1967 pessimo
322 1889 413 1948 dixit:
435 1887 520 1950 Nulli
533 1891 605 1968 plur
623 1891 710 1968 opud
724 1907 758 1949 ce
775 1889 850 1967 {idei
863 1889 983 1961 tabem,
999 1887 1074 1948 nibil

71 1978 102 2037 α’
122 1990 221 2050 neque
234 1975 391 2035 occlusum
405 1990 506 2050 neque
517 1976 670 2051 sipontum
685 1993 760 2035 eras.
798 1973 933 2033 Pervenit
951 1980 1114 2030 rosus-51

71 2076 130 2138 que
147 2058 183 2117 ad
203 2059 380 2134 aenigma,
402 2057 487 2135 quale
509 2067 554 2116 ast
570 2054 721 2117 Ciceronis
741 2058 768 2115 in
788 2057 944 2116 Pletorium
960 2054 1073 2113 Fonteii

71 2150 293 2216 accusatorem,
319 2144 407 2203 cuius
427 2150 573 2216 matrem,
597 2141 684 2216 dixit,
703 2143 778 2201 damu
792 2144 934 2216 ficisset,
956 2140 1071 2213 ludum,

67 2234 235 2307 postquam
249 2234 369 2287 mortuo
383 2235 472 2302 comt,
487 2227 651 2304 mopietron
660 2226 812 2286 babuisse.
835 2224 1013 2284 Dicebautur
1023 2240 1072 2281 au·

70 2322 149 2385 tem,
172 2309 238 2368 dum
257 2311 344 2383 vixit,
365 2310 487 2369 infames
506 2310 636 2369 feminae
649 2311 805 2368 convenire
820 2310 856 2368 ad
871 2327 934 2368 eam
952 2308 1071 2372 solitae;

71 2401 280 2474 postmortem
299 2393 451 2453 bonseias
472 2387 617 2453 accibant.
657 2393 824 2471 Quanquam
844 2394 890 2452 bio
910 2395 1003 2454 lodus
1019 2408 1073 2469 per

71 2477 291 2538 translationem
303 2477 396 2537 dictus
411 2487 467 2552 est,
482 2479 625 2556 mopirtra'
639 2495 692 2555 per
703 2477 924 2553 ambiguitatem.
955 2476 986 2536 ln
1001 2493 1070 2534 me·
1080 2484 1114 2536 52

72 2562 239 2638 talepsin
268 2577 384 2638 quoque
411 2562 486 2621 cadit
507 2562 608 2622 eadem
628 2562 880 2636 ratiotlictorum,
910 2570 941 2620 ut
965 2558 1072 2619 Fabius

71 2644 230 2718 Maximus,
253 2644 387 2704 incusans
408 2644 530 2721 Augusti
553 2647 782 2721 congeriorum,
809 2663 882 2722 quae
904 2646 1002 2708 amicis
1023 2643 1071 2701 da·

72 2730 188 2802 bantur,
210 2728 405 2804 exiguitatem,
422 2730 593 2790 deminutio
611 2747 678 2787 esse
693 2730 780 2795 diuite
803 2747 866 2787 nam
882 2729 1072 2804 coaptarium
1152 2754 1155 2758 v

74 2828 224 2873 commune
246 2812 426 2872 liberalitatis
448 2821 534 2890 atque
555 2831 724 2888 mensurae,
745 2827 785 2872 ea
796 2830 929 2871 mensura
945 2812 1029 2870 ducta
1044 2811 1072 2867 in

73 2896 258 2955 minutionem
273 2913 378 2955 rerum.
411 2895 491 2955 llaec
508 2906 564 2956 tam
585 2897 806 2974 trigida,:quam
829 2904 875 2954 est
898 2896 1114 2955 nominum53

74 2981 187 3040 fictio
212 2980 350 3055 adiectis,
379 2981 533 3055 detractis,
559 2982 673 3041 mutatis
695 2982 814 3041 litteris:
841 2987 872 3038 ut
893 2977 1071 3052 Acisculum,

75 3066 142 3142 quia
163 3073 244 3123 essct
262 3074 381 3142 pactus,
403 3062 617 3135 Pordonnium
639 3074 668 3123 et
683 3058 828 3124 Placidum
842 3063 971 3137 nomine,
995 3061 1072 3140 quod

73 3150 99 3206 is
116 3147 239 3206 acerbus
254 3151 354 3208 natura
371 3158 460 3224 esset,
477 3146 627 3220 alcidem
642 3158 671 3207 et
687 3148 819 3219 Tullium,
838 3164 902 3204 cum
916 3146 962 3205 fur
980 3155 1070 3220 esset,

79 3230 204 3293 Tollium
219 3233 313 3292 dictos
329 3234 453 3292 invenio.
486 3234 544 3293 Sed
565 3232 639 3291 haec
655 3232 755 3290 eadem
770 3248 879 3307 genera
896 3231 1114 3291 commodiustt

75 3318 104 3374 in
119 3315 206 3375 rebus
225 3333 308 3394 quam
323 3318 351 3375 in
366 3316 525 3377 nominibus
540 3316 727 3394 respondent.
768 3314 840 3373 Aier
861 3316 935 3374 euim
949 3315 1071 3373 venude

75 3396 202 3460 blallium
218 3401 334 3470 Suram,
356 3400 471 3459 multum
487 3401 643 3477 iungendo
664 3400 886 3473 discursantem,
908 3398 1070 3473 salientem,

76 3500 176 3542 manus
200 3485 373 3560 iactantem,
399 3493 495 3560 togam
515 3486 698 3545 deiicientem
733 3494 762 3544 et
781 3492 985 3563 reponentem,
1011 3499 1071 3542 nors
