2434 3925
153 210 194 276 98
459 227 495 272 ru
511 225 589 271 run.
606 223 825 299 pumannum

153 381 337 460 consumptis
352 381 429 440 onim
445 382 583 441 lacrimis
596 378 710 458 inficta
724 380 959 457 tomenpoctori
973 380 1080 442 boaret
1095 381 1153 441 do·

152 467 217 535 lom·
235 475 264 525 et

256 566 263 605 ι
378 580 420 595 -
433 546 567 626 lllcpnce
583 567 666 608 nunc
684 547 791 608 hiscite
806 554 919 607 terroe.

110 633 236 708 1101011
263 633 572 692 exclamationem
605 631 719 708 quidam
744 640 850 689 vocant
874 640 1040 708 ponuntque
1072 633 1151 691 inter

152 720 258 794 ligurus
274 718 421 776 orationis.
457 715 536 774 llaec
558 718 691 793 quotiens
714 731 784 772 vera
807 723 886 790 sunt,
909 732 967 773 non
982 722 1047 773 sunt
1067 717 1096 773 iu
1112 732 1149 774 ea

151 803 254 876 lorma,
271 801 306 859 de
323 819 378 877 qua
393 818 467 858 nunc
481 800 640 877 loquimur,
657 798 710 857 sed
725 797 888 857 assimulata
907 808 935 858 et
950 808 1012 858 arte
1029 815 1147 876 compo-

152 888 206 944 sita
231 885 334 962 procul
356 884 441 944 dubio
463 884 611 942 schemata
638 891 703 941 sunt
725 883 921 942 existimanda.
966 881 1050 956 Quod
1069 883 1147 941 idem

152 971 257 1031 dictum
272 971 309 1027 sit
324 968 360 1027 de
381 969 511 1027 oratione
530 967 638 1041 libera,
661 982 745 1043 quarn
768 963 937 1025 Cornificius
959 966 1149 1027 licentiam

152 1062 248 1127 vocat,
270 1051 374 1111 Graeci
396 1050 570 1131 πᾱρῤησίαν.
611 1050 685 1122 Quid
703 1050 777 1108 enirn
791 1051 882 1108 minus
898 1051 1048 1127 figuratum
1063 1067 1149 1127 quam

110 1149 222 1205 revera
243 1133 384 1195 libertas?
415 1136 473 1195 Sed
495 1135 664 1212 frequenter
687 1131 810 1192 subhac
827 1133 902 1193 lacie
922 1135 993 1194 latet
1010 1134 1147 1193 adulatio.

152 1221 224 1281 Nam
239 1217 343 1278 Cicero
360 1238 424 1277 curn
439 1219 506 1278 dicit
521 1236 574 1296 pro
593 1217 725 1294 Ligario,
742 1215 890 1295 Suscepto
906 1219 997 1294 bello,
1017 1216 1148 1294 Caesar,

149 1312 234 1385 posto
249 1306 312 1364 e'cnt
326 1306 416 1364 etiem
431 1323 471 1364 cn
481 1310 574 1381 porte
588 1321 716 1379 mopere,
737 1303 822 1362 nullo
838 1304 869 1362 oi
884 1311 1008 1364 coactus
1024 1304 1151 1364 consitio

153 1408 193 1450 ao
206 1389 359 1449 voluntate
373 1406 441 1447 mec
455 1389 500 1447 od
514 1406 552 1448 ee
573 1404 663 1446 ormo
682 1387 841 1464 profectus
856 1405 938 1460 scm,
959 1403 1039 1463 quoe
1058 1395 1151 1447 erunt

153 1480 274 1550 sumpto
295 1479 402 1532 contro
422 1479 466 1531 te:
490 1487 547 1528 uon
567 1470 661 1530 solum
683 1471 718 1529 ad
739 1469 888 1532 utilitatem
902 1469 1008 1547 Ligarii
1028 1472 1151 1547 respicit

110 1556 206 1625 29sed
222 1555 313 1632 magis
335 1555 452 1616 laudare
468 1555 588 1613 victoris
612 1554 794 1614 clementiam
814 1571 871 1612 uon
890 1564 998 1631 potest.
1042 1552 1074 1614 lu
1098 1556 1149 1615 illa

153 1658 225 1700 vero
245 1643 401 1700 sententia:
420 1637 502 1712 Qoso
518 1645 619 1699 auterre
636 1639 722 1699 aliud
737 1640 861 1715 opimus,
884 1637 1012 1714 Tubero,
1028 1640 1088 1698 uisi
1104 1648 1148 1714 ut,

154 1725 236 1803 quod
249 1725 298 1785 hic
311 1716 419 1802 potest,
434 1742 489 1783 nos
500 1725 680 1801 possemus?
695 1721 899 1782 admirabiliter
919 1724 1067 1799 utriusque
1082 1741 1147 1800 par·

153 1813 189 1867 tis
205 1809 274 1868 iacit
288 1807 392 1868 bonam
412 1825 542 1875 causam;
557 1807 611 1867 sed
628 1807 685 1866 hoc
707 1824 771 1865 euru
786 1806 960 1883 demeretur,
979 1808 1058 1865 cuius
1074 1807 1149 1866 mala

152 1894 255 1952 iuerat.

236 1977 290 2037 llla
313 1977 405 2037 adhuc
426 1977 578 2036 audaciora
603 1978 783 2036 etmalorum
799 1977 852 2054 (11
869 1973 974 2034 Cicero
990 1976 1148 2055 existimat)

153 2063 290 2137 laterum,
321 2062 504 2121 fictiones
528 2078 788 2138 personarum,
820 2078 894 2138 quae
914 2062 1148 2157 mpoomponooicr

153 2148 293 2206 dicuntur.
325 2144 396 2204 llllre
412 2163 534 2222 namque
550 2163 614 2204 cum
635 2146 746 2204 variant
761 2146 919 2203 orationem
934 2153 993 2214 turn
1011 2143 1148 2203 excitant.

112 2230 204 2294 sollis
227 2239 256 2288 et
277 2230 507 2289 adversariorum
529 2230 720 2305 cogitationes
740 2229 821 2287 velut
846 2246 946 2287 secum
972 2228 1152 2306 loquentium

154 2314 364 2393 protrahimus,
388 2331 462 2391 quae
485 2322 579 2372 tamen
599 2315 639 2372 ita
655 2312 798 2373 demuma
814 2312 870 2371 lide
891 2329 949 2371 non
964 2312 1152 2387 abhorreant,

154 2398 180 2456 si
195 2414 229 2455 ea
243 2396 358 2456 locutos
378 2397 557 2472 finxerimus,
582 2415 658 2475 quae
680 2399 827 2474 cogitasse
848 2413 900 2455 eos
918 2414 982 2455 non
997 2399 1034 2455 sit
1049 2395 1153 2455 absur-

154 2481 235 2547 dum;
265 2490 294 2539 et
319 2489 435 2539 nostros
465 2499 528 2539 cunr
555 2480 619 2540 aliis
645 2498 794 2540 sermones
823 2490 853 2540 et
873 2479 993 2539 aliorum
1016 2481 1090 2538 inter
1118 2497 1154 2539 se

154 2564 332 2623 credibiliter
357 2566 576 2631 introducimus;
598 2574 628 2623 et
662 2566 824 2638 suadendo,
856 2563 1052 2640 obiurgando,
1079 2582 1154 2641 que-

111 2647 253 2724 31reudo,
269 2647 422 2723 laudando,
447 2648 609 2708 miserando
630 2665 771 2728 personas
792 2649 911 2708 idoneas
932 2648 1039 2707 damus.
1076 2648 1157 2721 Quin

154 2734 300 2794 deducere
315 2732 386 2791 deos
402 2733 432 2792 in
445 2732 503 2791 boc
517 2750 628 2808 genere
644 2732 757 2792 dicendi
774 2741 803 2791 et
819 2733 928 2791 inferos
940 2734 1069 2791 excitare
1082 2749 1155 2792 cou-

154 2836 268 2878 cessum
291 2826 345 2875 est.
378 2816 473 2876 Urbes
497 2818 582 2875 etiarn
602 2817 761 2894 populique
781 2834 885 2878 vocem
906 2818 1060 2894 accipiunt.
1107 2816 1156 2875 hc

153 2912 218 2962 sunt
233 2901 356 2979 quidam,
374 2902 421 2979 qui
436 2901 487 2960 bas
506 2901 616 2960 demum
633 2902 870 2980 προσωποποιΐας
886 2900 992 2974 dicant,
1007 2900 1156 2977 inquibus

154 2994 183 3044 et
199 3002 324 3063 corpora
340 2995 369 3045 et
391 2984 481 3044 verba
505 2985 651 3061 fingimus3
677 3003 827 3044 sermones
843 2984 985 3044 hominum
1003 2983 1154 3043 assimula-

116 3077 200 3129 tos
215 3070 314 3128 dicere
337 3063 493 3148 διαλόγους
511 3070 633 3141 malunt,
658 3069 736 3168 quod
755 3068 918 3127 Latinorum
941 3067 1054 3145 quidam
1071 3067 1155 3129 dixe·

111 3161 218 3218 311111
233 3170 351 3211 sermo
361 3156 590 3213 cinationem
618 3152 712 3229 Ego
704 3171 758 3211 ram
773 3161 895 3230 recepto
908 3168 989 3211 more
1000 3160 1156 3230 utrumqne

155 3236 258 3296 eodem
279 3237 365 3295 modo
388 3237 543 3315 appellavi
581 3236 654 3295 Nam
677 3246 757 3296 certe
774 3254 869 3296 sermo
885 3236 953 3312 lingi
971 3252 1028 3295 non
1042 3244 1154 3313 potest,

152 3329 183 3380 ut
204 3337 261 3379 uon
278 3337 422 3397 personae
444 3337 540 3379 sermo
559 3321 692 3396 tingatur.
738 3321 827 3381 Sed
818 3340 847 3380 ru
869 3320 930 3393 bis,
952 3338 1028 3398 quae
1051 3329 1156 3380 natura

152 3421 210 3463 non
227 3403 375 3481 permittit,
393 3404 450 3463 hoc
466 3403 550 3462 modo
565 3405 682 3463 mollior
693 3404 724 3463 lit
740 3404 848 3480 figura:
865 3401 1155 3465 Etenimsimecum

150 3489 273 3571 patrio,
298 3488 467 3567 quaemihi
486 3489 549 3550 cito
571 3489 751 3570 memmallo
778 3496 824 3549 cst
847 3490 969 3564 carior,
992 3488 1156 3550 sicuncto
