<?xml version="1.0" encoding="UTF-8"?>
<!DOCTYPE html PUBLIC "-//W3C//DTD XHTML 1.0 Transitional//EN"
    "http://www.w3.org/TR/xhtml1/DTD/xhtml1-transitional.dtd">
<html xmlns="http://www.w3.org/1999/xhtml" xml:lang="en" lang="en">
 <head>
  <title>
</title>
<meta http-equiv="Content-Type" content="text/html;charset=utf-8" />
  <meta name='ocr-system' content='tesseract 3.04.00' />
  <meta name='ocr-capabilities' content='ocr_page ocr_carea ocr_par ocr_line ocrx_word'/>
</head>
<body>
  <div class='ocr_page' id='page_1' title='image "./mfabiiquintilia08bonngoog_0164.png"; bbox 0 0 2434 3925; ppageno 0'>
   <div class='ocr_carea' id='block_1_1' title="bbox 156 194 835 266">
    <p class='ocr_par' dir='ltr' id='par_1_1' title="bbox 156 194 835 266">
     <span class='ocr_line' id='line_1_1' title="bbox 156 194 835 266; baseline -0.006 -9"><span class='ocrx_word' id='word_1_1' title='bbox 156 194 215 258; x_wconf 84' lang='lat'><strong>112</strong></span> <span class='ocrx_word' id='word_1_2' title='bbox 471 205 835 266; x_wconf 56' lang='lat' dir='ltr'><strong>amnemamnem</strong></span> 
     </span>
    </p>
   </div>
   <div class='ocr_carea' id='block_1_2' title="bbox 111 360 1157 3224">
    <p class='ocr_par' dir='ltr' id='par_1_2' title="bbox 154 360 1154 444">
     <span class='ocr_line' id='line_1_2' title="bbox 154 360 1154 444; baseline -0.002 -20"><span class='ocrx_word' id='word_1_3' title='bbox 154 362 293 444; x_wconf 86' lang='lat' dir='ltr'><strong>quaedam</strong></span> <span class='ocrx_word' id='word_1_4' title='bbox 307 362 382 422; x_wconf 91' lang='lat' dir='ltr'><strong>ratio</strong></span> <span class='ocrx_word' id='word_1_5' title='bbox 397 361 554 438; x_wconf 77' lang='lat' dir='ltr'>succurrit,</span> <span class='ocrx_word' id='word_1_6' title='bbox 570 361 648 439; x_wconf 82' lang='lat' dir='ltr'><strong>quod</strong></span> <span class='ocrx_word' id='word_1_7' title='bbox 664 378 748 420; x_wconf 90' lang='lat' dir='ltr'><strong>omne</strong></span> <span class='ocrx_word' id='word_1_8' title='bbox 764 360 903 420; x_wconf 91' lang='lat' dir='ltr'><strong>orationis</strong></span> <span class='ocrx_word' id='word_1_9' title='bbox 918 360 1045 420; x_wconf 85' lang='lat' dir='ltr'><strong>cilicium</strong></span> <span class='ocrx_word' id='word_1_10' title='bbox 1060 365 1154 423; x_wconf 89' lang='lat' dir='ltr'><strong>autin</strong></span> 
     </span>
    </p>

    <p class='ocr_par' dir='ltr' id='par_1_3' title="bbox 127 444 1152 776">
     <span class='ocr_line' id='line_1_3' title="bbox 127 444 1152 522; baseline -0.007 -8"><span class='ocrx_word' id='word_1_11' title='bbox 127 458 144 514; x_wconf 85' lang='grc'><strong>7</strong></span> <span class='ocrx_word' id='word_1_12' title='bbox 152 449 264 510; x_wconf 89' lang='lat' dir='ltr'><strong>iudiciis</strong></span> <span class='ocrx_word' id='word_1_13' title='bbox 288 456 333 505; x_wconf 88' lang='lat' dir='ltr'><strong>est</strong></span> <span class='ocrx_word' id='word_1_14' title='bbox 358 454 405 505; x_wconf 87' lang='lat' dir='ltr'><strong>aut</strong></span> <span class='ocrx_word' id='word_1_15' title='bbox 432 454 515 505; x_wconf 87' lang='lat' dir='ltr'><strong>extra</strong></span> <span class='ocrx_word' id='word_1_16' title='bbox 538 445 653 505; x_wconf 88' lang='lat' dir='ltr'><strong>iudicia.</strong></span> <span class='ocrx_word' id='word_1_17' title='bbox 695 445 819 520; x_wconf 84' lang='lat' dir='ltr'><strong>Eorum,</strong></span> <span class='ocrx_word' id='word_1_18' title='bbox 846 445 883 505; x_wconf 92' lang='lat' dir='ltr'><strong>de</strong></span> <span class='ocrx_word' id='word_1_19' title='bbox 913 444 1016 522; x_wconf 86' lang='lat' dir='ltr'><strong>quibus</strong></span> <span class='ocrx_word' id='word_1_20' title='bbox 1044 447 1152 507; x_wconf 91' lang='lat' dir='ltr'><strong>iudicio</strong></span> 
     </span>
     <span class='ocr_line' id='line_1_4' title="bbox 141 529 1152 610; baseline -0.001 -19"><span class='ocrx_word' id='word_1_21' title='bbox 141 532 315 610; x_wconf 61' lang='lat' dir='ltr'><strong>‚quaeritur,</strong></span> <span class='ocrx_word' id='word_1_22' title='bbox 337 529 517 589; x_wconf 86' lang='lat' dir='ltr'><strong>manifestum</strong></span> <span class='ocrx_word' id='word_1_23' title='bbox 534 538 579 588; x_wconf 90' lang='lat' dir='ltr'><strong>est</strong></span> <span class='ocrx_word' id='word_1_24' title='bbox 596 547 704 606; x_wconf 89' lang='lat' dir='ltr'><strong>genus;</strong></span> <span class='ocrx_word' id='word_1_25' title='bbox 732 547 784 604; x_wconf 85' lang='lat' dir='ltr'><strong>ea,</strong></span> <span class='ocrx_word' id='word_1_26' title='bbox 809 548 882 608; x_wconf 91' lang='lat' dir='ltr'><strong>quae</strong></span> <span class='ocrx_word' id='word_1_27' title='bbox 899 529 934 589; x_wconf 92' lang='lat' dir='ltr'><strong>ad</strong></span> <span class='ocrx_word' id='word_1_28' title='bbox 955 530 1079 590; x_wconf 90' lang='lat' dir='ltr'><strong>iudicem</strong></span> <span class='ocrx_word' id='word_1_29' title='bbox 1093 549 1152 590; x_wconf 90' lang='lat' dir='ltr'><strong>non</strong></span> 
     </span>
     <span class='ocr_line' id='line_1_5' title="bbox 151 613 1152 692; baseline -0.001 -16"><span class='ocrx_word' id='word_1_30' title='bbox 151 618 287 689; x_wconf 90' lang='lat' dir='ltr'><strong>veniunt,</strong></span> <span class='ocrx_word' id='word_1_31' title='bbox 307 622 355 673; x_wconf 94' lang='lat' dir='ltr'><strong>aut</strong></span> <span class='ocrx_word' id='word_1_32' title='bbox 372 615 558 692; x_wconf 90' lang='lat' dir='ltr'><strong>praeteritum</strong></span> <span class='ocrx_word' id='word_1_33' title='bbox 571 613 678 672; x_wconf 88' lang='lat' dir='ltr'><strong>habent</strong></span> <span class='ocrx_word' id='word_1_34' title='bbox 692 621 820 691; x_wconf 91' lang='lat' dir='ltr'><strong>tempus,</strong></span> <span class='ocrx_word' id='word_1_35' title='bbox 843 622 891 673; x_wconf 92' lang='lat' dir='ltr'><strong>aut</strong></span> <span class='ocrx_word' id='word_1_36' title='bbox 905 613 1043 682; x_wconf 85' lang='lat' dir='ltr'><strong>futurum;</strong></span> <span class='ocrx_word' id='word_1_37' title='bbox 1066 632 1152 692; x_wconf 90' lang='lat' dir='ltr'><strong>prae·</strong></span> 
     </span>
     <span class='ocr_line' id='line_1_6' title="bbox 152 696 1150 776; baseline -0.004 -16"><span class='ocrx_word' id='word_1_38' title='bbox 152 702 237 760; x_wconf 88' lang='lat' dir='ltr'><strong>terita</strong></span> <span class='ocrx_word' id='word_1_39' title='bbox 267 698 413 759; x_wconf 77' lang='lat' dir='ltr'>laudamus</span> <span class='ocrx_word' id='word_1_40' title='bbox 439 706 486 756; x_wconf 92' lang='lat' dir='ltr'><strong>aut</strong></span> <span class='ocrx_word' id='word_1_41' title='bbox 514 699 725 776; x_wconf 81' lang='lat' dir='ltr'><strong>vituperamus,</strong></span> <span class='ocrx_word' id='word_1_42' title='bbox 755 697 791 757; x_wconf 94' lang='lat' dir='ltr'><strong>de</strong></span> <span class='ocrx_word' id='word_1_43' title='bbox 817 697 920 757; x_wconf 89' lang='lat' dir='ltr'><strong>luturis</strong></span> <span class='ocrx_word' id='word_1_44' title='bbox 945 696 1150 759; x_wconf 83' lang='lat' dir='ltr'><strong>deliberamus.</strong></span> 
     </span>
    </p>

    <p class='ocr_par' dir='ltr' id='par_1_4' title="bbox 127 780 1153 1181">
     <span class='ocr_line' id='line_1_7' title="bbox 127 780 1153 860; baseline -0.002 -16"><span class='ocrx_word' id='word_1_45' title='bbox 127 784 223 851; x_wconf 76' lang='lat' dir='ltr'><strong>sltem</strong></span> <span class='ocrx_word' id='word_1_46' title='bbox 241 785 350 857; x_wconf 88' lang='lat' dir='ltr'><strong>omnia,</strong></span> <span class='ocrx_word' id='word_1_47' title='bbox 373 782 409 842; x_wconf 92' lang='lat' dir='ltr'><strong>de</strong></span> <span class='ocrx_word' id='word_1_48' title='bbox 426 780 529 860; x_wconf 89' lang='lat' dir='ltr'><strong>quibus</strong></span> <span class='ocrx_word' id='word_1_49' title='bbox 545 781 696 842; x_wconf 92' lang='lat' dir='ltr'><strong>dicendum</strong></span> <span class='ocrx_word' id='word_1_50' title='bbox 711 790 772 856; x_wconf 91' lang='lat' dir='ltr'><strong>est,</strong></span> <span class='ocrx_word' id='word_1_51' title='bbox 795 790 843 841; x_wconf 90' lang='lat' dir='ltr'><strong>aut</strong></span> <span class='ocrx_word' id='word_1_52' title='bbox 859 791 939 842; x_wconf 90' lang='lat' dir='ltr'><strong>certa</strong></span> <span class='ocrx_word' id='word_1_53' title='bbox 956 783 1012 840; x_wconf 92' lang='lat' dir='ltr'><strong>sint</strong></span> <span class='ocrx_word' id='word_1_54' title='bbox 1026 800 1153 842; x_wconf 88' lang='lat' dir='ltr'><strong>necesse</strong></span> 
     </span>
     <span class='ocr_line' id='line_1_8' title="bbox 152 864 1151 966; baseline -0.001 -38"><span class='ocrx_word' id='word_1_55' title='bbox 152 877 197 928; x_wconf 90' lang='lat' dir='ltr'><strong>est</strong></span> <span class='ocrx_word' id='word_1_56' title='bbox 215 876 262 928; x_wconf 94' lang='lat' dir='ltr'><strong>aut</strong></span> <span class='ocrx_word' id='word_1_57' title='bbox 278 866 372 928; x_wconf 89' lang='lat' dir='ltr'><strong>dubia.</strong></span> <span class='ocrx_word' id='word_1_58' title='bbox 407 864 511 942; x_wconf 85' lang='lat' dir='ltr'><strong>Certa,</strong></span> <span class='ocrx_word' id='word_1_59' title='bbox 534 874 564 924; x_wconf 94' lang='lat' dir='ltr'><strong>ut</strong></span> <span class='ocrx_word' id='word_1_60' title='bbox 580 868 685 966; x_wconf 82' lang='lat' dir='ltr'><strong>cuique</strong></span> <span class='ocrx_word' id='word_1_61' title='bbox 701 875 746 926; x_wconf 93' lang='lat' dir='ltr'><strong>est</strong></span> <span class='ocrx_word' id='word_1_62' title='bbox 766 866 890 941; x_wconf 87' lang='lat' dir='ltr'><strong>animus,</strong></span> <span class='ocrx_word' id='word_1_63' title='bbox 913 866 1009 926; x_wconf 89' lang='lat' dir='ltr'><strong>laudat</strong></span> <span class='ocrx_word' id='word_1_64' title='bbox 1024 876 1073 927; x_wconf 90' lang='lat' dir='ltr'><strong>aut</strong></span> <span class='ocrx_word' id='word_1_65' title='bbox 1090 869 1151 927; x_wconf 95' lang='lat' dir='ltr'><strong>cul·</strong></span> 
     </span>
     <span class='ocr_line' id='line_1_9' title="bbox 151 948 1152 1032; baseline -0.002 -20"><span class='ocrx_word' id='word_1_66' title='bbox 151 962 214 1032; x_wconf 88' lang='lat' dir='ltr'><strong>pat;</strong></span> <span class='ocrx_word' id='word_1_67' title='bbox 237 970 275 1010; x_wconf 90' lang='lat' dir='ltr'><strong>ex</strong></span> <span class='ocrx_word' id='word_1_68' title='bbox 290 949 382 1011; x_wconf 93' lang='lat' dir='ltr'><strong>dubiis</strong></span> <span class='ocrx_word' id='word_1_69' title='bbox 398 951 501 1029; x_wconf 88' lang='lat' dir='ltr'><strong>partim</strong></span> <span class='ocrx_word' id='word_1_70' title='bbox 517 948 630 1008; x_wconf 91' lang='lat' dir='ltr'><strong>nobis</strong></span> <span class='ocrx_word' id='word_1_71' title='bbox 622 952 693 1028; x_wconf 85' lang='lat' dir='ltr'><strong>ipsis</strong></span> <span class='ocrx_word' id='word_1_72' title='bbox 716 949 751 1009; x_wconf 93' lang='lat' dir='ltr'><strong>ad</strong></span> <span class='ocrx_word' id='word_1_73' title='bbox 768 949 941 1009; x_wconf 83' lang='lat' dir='ltr'>electionem</span> <span class='ocrx_word' id='word_1_74' title='bbox 958 959 1023 1010; x_wconf 89' lang='lat' dir='ltr'><strong>sunt</strong></span> <span class='ocrx_word' id='word_1_75' title='bbox 1046 951 1152 1027; x_wconf 88' lang='lat' dir='ltr'><strong>libera,</strong></span> 
     </span>
     <span class='ocr_line' id='line_1_10' title="bbox 152 1033 1153 1138; baseline 0 -42"><span class='ocrx_word' id='word_1_76' title='bbox 152 1038 189 1096; x_wconf 92' lang='lat' dir='ltr'><strong>de</strong></span> <span class='ocrx_word' id='word_1_77' title='bbox 204 1037 249 1096; x_wconf 93' lang='lat' dir='ltr'><strong>bis</strong></span> <span class='ocrx_word' id='word_1_78' title='bbox 271 1035 463 1102; x_wconf 74' lang='lat' dir='ltr'><strong>deliberatur:</strong></span> <span class='ocrx_word' id='word_1_79' title='bbox 486 1035 589 1112; x_wconf 90' lang='lat' dir='ltr'><strong>partim</strong></span> <span class='ocrx_word' id='word_1_80' title='bbox 608 1033 730 1095; x_wconf 86' lang='lat' dir='ltr'><strong>aliorum</strong></span> <span class='ocrx_word' id='word_1_81' title='bbox 747 1036 907 1138; x_wconf 87' lang='lat' dir='ltr'><strong>sententiae</strong></span> <span class='ocrx_word' id='word_1_82' title='bbox 925 1036 1093 1113; x_wconf 88' lang='lat' dir='ltr'><strong>commissa,</strong></span> <span class='ocrx_word' id='word_1_83' title='bbox 1115 1037 1153 1098; x_wconf 92' lang='lat' dir='ltr'><strong>de</strong></span> 
     </span>
     <span class='ocr_line' id='line_1_11' title="bbox 152 1118 472 1181; baseline -0.013 0"><span class='ocrx_word' id='word_1_84' title='bbox 152 1120 196 1181; x_wconf 90' lang='lat' dir='ltr'><strong>his</strong></span> <span class='ocrx_word' id='word_1_85' title='bbox 214 1121 265 1180; x_wconf 92' lang='lat' dir='ltr'><strong>lite</strong></span> <span class='ocrx_word' id='word_1_86' title='bbox 282 1118 472 1179; x_wconf 78' lang='lat' dir='ltr'><strong>contenditur.</strong></span> 
     </span>
    </p>

    <p class='ocr_par' dir='ltr' id='par_1_5' title="bbox 128 1202 1154 1618">
     <span class='ocr_line' id='line_1_12' title="bbox 128 1202 1153 1282; baseline -0.003 -16"><span class='ocrx_word' id='word_1_87' title='bbox 128 1211 145 1266; x_wconf 82' lang='lat'><strong>9</strong></span> <span class='ocrx_word' id='word_1_88' title='bbox 236 1203 430 1263; x_wconf 77' lang='lat' dir='ltr'>Anaximenes</span> <span class='ocrx_word' id='word_1_89' title='bbox 451 1203 629 1267; x_wconf 80' lang='lat' dir='ltr'><strong>iudicialem</strong></span> <span class='ocrx_word' id='word_1_90' title='bbox 653 1210 682 1263; x_wconf 91' lang='lat' dir='ltr'><strong>et</strong></span> <span class='ocrx_word' id='word_1_91' title='bbox 699 1203 899 1264; x_wconf 77' lang='lat' dir='ltr'><strong>contionalem</strong></span> <span class='ocrx_word' id='word_1_92' title='bbox 913 1202 1070 1280; x_wconf 78' lang='lat' dir='ltr'>generales</span> <span class='ocrx_word' id='word_1_93' title='bbox 1085 1222 1153 1282; x_wconf 89' lang='lat' dir='ltr'><strong>par·</strong></span> 
     </span>
     <span class='ocr_line' id='line_1_13' title="bbox 152 1287 1154 1366; baseline -0.002 -16"><span class='ocrx_word' id='word_1_94' title='bbox 152 1298 197 1350; x_wconf 92' lang='lat' dir='ltr'><strong>tes</strong></span> <span class='ocrx_word' id='word_1_95' title='bbox 219 1306 287 1348; x_wconf 89' lang='lat' dir='ltr'><strong>esse</strong></span> <span class='ocrx_word' id='word_1_96' title='bbox 308 1287 417 1362; x_wconf 91' lang='lat' dir='ltr'><strong>voluit,</strong></span> <span class='ocrx_word' id='word_1_97' title='bbox 444 1297 556 1366; x_wconf 90' lang='lat' dir='ltr'><strong>septem</strong></span> <span class='ocrx_word' id='word_1_98' title='bbox 579 1295 674 1347; x_wconf 91' lang='lat' dir='ltr'><strong>autem</strong></span> <span class='ocrx_word' id='word_1_99' title='bbox 698 1288 832 1364; x_wconf 88' lang='lat' dir='ltr'><strong>species:</strong></span> <span class='ocrx_word' id='word_1_100' title='bbox 858 1288 1016 1365; x_wconf 77' lang='lat' dir='ltr'><strong>hortandi,</strong></span> <span class='ocrx_word' id='word_1_101' title='bbox 1039 1290 1154 1350; x_wconf 83' lang='lat' dir='ltr'><strong>debor-</strong></span> 
     </span>
     <span class='ocr_line' id='line_1_14' title="bbox 151 1331 1154 1472; baseline -0.001 -37"><span class='ocrx_word' id='word_1_102' title='bbox 151 1373 256 1448; x_wconf 85' lang='lat' dir='ltr'><strong>tocdi,</strong></span> <span class='ocrx_word' id='word_1_103' title='bbox 290 1331 458 1447; x_wconf 72' lang='lat' dir='ltr'><strong>laudandi,</strong></span> <span class='ocrx_word' id='word_1_104' title='bbox 490 1372 701 1470; x_wconf 79' lang='lat' dir='ltr'><strong>vituperandi,</strong></span> <span class='ocrx_word' id='word_1_105' title='bbox 734 1372 922 1449; x_wconf 73' lang='lat' dir='ltr'><strong>accersendi,</strong></span> <span class='ocrx_word' id='word_1_106' title='bbox 956 1373 1154 1472; x_wconf 74' lang='lat' dir='ltr'><strong>defendendi,</strong></span> 
     </span>
     <span class='ocr_line' id='line_1_15' title="bbox 153 1447 1154 1535; baseline -0.001 -18"><span class='ocrx_word' id='word_1_107' title='bbox 153 1457 353 1534; x_wconf 71' lang='lat' dir='ltr'><strong>exquirendi,</strong></span> <span class='ocrx_word' id='word_1_108' title='bbox 383 1454 460 1533; x_wconf 90' lang='lat' dir='ltr'><strong>quod</strong></span> <span class='ocrx_word' id='word_1_109' title='bbox 485 1447 665 1529; x_wconf 79' lang='grc' dir='ltr'><strong><em>ἐξεταστικὸν</em></strong></span> <span class='ocrx_word' id='word_1_110' title='bbox 688 1456 773 1523; x_wconf 89' lang='lat' dir='ltr'><strong>dicit;</strong></span> <span class='ocrx_word' id='word_1_111' title='bbox 801 1472 919 1533; x_wconf 90' lang='lat' dir='ltr'><strong>quarum</strong></span> <span class='ocrx_word' id='word_1_112' title='bbox 941 1456 1014 1516; x_wconf 90' lang='lat' dir='ltr'><strong>duae</strong></span> <span class='ocrx_word' id='word_1_113' title='bbox 1043 1459 1154 1535; x_wconf 91' lang='lat' dir='ltr'><strong>primae</strong></span> 
     </span>
     <span class='ocr_line' id='line_1_16' title="bbox 153 1539 1153 1618; baseline 0 -18"><span class='ocrx_word' id='word_1_114' title='bbox 153 1541 350 1614; x_wconf 85' lang='lat' dir='ltr'><strong>deliberativi,</strong></span> <span class='ocrx_word' id='word_1_115' title='bbox 367 1540 440 1599; x_wconf 90' lang='lat' dir='ltr'><strong>duae</strong></span> <span class='ocrx_word' id='word_1_116' title='bbox 456 1548 614 1618; x_wconf 85' lang='lat' dir='ltr'>sequentes</span> <span class='ocrx_word' id='word_1_117' title='bbox 629 1539 855 1614; x_wconf 82' lang='lat' dir='ltr'><strong>demonstrativi,</strong></span> <span class='ocrx_word' id='word_1_118' title='bbox 871 1548 932 1599; x_wconf 92' lang='lat' dir='ltr'><strong>tres</strong></span> <span class='ocrx_word' id='word_1_119' title='bbox 948 1541 1063 1600; x_wconf 92' lang='lat' dir='ltr'><strong>ultimae</strong></span> <span class='ocrx_word' id='word_1_120' title='bbox 1079 1541 1153 1600; x_wconf 92' lang='lat' dir='ltr'><strong>iudi·</strong></span> 
     </span>
    </p>

    <p class='ocr_par' dir='ltr' id='par_1_6' title="bbox 111 1623 1157 2127">
     <span class='ocr_line' id='line_1_17' title="bbox 111 1623 1154 1703; baseline 0.002 -19"><span class='ocrx_word' id='word_1_121' title='bbox 111 1631 145 1684; x_wconf 86' lang='grc'><strong>10</strong></span> <span class='ocrx_word' id='word_1_122' title='bbox 154 1625 235 1685; x_wconf 89' lang='lat' dir='ltr'><strong>cralrs</strong></span> <span class='ocrx_word' id='word_1_123' title='bbox 249 1625 367 1702; x_wconf 86' lang='lat' dir='ltr'><strong>generis</strong></span> <span class='ocrx_word' id='word_1_124' title='bbox 385 1632 450 1682; x_wconf 90' lang='lat' dir='ltr'><strong>sunt</strong></span> <span class='ocrx_word' id='word_1_125' title='bbox 464 1633 573 1703; x_wconf 90' lang='lat' dir='ltr'><strong>partes</strong></span> <span class='ocrx_word' id='word_1_126' title='bbox 607 1623 787 1701; x_wconf 82' lang='lat' dir='ltr'><strong>Protagoran</strong></span> <span class='ocrx_word' id='word_1_127' title='bbox 802 1633 935 1699; x_wconf 77' lang='lat' dir='ltr'><strong>transeo,</strong></span> <span class='ocrx_word' id='word_1_128' title='bbox 960 1628 1007 1703; x_wconf 91' lang='lat' dir='ltr'><strong>qui</strong></span> <span class='ocrx_word' id='word_1_129' title='bbox 1022 1628 1154 1686; x_wconf 81' lang='lat' dir='ltr'><strong>interro·</strong></span> 
     </span>
     <span class='ocr_line' id='line_1_18' title="bbox 151 1700 1157 1790; baseline -0.002 -19"><span class='ocrx_word' id='word_1_130' title='bbox 151 1711 265 1790; x_wconf 81' lang='lat' dir='ltr'><strong>gandi,</strong></span> <span class='ocrx_word' id='word_1_131' title='bbox 288 1710 510 1786; x_wconf 81' lang='lat' dir='ltr'><strong>respondendi,</strong></span> <span class='ocrx_word' id='word_1_132' title='bbox 529 1708 716 1783; x_wconf 81' lang='lat' dir='ltr'><strong>mandendi,</strong></span> <span class='ocrx_word' id='word_1_133' title='bbox 736 1710 906 1789; x_wconf 84' lang='lat' dir='ltr'><strong>precandi,</strong></span> <span class='ocrx_word' id='word_1_134' title='bbox 930 1710 1008 1786; x_wconf 87' lang='lat' dir='ltr'><strong>quod</strong></span> <span class='ocrx_word' id='word_1_135' title='bbox 1023 1700 1157 1788; x_wconf 75' lang='grc' dir='ltr'><strong>εὐχωλὴν</strong></span> 
     </span>
     <span class='ocr_line' id='line_1_19' title="bbox 154 1793 1154 1893; baseline 0.001 -39"><span class='ocrx_word' id='word_1_136' title='bbox 154 1793 235 1871; x_wconf 81' lang='lat' dir='ltr'><strong>dixit,</strong></span> <span class='ocrx_word' id='word_1_137' title='bbox 254 1803 352 1872; x_wconf 93' lang='lat' dir='ltr'><strong>partes</strong></span> <span class='ocrx_word' id='word_1_138' title='bbox 371 1793 450 1853; x_wconf 89' lang='lat' dir='ltr'><strong>solas</strong></span> <span class='ocrx_word' id='word_1_139' title='bbox 467 1801 556 1872; x_wconf 89' lang='lat' dir='ltr'><strong>putat</strong></span> <span class='ocrx_word' id='word_1_140' title='bbox 587 1793 693 1853; x_wconf 87' lang='lat' dir='ltr'><strong>Plato</strong></span> <span class='ocrx_word' id='word_1_141' title='bbox 685 1812 712 1852; x_wconf 90' lang='lat' dir='ltr'><strong>ru</strong></span> <span class='ocrx_word' id='word_1_142' title='bbox 725 1794 862 1893; x_wconf 87' lang='lat' dir='ltr'><strong>Sophiste</strong></span> <span class='ocrx_word' id='word_1_143' title='bbox 876 1795 1020 1855; x_wconf 78' lang='lat' dir='ltr'><strong>iudicioli</strong></span> <span class='ocrx_word' id='word_1_144' title='bbox 1034 1803 1063 1853; x_wconf 92' lang='lat' dir='ltr'><strong>et</strong></span> <span class='ocrx_word' id='word_1_145' title='bbox 1080 1814 1154 1855; x_wconf 83' lang='lat' dir='ltr'><strong>coss-</strong></span> 
     </span>
     <span class='ocr_line' id='line_1_20' title="bbox 154 1869 1153 1957; baseline -0.003 -16"><span class='ocrx_word' id='word_1_146' title='bbox 154 1879 260 1941; x_wconf 71' lang='lat' dir='ltr'><strong>accoli</strong></span> <span class='ocrx_word' id='word_1_147' title='bbox 279 1880 390 1937; x_wconf 86' lang='lat' dir='ltr'><strong>tertiam</strong></span> <span class='ocrx_word' id='word_1_148' title='bbox 405 1878 511 1938; x_wconf 88' lang='lat' dir='ltr'><strong>adiecit</strong></span> <span class='ocrx_word' id='word_1_149' title='bbox 524 1869 788 1957; x_wconf 72' lang='grc' dir='ltr'><strong>κροσομιιηιικὴν,</strong></span> <span class='ocrx_word' id='word_1_150' title='bbox 812 1896 896 1956; x_wconf 87' lang='lat' dir='ltr'><strong>quam</strong></span> <span class='ocrx_word' id='word_1_151' title='bbox 914 1896 984 1937; x_wconf 88' lang='lat' dir='ltr'><strong>sane</strong></span> <span class='ocrx_word' id='word_1_152' title='bbox 1005 1879 1153 1956; x_wconf 90' lang='lat' dir='ltr'><strong>permitta-</strong></span> 
     </span>
     <span class='ocr_line' id='line_1_21' title="bbox 153 1963 1153 2043; baseline -0.001 -20"><span class='ocrx_word' id='word_1_153' title='bbox 153 1983 215 2024; x_wconf 89' lang='lat' dir='ltr'><strong>mus</strong></span> <span class='ocrx_word' id='word_1_154' title='bbox 234 1963 318 2023; x_wconf 90' lang='lat' dir='ltr'><strong>nobis</strong></span> <span class='ocrx_word' id='word_1_155' title='bbox 336 1963 434 2023; x_wconf 90' lang='lat' dir='ltr'><strong>dicere</strong></span> <span class='ocrx_word' id='word_1_156' title='bbox 456 1964 756 2031; x_wconf 71' lang='lat' dir='ltr'><strong>sermocinantem,-</strong></span> <span class='ocrx_word' id='word_1_157' title='bbox 778 1981 852 2043; x_wconf 89' lang='lat' dir='ltr'><strong>quae</strong></span> <span class='ocrx_word' id='word_1_158' title='bbox 878 1982 893 2023; x_wconf 90' lang='lat' dir='ltr'><strong>a</strong></span> <span class='ocrx_word' id='word_1_159' title='bbox 912 1964 1022 2023; x_wconf 88' lang='lat' dir='ltr'><strong>lorensi</strong></span> <span class='ocrx_word' id='word_1_160' title='bbox 1039 1965 1153 2024; x_wconf 89' lang='lat' dir='ltr'><strong>ratione</strong></span> 
     </span>
     <span class='ocr_line' id='line_1_22' title="bbox 153 2046 1153 2127; baseline -0.002 -19"><span class='ocrx_word' id='word_1_161' title='bbox 153 2049 324 2125; x_wconf 87' lang='lat' dir='ltr'><strong>disiungitur</strong></span> <span class='ocrx_word' id='word_1_162' title='bbox 336 2057 365 2107; x_wconf 93' lang='lat' dir='ltr'><strong>et</strong></span> <span class='ocrx_word' id='word_1_163' title='bbox 381 2057 426 2107; x_wconf 90' lang='lat' dir='ltr'><strong>est</strong></span> <span class='ocrx_word' id='word_1_164' title='bbox 441 2046 656 2107; x_wconf 90' lang='lat' dir='ltr'><strong>accommodata</strong></span> <span class='ocrx_word' id='word_1_165' title='bbox 671 2049 790 2125; x_wconf 88' lang='lat' dir='ltr'><strong>privatis</strong></span> <span class='ocrx_word' id='word_1_166' title='bbox 802 2047 1053 2127; x_wconf 76' lang='lat' dir='ltr'><strong>disputationibus,</strong></span> <span class='ocrx_word' id='word_1_167' title='bbox 1071 2050 1153 2107; x_wconf 89' lang='lat' dir='ltr'><strong>cuius</strong></span> 
     </span>
    </p>

    <p class='ocr_par' dir='ltr' id='par_1_7' title="bbox 114 2131 1154 2295">
     <span class='ocr_line' id='line_1_23' title="bbox 114 2131 1154 2211; baseline -0.002 -19"><span class='ocrx_word' id='word_1_168' title='bbox 114 2135 198 2194; x_wconf 55' lang='lat' dir='ltr'><strong>⁸lvis</strong></span> <span class='ocrx_word' id='word_1_169' title='bbox 219 2131 468 2211; x_wconf 81' lang='lat' dir='ltr'><strong>eademproiecto</strong></span> <span class='ocrx_word' id='word_1_170' title='bbox 487 2140 533 2191; x_wconf 92' lang='lat' dir='ltr'><strong>est</strong></span> <span class='ocrx_word' id='word_1_171' title='bbox 557 2149 632 2210; x_wconf 91' lang='lat' dir='ltr'><strong>quae</strong></span> <span class='ocrx_word' id='word_1_172' title='bbox 653 2132 835 2192; x_wconf 82' lang='lat' dir='ltr'><strong>dialecticae.</strong></span> <span class='ocrx_word' id='word_1_173' title='bbox 870 2132 1016 2192; x_wconf 86' lang='lat' dir='ltr'><strong>Isocrates</strong></span> <span class='ocrx_word' id='word_1_174' title='bbox 1033 2133 1154 2192; x_wconf 90' lang='lat' dir='ltr'><strong>inomni</strong></span> 
     </span>
     <span class='ocr_line' id='line_1_24' title="bbox 154 2217 1035 2295; baseline -0.002 -20"><span class='ocrx_word' id='word_1_175' title='bbox 154 2235 265 2294; x_wconf 91' lang='lat' dir='ltr'><strong>genere</strong></span> <span class='ocrx_word' id='word_1_176' title='bbox 280 2218 378 2275; x_wconf 90' lang='lat' dir='ltr'><strong>inesse</strong></span> <span class='ocrx_word' id='word_1_177' title='bbox 393 2217 519 2278; x_wconf 80' lang='lat' dir='ltr'><strong>laudem</strong></span> <span class='ocrx_word' id='word_1_178' title='bbox 537 2235 572 2276; x_wconf 90' lang='lat' dir='ltr'><strong>ac</strong></span> <span class='ocrx_word' id='word_1_179' title='bbox 586 2218 837 2295; x_wconf 80' lang='lat' dir='ltr'><strong>vituperationem</strong></span> <span class='ocrx_word' id='word_1_180' title='bbox 853 2218 1035 2277; x_wconf 79' lang='lat' dir='ltr'><strong>existimavit.</strong></span> 
     </span>
    </p>

    <p class='ocr_par' dir='ltr' id='par_1_8' title="bbox 126 2299 1155 2379">
     <span class='ocr_line' id='line_1_25' title="bbox 126 2299 1155 2379; baseline 0 -20"><span class='ocrx_word' id='word_1_181' title='bbox 126 2330 132 2343; x_wconf 91' lang='lat'><strong>·</strong></span> <span class='ocrx_word' id='word_1_182' title='bbox 240 2299 331 2359; x_wconf 89' lang='lat' dir='ltr'><strong>Nobis</strong></span> <span class='ocrx_word' id='word_1_183' title='bbox 348 2309 376 2359; x_wconf 89' lang='lat' dir='ltr'><strong>et</strong></span> <span class='ocrx_word' id='word_1_184' title='bbox 392 2302 562 2361; x_wconf 88' lang='lat' dir='ltr'><strong>tutissimum</strong></span> <span class='ocrx_word' id='word_1_185' title='bbox 578 2311 623 2360; x_wconf 92' lang='lat' dir='ltr'><strong>est</strong></span> <span class='ocrx_word' id='word_1_186' title='bbox 638 2310 774 2361; x_wconf 89' lang='lat' dir='ltr'><strong>auctores</strong></span> <span class='ocrx_word' id='word_1_187' title='bbox 792 2301 931 2379; x_wconf 91' lang='lat' dir='ltr'><strong>plurimos</strong></span> <span class='ocrx_word' id='word_1_188' title='bbox 947 2302 1045 2379; x_wconf 91' lang='lat' dir='ltr'><strong>sequi,</strong></span> <span class='ocrx_word' id='word_1_189' title='bbox 1068 2308 1097 2359; x_wconf 92' lang='lat' dir='ltr'><strong>et</strong></span> <span class='ocrx_word' id='word_1_190' title='bbox 1113 2302 1155 2359; x_wconf 87' lang='lat' dir='ltr'><strong>ita</strong></span> 
     </span>
    </p>

    <p class='ocr_par' dir='ltr' id='par_1_9' title="bbox 113 2383 1155 2718">
     <span class='ocr_line' id='line_1_26' title="bbox 113 2383 1154 2462; baseline -0.001 -19"><span class='ocrx_word' id='word_1_191' title='bbox 113 2384 267 2445; x_wconf 71' lang='lat' dir='ltr'><strong>lbvidetur</strong></span> <span class='ocrx_word' id='word_1_192' title='bbox 282 2386 355 2444; x_wconf 88' lang='lat' dir='ltr'><strong>ratio</strong></span> <span class='ocrx_word' id='word_1_193' title='bbox 372 2384 491 2444; x_wconf 88' lang='lat' dir='ltr'><strong>dictare.</strong></span> <span class='ocrx_word' id='word_1_194' title='bbox 528 2383 581 2444; x_wconf 86' lang='lat' dir='ltr'><strong>Est</strong></span> <span class='ocrx_word' id='word_1_195' title='bbox 595 2387 698 2461; x_wconf 89' lang='lat' dir='ltr'><strong>igitur,</strong></span> <span class='ocrx_word' id='word_1_196' title='bbox 721 2393 752 2445; x_wconf 91' lang='lat' dir='ltr'><strong>ut</strong></span> <span class='ocrx_word' id='word_1_197' title='bbox 767 2386 840 2461; x_wconf 86' lang='lat' dir='ltr'><strong>dixi,</strong></span> <span class='ocrx_word' id='word_1_198' title='bbox 861 2404 945 2444; x_wconf 91' lang='lat' dir='ltr'><strong>unum</strong></span> <span class='ocrx_word' id='word_1_199' title='bbox 963 2403 1069 2462; x_wconf 88' lang='lat' dir='ltr'><strong>genus,</strong></span> <span class='ocrx_word' id='word_1_200' title='bbox 1093 2401 1154 2461; x_wconf 86' lang='lat' dir='ltr'><strong>quo</strong></span> 
     </span>
     <span class='ocr_line' id='line_1_27' title="bbox 154 2469 1155 2548; baseline -0.001 -20"><span class='ocrx_word' id='word_1_201' title='bbox 154 2469 217 2528; x_wconf 93' lang='lat' dir='ltr'><strong>laus</strong></span> <span class='ocrx_word' id='word_1_202' title='bbox 240 2486 274 2528; x_wconf 91' lang='lat' dir='ltr'><strong>ac</strong></span> <span class='ocrx_word' id='word_1_203' title='bbox 294 2470 467 2546; x_wconf 90' lang='lat' dir='ltr'><strong>vituperatio</strong></span> <span class='ocrx_word' id='word_1_204' title='bbox 492 2471 668 2545; x_wconf 89' lang='lat' dir='ltr'><strong>continetur,</strong></span> <span class='ocrx_word' id='word_1_205' title='bbox 694 2469 746 2529; x_wconf 90' lang='lat' dir='ltr'><strong>sed</strong></span> <span class='ocrx_word' id='word_1_206' title='bbox 770 2478 814 2530; x_wconf 89' lang='lat' dir='ltr'><strong>est</strong></span> <span class='ocrx_word' id='word_1_207' title='bbox 835 2470 1011 2548; x_wconf 88' lang='lat' dir='ltr'><strong>appellatum</strong></span> <span class='ocrx_word' id='word_1_208' title='bbox 1030 2487 1046 2529; x_wconf 90' lang='lat' dir='ltr'><strong>a</strong></span> <span class='ocrx_word' id='word_1_209' title='bbox 1069 2477 1155 2547; x_wconf 87' lang='lat' dir='ltr'><strong>parte</strong></span> 
     </span>
     <span class='ocr_line' id='line_1_28' title="bbox 155 2553 1154 2619; baseline -0.001 -7"><span class='ocrx_word' id='word_1_210' title='bbox 155 2553 277 2613; x_wconf 92' lang='lat' dir='ltr'><strong>meliore</strong></span> <span class='ocrx_word' id='word_1_211' title='bbox 307 2553 540 2619; x_wconf 89' lang='lat' dir='ltr'><strong>laudativum;</strong></span> <span class='ocrx_word' id='word_1_212' title='bbox 569 2554 644 2613; x_wconf 91' lang='lat' dir='ltr'><strong>idem</strong></span> <span class='ocrx_word' id='word_1_213' title='bbox 666 2554 714 2614; x_wconf 91' lang='lat' dir='ltr'><strong>alii</strong></span> <span class='ocrx_word' id='word_1_214' title='bbox 740 2555 1009 2616; x_wconf 81' lang='lat' dir='ltr'><strong>demonstrativum</strong></span> <span class='ocrx_word' id='word_1_215' title='bbox 1034 2561 1154 2612; x_wconf 90' lang='lat' dir='ltr'><strong>vocant</strong></span> 
     </span>
     <span class='ocr_line' id='line_1_29' title="bbox 154 2635 1155 2734; baseline 0 -38"><span class='ocrx_word' id='word_1_216' title='bbox 154 2636 312 2714; x_wconf 87' lang='lat' dir='ltr'><strong>Utrumque</strong></span> <span class='ocrx_word' id='word_1_217' title='bbox 329 2655 433 2696; x_wconf 94' lang='lat' dir='ltr'><strong>nomen</strong></span> <span class='ocrx_word' id='word_1_218' title='bbox 449 2656 486 2697; x_wconf 87' lang='lat' dir='ltr'><strong>ex</strong></span> <span class='ocrx_word' id='word_1_219' title='bbox 504 2637 617 2698; x_wconf 89' lang='lat' dir='ltr'><strong>Graeco</strong></span> <span class='ocrx_word' id='word_1_220' title='bbox 632 2638 759 2698; x_wconf 89' lang='lat' dir='ltr'><strong>creditur</strong></span> <span class='ocrx_word' id='word_1_221' title='bbox 776 2639 911 2713; x_wconf 84' lang='lat' dir='ltr'><strong>lluxisse,</strong></span> <span class='ocrx_word' id='word_1_222' title='bbox 928 2656 992 2697; x_wconf 92' lang='lat' dir='ltr'><strong>nam</strong></span> <span class='ocrx_word' id='word_1_223' title='bbox 1008 2635 1155 2734; x_wconf 62' lang='lat' dir='ltr'><strong>synopis</strong></span> 
     </span>
    </p>

    <p class='ocr_par' dir='ltr' id='par_1_10' title="bbox 115 2683 1157 3224">
     <span class='ocr_line' id='line_1_30' title="bbox 115 2683 1157 2785; baseline -0.007 1"><span class='ocrx_word' id='word_1_224' title='bbox 115 2719 254 2785; x_wconf 83' lang='grc' dir='ltr'><strong>13σιικὸν</strong></span> <span class='ocrx_word' id='word_1_225' title='bbox 274 2731 323 2781; x_wconf 85' lang='lat' dir='ltr'><strong>aut</strong></span> <span class='ocrx_word' id='word_1_226' title='bbox 345 2713 538 2784; x_wconf 76' lang='grc' dir='ltr'><strong>ἐπιδεικτικὸν</strong></span> <span class='ocrx_word' id='word_1_227' title='bbox 559 2721 665 2782; x_wconf 92' lang='lat' dir='ltr'><strong>dicunt.</strong></span> <span class='ocrx_word' id='word_1_228' title='bbox 708 2723 767 2782; x_wconf 88' lang='lat' dir='ltr'><strong>Sed</strong></span> <span class='ocrx_word' id='word_1_229' title='bbox 786 2723 853 2782; x_wconf 85' lang='lat' dir='ltr'><strong>mihi</strong></span> <span class='ocrx_word' id='word_1_230' title='bbox 875 2683 1069 2784; x_wconf 73' lang='grc' dir='ltr'><strong>ἐπιδεικτικὸν</strong></span> <span class='ocrx_word' id='word_1_231' title='bbox 1095 2738 1157 2779; x_wconf 91' lang='lat' dir='ltr'><strong>non</strong></span> 
     </span>
     <span class='ocr_line' id='line_1_31' title="bbox 156 2805 1157 2886; baseline -0.001 -21"><span class='ocrx_word' id='word_1_232' title='bbox 156 2816 212 2865; x_wconf 91' lang='lat' dir='ltr'><strong>tam</strong></span> <span class='ocrx_word' id='word_1_233' title='bbox 233 2806 485 2869; x_wconf 81' lang='lat' dir='ltr'><strong>demonstrationis</strong></span> <span class='ocrx_word' id='word_1_234' title='bbox 504 2807 560 2865; x_wconf 92' lang='lat' dir='ltr'><strong>vim</strong></span> <span class='ocrx_word' id='word_1_235' title='bbox 580 2806 690 2867; x_wconf 90' lang='lat' dir='ltr'><strong>babere</strong></span> <span class='ocrx_word' id='word_1_236' title='bbox 714 2825 797 2886; x_wconf 87' lang='lat' dir='ltr'><strong>quam</strong></span> <span class='ocrx_word' id='word_1_237' title='bbox 819 2809 1018 2866; x_wconf 81' lang='lat' dir='ltr'><strong>ostentationis</strong></span> <span class='ocrx_word' id='word_1_238' title='bbox 1039 2805 1157 2864; x_wconf 89' lang='lat' dir='ltr'><strong>videtur</strong></span> 
     </span>
     <span class='ocr_line' id='line_1_32' title="bbox 156 2888 1157 2973; baseline 0 -24"><span class='ocrx_word' id='word_1_239' title='bbox 156 2900 186 2949; x_wconf 90' lang='lat' dir='ltr'><strong>et</strong></span> <span class='ocrx_word' id='word_1_240' title='bbox 207 2891 325 2950; x_wconf 90' lang='lat' dir='ltr'><strong>multum</strong></span> <span class='ocrx_word' id='word_1_241' title='bbox 348 2890 383 2951; x_wconf 92' lang='lat' dir='ltr'><strong>ab</strong></span> <span class='ocrx_word' id='word_1_242' title='bbox 409 2891 463 2951; x_wconf 93' lang='lat' dir='ltr'><strong>illo</strong></span> <span class='ocrx_word' id='word_1_243' title='bbox 488 2888 707 2973; x_wconf 74' lang='grc' dir='ltr'><strong>ἐγκωμιαστικῷ</strong></span> <span class='ocrx_word' id='word_1_244' title='bbox 730 2891 863 2960; x_wconf 78' lang='lat' dir='ltr'><strong>differre;</strong></span> <span class='ocrx_word' id='word_1_245' title='bbox 886 2909 950 2951; x_wconf 92' lang='lat' dir='ltr'><strong>uam</strong></span> <span class='ocrx_word' id='word_1_246' title='bbox 970 2900 1001 2951; x_wconf 96' lang='lat' dir='ltr'><strong>ut</strong></span> <span class='ocrx_word' id='word_1_247' title='bbox 1026 2891 1157 2950; x_wconf 89' lang='lat' dir='ltr'><strong>continet</strong></span> 
     </span>
     <span class='ocr_line' id='line_1_33' title="bbox 156 2971 1154 3053; baseline -0.002 -18"><span class='ocrx_word' id='word_1_248' title='bbox 156 2974 329 3035; x_wconf 87' lang='lat' dir='ltr'><strong>laudativum</strong></span> <span class='ocrx_word' id='word_1_249' title='bbox 348 2977 377 3035; x_wconf 93' lang='lat' dir='ltr'><strong>in</strong></span> <span class='ocrx_word' id='word_1_250' title='bbox 397 2994 430 3036; x_wconf 92' lang='lat' dir='ltr'><strong>se</strong></span> <span class='ocrx_word' id='word_1_251' title='bbox 451 2994 562 3053; x_wconf 90' lang='lat' dir='ltr'><strong>genus,</strong></span> <span class='ocrx_word' id='word_1_252' title='bbox 585 2979 624 3037; x_wconf 93' lang='lat' dir='ltr'><strong>ita</strong></span> <span class='ocrx_word' id='word_1_253' title='bbox 645 2993 703 3037; x_wconf 92' lang='lat' dir='ltr'><strong>non</strong></span> <span class='ocrx_word' id='word_1_254' title='bbox 722 2978 796 3038; x_wconf 92' lang='lat' dir='ltr'><strong>intra</strong></span> <span class='ocrx_word' id='word_1_255' title='bbox 815 2977 873 3037; x_wconf 87' lang='lat' dir='ltr'><strong>boc</strong></span> <span class='ocrx_word' id='word_1_256' title='bbox 895 2976 988 3035; x_wconf 92' lang='lat' dir='ltr'><strong>solum</strong></span> <span class='ocrx_word' id='word_1_257' title='bbox 1010 2971 1154 3036; x_wconf 88' lang='lat' dir='ltr'><strong>consistit</strong></span> 
     </span>
     <span class='ocr_line' id='line_1_34' title="bbox 116 3049 1156 3143; baseline -0.005 -20"><span class='ocrx_word' id='word_1_258' title='bbox 116 3059 199 3123; x_wconf 74' lang='lat' dir='ltr'><strong>lanu</strong></span> <span class='ocrx_word' id='word_1_259' title='bbox 233 3062 382 3143; x_wconf 86' lang='lat' dir='ltr'><strong>quisquam</strong></span> <span class='ocrx_word' id='word_1_260' title='bbox 407 3061 559 3138; x_wconf 83' lang='lat' dir='ltr'><strong>negaverit</strong></span> <span class='ocrx_word' id='word_1_261' title='bbox 589 3061 786 3138; x_wconf 80' lang='lat' dir='ltr'><strong>Panegyricos</strong></span> <span class='ocrx_word' id='word_1_262' title='bbox 819 3049 1034 3130; x_wconf 62' lang='lat' dir='ltr'><strong>condescensorie</strong></span> <span class='ocrx_word' id='word_1_263' title='bbox 1064 3054 1156 3118; x_wconf 74' lang='lat' dir='ltr'><strong>esse?</strong></span> 
     </span>
     <span class='ocr_line' id='line_1_35' title="bbox 159 3141 1156 3224; baseline -0.001 -23"><span class='ocrx_word' id='word_1_264' title='bbox 159 3142 245 3221; x_wconf 80' lang='lat' dir='ltr'><strong>Atqui</strong></span> <span class='ocrx_word' id='word_1_265' title='bbox 271 3145 391 3203; x_wconf 89' lang='lat' dir='ltr'><strong>lormam</strong></span> <span class='ocrx_word' id='word_1_266' title='bbox 413 3144 550 3210; x_wconf 88' lang='lat' dir='ltr'><strong>suadendi</strong></span> <span class='ocrx_word' id='word_1_267' title='bbox 578 3144 684 3211; x_wconf 90' lang='lat' dir='ltr'><strong>habent</strong></span> <span class='ocrx_word' id='word_1_268' title='bbox 708 3154 737 3205; x_wconf 94' lang='lat' dir='ltr'><strong>et</strong></span> <span class='ocrx_word' id='word_1_269' title='bbox 763 3145 904 3224; x_wconf 91' lang='lat' dir='ltr'><strong>pleraque</strong></span> <span class='ocrx_word' id='word_1_270' title='bbox 928 3144 964 3204; x_wconf 93' lang='lat' dir='ltr'><strong>de</strong></span> <span class='ocrx_word' id='word_1_271' title='bbox 985 3141 1156 3203; x_wconf 89' lang='lat' dir='ltr'><strong>utilitatibus</strong></span> 
     </span>
    </p>
   </div>
   <div class='ocr_carea' id='block_1_3' title="bbox 128 3226 1159 3563">
    <p class='ocr_par' dir='ltr' id='par_1_11' title="bbox 128 3226 1159 3563">
     <span class='ocr_line' id='line_1_36' title="bbox 158 3226 1155 3307; baseline 0 -20"><span class='ocrx_word' id='word_1_272' title='bbox 158 3226 297 3287; x_wconf 86' lang='lat' dir='ltr'><strong>Graeciae</strong></span> <span class='ocrx_word' id='word_1_273' title='bbox 318 3228 481 3305; x_wconf 87' lang='lat' dir='ltr'><strong>loquuntur.</strong></span> <span class='ocrx_word' id='word_1_274' title='bbox 514 3227 552 3288; x_wconf 87' lang='lat' dir='ltr'><strong>Ut</strong></span> <span class='ocrx_word' id='word_1_275' title='bbox 572 3245 721 3289; x_wconf 88' lang='lat' dir='ltr'><strong>causarum</strong></span> <span class='ocrx_word' id='word_1_276' title='bbox 742 3229 856 3307; x_wconf 86' lang='lat' dir='ltr'><strong>quidem</strong></span> <span class='ocrx_word' id='word_1_277' title='bbox 878 3247 988 3306; x_wconf 89' lang='lat' dir='ltr'><strong>genera</strong></span> <span class='ocrx_word' id='word_1_278' title='bbox 1012 3229 1065 3287; x_wconf 89' lang='lat' dir='ltr'><strong>tria</strong></span> <span class='ocrx_word' id='word_1_279' title='bbox 1088 3229 1155 3301; x_wconf 88' lang='lat' dir='ltr'><strong>sint,</strong></span> 
     </span>
     <span class='ocr_line' id='line_1_37' title="bbox 157 3311 1157 3392; baseline -0.002 -21"><span class='ocrx_word' id='word_1_280' title='bbox 157 3312 210 3372; x_wconf 90' lang='lat' dir='ltr'><strong>sed</strong></span> <span class='ocrx_word' id='word_1_281' title='bbox 228 3331 263 3372; x_wconf 91' lang='lat' dir='ltr'><strong>ea</strong></span> <span class='ocrx_word' id='word_1_282' title='bbox 278 3321 335 3371; x_wconf 92' lang='lat' dir='ltr'><strong>tum</strong></span> <span class='ocrx_word' id='word_1_283' title='bbox 350 3314 378 3370; x_wconf 93' lang='lat' dir='ltr'><strong>ln</strong></span> <span class='ocrx_word' id='word_1_284' title='bbox 394 3315 519 3390; x_wconf 90' lang='lat' dir='ltr'><strong>negotiis</strong></span> <span class='ocrx_word' id='word_1_285' title='bbox 535 3315 616 3372; x_wconf 88' lang='lat' dir='ltr'><strong>tum&#39;</strong></span> <span class='ocrx_word' id='word_1_286' title='bbox 608 3332 636 3371; x_wconf 90' lang='grc' dir='ltr'><strong>ιιι</strong></span> <span class='ocrx_word' id='word_1_287' title='bbox 652 3316 846 3373; x_wconf 89' lang='lat' dir='ltr'><strong>ostentatione</strong></span> <span class='ocrx_word' id='word_1_288' title='bbox 863 3316 968 3392; x_wconf 91' lang='lat' dir='ltr'><strong>posita.</strong></span> <span class='ocrx_word' id='word_1_289' title='bbox 997 3311 1059 3372; x_wconf 88' lang='lat' dir='ltr'><strong>Nisi</strong></span> <span class='ocrx_word' id='word_1_290' title='bbox 1078 3311 1157 3370; x_wconf 84' lang='lat' dir='ltr'><strong>forte</strong></span> 
     </span>
     <span class='ocr_line' id='line_1_38' title="bbox 128 3393 1159 3471; baseline -0.003 -15"><span class='ocrx_word' id='word_1_291' title='bbox 128 3412 131 3423; x_wconf 91' lang='lat'>·</span> <span class='ocrx_word' id='word_1_292' title='bbox 157 3414 215 3456; x_wconf 93' lang='lat' dir='ltr'><strong>non</strong></span> <span class='ocrx_word' id='word_1_293' title='bbox 233 3415 270 3456; x_wconf 85' lang='lat' dir='ltr'><strong>ex</strong></span> <span class='ocrx_word' id='word_1_294' title='bbox 286 3395 398 3456; x_wconf 87' lang='lat' dir='ltr'><strong>Graeco</strong></span> <span class='ocrx_word' id='word_1_295' title='bbox 418 3406 559 3457; x_wconf 89' lang='lat' dir='ltr'><strong>mutantes</strong></span> <span class='ocrx_word' id='word_1_296' title='bbox 582 3398 847 3459; x_wconf 81' lang='lat' dir='ltr'><strong>demonstrativum</strong></span> <span class='ocrx_word' id='word_1_297' title='bbox 864 3405 985 3471; x_wconf 89' lang='lat' dir='ltr'><strong>vocant,</strong></span> <span class='ocrx_word' id='word_1_298' title='bbox 1008 3413 1108 3455; x_wconf 88' lang='lat' dir='ltr'><strong>verum</strong></span> <span class='ocrx_word' id='word_1_299' title='bbox 1128 3393 1159 3453; x_wconf 89' lang='lat' dir='ltr'><strong>id</strong></span> 
     </span>
     <span class='ocr_line' id='line_1_39' title="bbox 157 3479 1159 3563; baseline -0.003 -22"><span class='ocrx_word' id='word_1_300' title='bbox 157 3491 331 3561; x_wconf 87' lang='lat' dir='ltr'><strong>sequuntur,</strong></span> <span class='ocrx_word' id='word_1_301' title='bbox 355 3481 432 3561; x_wconf 85' lang='lat' dir='ltr'><strong>quod</strong></span> <span class='ocrx_word' id='word_1_302' title='bbox 453 3481 515 3541; x_wconf 91' lang='lat' dir='ltr'><strong>laus</strong></span> <span class='ocrx_word' id='word_1_303' title='bbox 538 3499 573 3541; x_wconf 89' lang='lat' dir='ltr'><strong>ac</strong></span> <span class='ocrx_word' id='word_1_304' title='bbox 591 3483 766 3563; x_wconf 91' lang='lat' dir='ltr'><strong>vituperatio</strong></span> <span class='ocrx_word' id='word_1_305' title='bbox 789 3482 875 3560; x_wconf 87' lang='lat' dir='ltr'><strong>quale</strong></span> <span class='ocrx_word' id='word_1_306' title='bbox 893 3484 930 3541; x_wconf 88' lang='lat' dir='ltr'><strong>sit</strong></span> <span class='ocrx_word' id='word_1_307' title='bbox 951 3480 1077 3560; x_wconf 85' lang='lat' dir='ltr'><strong>quidque</strong></span> <span class='ocrx_word' id='word_1_308' title='bbox 1098 3479 1159 3540; x_wconf 81' lang='lat' dir='ltr'><strong>dc·</strong></span> 
     </span>
    </p>
   </div>
   <div class='ocr_carea' id='block_1_4' title="bbox 0 0 1231 3925">
    <p class='ocr_par' dir='ltr' id='par_1_12' title="bbox 0 0 1231 3925">
     <span class='ocr_line' id='line_1_40' title="bbox 0 0 1231 3925; baseline 0 0"><span class='ocrx_word' id='word_1_309' title='bbox 0 0 1231 3925; x_wconf 95' lang='lat' dir='ltr'><strong> </strong></span> 
     </span>
    </p>
   </div>
  </div>
 </body>
</html>
