2434 3925
151 195 221 287 '248
472 210 509 257 u.
523 209 601 257 nne.
619 208 836 269 omonimum

131 376 223 432 einen
242 372 326 442 patre
346 372 483 423 uteretur.
527 362 566 422 At
587 381 633 423 me
654 363 767 448 lortuna
786 363 815 423 id
837 374 970 441 agentem
991 365 1096 426 diebus
1120 384 1158 428 ac

158 448 291 510 noctibus
312 448 551 524 festinantemque
572 456 649 505 metu
671 461 752 506 meae
766 449 961 517 ,mortalitatis
987 451 1027 509 ita
1053 451 1154 511 subito

50 534 53 541 ⁴
107 550 111 561 ⁸
157 532 330 614 prostravit,
351 539 382 590 ut
401 530 509 590 laboris
532 532 588 590 mei
609 530 719 590 fruetus
739 531 775 590 ad
795 535 935 592 neminem
954 534 1044 593 minus
1068 553 1155 613 quam

158 616 194 677 ad
209 635 255 676 me
272 618 440 694 pertineret.
483 613 566 674 Illum
588 616 677 689 enim,
699 614 736 674 de
758 632 815 693 qno
833 635 941 677 sumum
957 634 1156 697 conceperam

160 708 190 761 et
204 701 233 759 in
248 717 304 777 quo
320 717 402 778 spem
416 701 527 758 unicam
548 700 705 757 senectutis
727 699 920 777 reponebam,
941 703 1068 779 repetito
1090 702 1155 761 vul·

131 789 230 846 3nere
258 783 389 842 orbitatis
415 783 505 842 amisi.
557 782 632 856 Quid
662 801 736 842 nunc
764 781 867 859 agam?
894 793 941 844 aut
968 803 1054 864 quem
1077 785 1155 845 ultra

160 886 228 928 esse
242 886 324 927 usum
340 867 411 941 mei,
430 866 484 927 diis
499 865 743 944 repugnantibus,
760 865 896 927 credam?
931 867 1003 927 Nam
1020 870 1060 928 ita
1074 869 1154 928 forte

160 952 281 1028 accidit,
303 960 334 1010 ut
355 969 419 1009 eum
438 967 555 1029 quoque
578 949 698 1024 librum,
721 967 805 1027 quern
825 950 861 1010 de
881 954 977 1028 causis
995 962 1155 1031 corruptae

161 1035 343 1113 eloquentiae
363 1034 458 1108 emisi,
474 1035 529 1093 iam
542 1033 672 1093 scribere
691 1050 849 1109 aggressus
864 1036 922 1094 ictu
937 1036 1022 1095 simili
1036 1036 1154 1095 feriter.

160 1118 243 1179 Nunc
266 1120 352 1196 igitur
374 1119 510 1196 optimum
531 1117 598 1192 luit,
617 1117 769 1177 infaustum
786 1135 875 1217 opus,
893 1128 922 1177 et
941 1120 1081 1197 quidquid
1095 1119 1156 1179 hoc

162 1212 208 1263 cst
221 1204 250 1261 in
265 1221 311 1262 me
327 1202 483 1262 infelicium
498 1201 656 1261 litterarum
664 1219 778 1300 ,super
792 1203 968 1262 immaturum
983 1202 1068 1262 funus
1085 1221 1155 1263 con·

161 1289 313 1365 sumpturis
333 1287 448 1345 viscera
467 1303 531 1345 mea
553 1285 702 1345 dammis
693 1286 812 1346 1niicere
832 1304 927 1365 neque
948 1287 1046 1346 hano
1038 1289 1156 1364 impiam

132 1366 342 1429 4vivacitatem
361 1370 448 1428 novis
463 1370 580 1446 insuper
610 1370 686 1428 curis
713 1369 845 1446 fatigare.
891 1369 961 1443 Quis
988 1372 1065 1430 enim
1086 1372 1155 1430 mibi

161 1453 253 1513 bonus
268 1470 372 1531 parens
388 1454 537 1529 ignoscat,
557 1453 582 1511 si
602 1453 720 1513 studere
740 1454 861 1531 amplius
868 1471 1008 1552 'possom;
1039 1472 1076 1513 ao
1096 1472 1155 1513 non

162 1538 255 1596 oderit
269 1537 342 1596 banc
358 1537 441 1596 animi
461 1538 516 1596 mei
536 1536 713 1612 firmitatem,
735 1540 759 1597 si
782 1540 844 1616 quis
865 1539 894 1597 in
916 1556 961 1596 me
985 1539 1059 1598 alius
1082 1556 1155 1597 usus

161 1622 260 1696 vocis,
283 1638 366 1699 mam
386 1629 416 1680 ut
436 1623 564 1680 incusem
586 1620 658 1680 deos
682 1631 832 1699 superstes
854 1623 978 1681 omnium
1003 1617 1154 1681 meorum?

161 1703 275 1765 Nullam
289 1707 318 1765 in
333 1713 426 1765 terras
443 1704 596 1782 despicere
611 1706 819 1782 providentiam
835 1714 941 1773 testem
962 1707 988 1764 si
1007 1723 1065 1764 non
1087 1721 1153 1765 meo

162 1807 247 1865 casu,
268 1791 313 1849 cui
334 1799 429 1849 tamen
449 1788 519 1848 nihil
540 1787 644 1864 obiici,
665 1789 720 1848 nisi
748 1789 825 1867 quod
850 1791 960 1864 vivam,
984 1798 1100 1867 potest,
1126 1797 1153 1848 at

161 1873 275 1933 illorum
292 1882 388 1948 certe,
406 1889 478 1952 quos
494 1873 592 1950 utique
609 1874 767 1932 immeritos
782 1889 860 1932 mors
875 1872 982 1934 acerba
998 1873 1152 1946 damnarit,

162 1968 262 2036 erepta
286 1960 364 2037 prius
386 1958 453 2019 mihi
475 1966 565 2017 matre
586 1958 758 2034 eorundem,
786 1976 860 2036 quae
887 1957 1010 2018 nondum
1025 1952 1153 2036 ,expleto

161 2045 262 2102 aetatis
279 2042 493 2102 undevicesimo
511 2058 584 2101 anno
607 2042 680 2101 duos
702 2045 785 2101 enixa
806 2042 900 2118 lilios,
924 2043 1052 2121 quamvis
1071 2058 1152 2101 acer·

133 2125 283 2185 tbissimis
300 2135 381 2204 rapta
398 2127 481 2201 latis,
499 2125 571 2184 ielix
587 2124 735 2187 decessit?
770 2125 835 2203 Ego
850 2126 899 2185 vel
921 2127 978 2185 hoc
998 2142 1055 2184 uno
1076 2124 1153 2185 malo

161 2213 204 2268 sio
228 2227 305 2268 eram
326 2209 465 2284 aiilictus,
487 2217 518 2268 ut
538 2227 583 2268 me
605 2211 660 2269 iam
679 2210 756 2270 nulla
777 2210 891 2270 fortuna
914 2218 1016 2287 posset
1032 2209 1153 2268 ellicere

159 2292 287 2352 felicem.
331 2292 402 2352 Nam
429 2311 492 2352 com
522 2294 598 2352 omui
626 2295 745 2368 virtute,
772 2311 846 2371 quae
871 2296 900 2353 in
921 2293 1042 2352 feminas
1066 2293 1153 2367 cadit,

159 2375 256 2435 iuncta
276 2375 462 2435 insanabilem
484 2376 577 2436 attulit
597 2378 699 2437 marito
721 2377 866 2445 dolorem;
894 2387 953 2437 tum
979 2385 1076 2437 aetate
1096 2384 1154 2435 tam

160 2459 300 2538 puellari,
315 2462 486 2537 praesertim
501 2478 583 2520 meae
604 2470 786 2539 comparata,
810 2469 908 2540 potest
928 2470 957 2520 et
977 2463 1039 2539 ipsa
1054 2463 1154 2519 nume·

132 2542 218 2609 erari
234 2544 309 2602 inter
323 2543 442 2604 vulnera
460 2542 600 2603 orbitatis.
643 2544 755 2604 biberis
770 2553 865 2605 tamen
879 2543 1093 2623 superstitibus,
1112 2551 1154 2618 et,

162 2625 240 2705 quod
260 2627 341 2685 nefas
363 2636 440 2702 erat,
460 2626 513 2686 sed
535 2627 652 2705 optabat
673 2630 752 2707 ipsa,
774 2647 821 2688 me
835 2629 917 2688 salvo
933 2629 1072 2687 maximos
1088 2644 1154 2687 cru·

162 2712 253 2770 ciatus
268 2711 420 2788 praecipiti
435 2711 482 2770 via
498 2711 607 2787 effugit.
639 2710 708 2771 blilri
721 2711 795 2771 iilius
810 2714 902 2771 minor
914 2714 1040 2791 quintum
1051 2729 1154 2787 egres-

133 2805 211 2862 tsus
227 2812 328 2855 annum
344 2796 424 2873 prior
442 2794 562 2854 alterum
580 2813 618 2854 ex
632 2795 743 2856 dnobus
764 2798 837 2855 eruit
858 2796 962 2855 lumen.
1006 2794 1073 2854 Non
1091 2813 1154 2853 sum

160 2877 326 2938 ambitiosus
341 2879 370 2938 in
385 2878 467 2937 malis
488 2897 542 2938 nec
558 2897 667 2956 augere
687 2880 867 2940 lacrimarum
883 2897 984 2939 causas
1000 2879 1082 2954 volo,
1099 2880 1161 2937 uti-¹

65 3007 72 3012 .
160 2979 281 3040 namque
297 2971 378 3022 esset
394 2964 466 3022 ratio
481 2963 633 3022 minuendi.
677 2963 736 3023 Sed
752 2963 931 3023 dissimulare
954 2964 1002 3041 qui
1022 2978 1152 3040 possum,

162 3046 228 3123 quid
244 3046 293 3105 ille
308 3048 419 3123 gratiae
433 3049 462 3105 in
478 3046 575 3121 vultu,
595 3046 663 3125 quid
677 3046 858 3107 iucunditatis
873 3049 902 3105 in
917 3063 1061 3120 sermone,
1079 3062 1152 3123 quos

160 3130 268 3205 ingenii
279 3129 439 3206 igniculos,
458 3147 541 3208 quam
561 3129 747 3189 substantiam
768 3130 900 3208 placidae
920 3140 950 3190 et
973 3130 1073 3208 (quam
1089 3130 1152 3188 scio

160 3213 210 3271 rix
224 3228 313 3290 posse
330 3213 409 3273 credi
426 3214 545 3292 tantam)
562 3212 639 3272 altae
653 3216 755 3273 mentis
773 3214 943 3282 ostenderit;
966 3213 1058 3293 qualis
1075 3229 1151 3271 amo·

133 3300 223 3356 8rem
245 3297 407 3374 quicunque
427 3297 536 3357 alienus
558 3297 652 3355 infans
676 3307 844 3357 mereretur.
894 3298 969 3358 lllnd
990 3314 1062 3356 vero
1084 3297 1151 3355 iusi·

163 3380 355 3456 diantis,'quo
371 3398 416 3438 me
430 3381 551 3440 validius
567 3382 727 3458 cruciaret,
743 3381 875 3441 lortunae
892 3382 960 3456 fuit,
975 3390 1006 3441 ut
1020 3380 1071 3441 ille
1084 3380 1152 3440 mibi

162 3462 364 3526 blandissimus
386 3481 432 3523 me
458 3465 517 3525 suis
535 3465 709 3544 nutricibus,
742 3483 788 3526 me
815 3467 898 3527 aviae
925 3466 1075 3542 educenti,
1102 3481 1152 3526 me
