2434 3925
156 153 196 217 88
468 164 505 213 n.
522 162 601 211 nse.
618 161 838 223 Qururmreru

145 319 316 382 nominibus
339 327 459 397 prosunt
480 317 532 378 sed
552 316 721 387 ellectibus;
750 324 780 376 nt
804 324 909 381 statum
930 317 1184 383 coniecturalem
1211 387 1212 398 ,

157 424 193 465 an
207 403 354 464 infitialem
366 421 402 461 an
417 402 485 461 laeti
501 420 536 461 an
548 402 584 462 de
601 401 759 461 substantia
774 401 967 479 nominemus,
983 403 1053 462 nihil
1071 406 1180 465 inter·
1211 409 1212 444 i

32 536 33 539 η
130 497 221 565 9est,
246 489 311 548 dnm
326 487 401 547 idem
420 487 520 564 quaeri
537 487 670 546 sciamus.
715 484 857 563 Optimum
875 503 947 563 ergo
963 488 991 545 in
1010 485 1057 546 his
1074 492 1180 567 sequi

156 575 279 633 maxime
294 580 414 650 recepta
426 579 455 629 et
466 588 526 629 rem
537 571 646 648 ipsam,
663 586 836 649 quocunque
849 568 1044 648 appellabitur
1057 574 1176 651 modo,

155 657 330 734 intelligere.
375 654 450 715 lllud
465 663 559 713 tamen
579 653 752 729 notandum,
771 654 851 712 coire
866 653 1034 732 frequenter
1047 656 1081 714 in
1096 675 1177 717 eae

156 742 221 802 dem
246 741 403 800 sententias
426 748 455 798 et
471 732 580 820 τρόπον
601 747 631 797 et
653 737 782 814 figuram.
824 736 893 799 Tam
909 738 988 797 enim
1008 740 1174 801 translatis

155 825 253 885 verbis
273 842 358 904 quam
374 824 500 901 propriis
516 822 654 899 liguratur
671 822 773 881 oratio.

113 915 147 965 lo
237 907 290 968 Est
312 916 406 967 nutem
431 924 488 965 non
507 907 661 966 mediocris
686 907 760 966 inter
781 913 916 965 auctores
936 905 1105 985 dissensio,
1138 917 1172 970 et

155 994 288 1072 quaevis
308 992 429 1050 nominis
447 993 509 1050 eius
531 1000 560 1050 et
575 999 644 1069 quot
660 1008 770 1067 genera
786 999 815 1049 et
836 1008 910 1068 quae
926 1007 1072 1070 quamque
1088 994 1169 1055 mul·

154 1086 201 1137 tae
223 1078 279 1135 siut
301 1076 427 1154 species.
473 1074 569 1147 Quare
583 1076 703 1153 palmum
723 1073 888 1133 intuendum
906 1083 966 1150 est,
989 1075 1057 1153 quid
1083 1080 1169 1138 aeci·

154 1178 226 1240 pere
242 1159 398 1219 debeamus
420 1160 584 1236 liguram.
628 1157 701 1217 Nam
715 1157 826 1219 duobus
842 1158 933 1219 modis
956 1158 1079 1220 dieitur:
1105 1179 1168 1222 uno
1211 1167 1212 1226 l

155 1244 364 1323 qualiscunque
379 1243 495 1322 forma
511 1243 690 1319 sententiae,
707 1244 782 1301 sicut
796 1244 824 1301 in
838 1242 1026 1320 corporibus,
1039 1244 1169 1322 quibus,

155 1344 271 1407 quoquo
300 1327 385 1386 modo
414 1336 481 1386 sunt
507 1328 684 1405 composita,
709 1328 808 1404 utique
834 1325 1014 1408 babitusJest
1035 1328 1167 1407 aliquis;

112 1413 144 1465 11
155 1413 265 1487 altero,
288 1427 345 1490 quo
360 1412 478 1489 proprie
498 1411 644 1471 schema
667 1409 785 1487 dicitur,
809 1412 938 1470 insensu
957 1410 1005 1470 vel
1020 1429 1168 1473 sermone
1211 1453 1212 1458 κ

154 1496 251 1573 aliqua
266 1494 411 1572 evulgari
427 1503 456 1554 et
470 1495 594 1574 simplici
609 1497 710 1574 specie
729 1513 792 1554 cum
807 1496 918 1555 ratione
929 1497 1064 1572 mutatio,
1085 1498 1167 1558 sient

154 1596 208 1639 nos
226 1578 377 1656 sedemus,
398 1578 601 1655 incumbimus,
618 1580 798 1657 respicimus.
842 1577 943 1657 Itaque
966 1598 1030 1638 cum
1045 1580 1076 1639 in
1095 1599 1165 1641 eos·

153 1663 219 1723 dem
240 1681 326 1723 casus
347 1671 395 1723 ant
415 1671 547 1741 tempora
568 1672 616 1723 ant
638 1680 773 1722 numeros
793 1672 841 1722 aut
861 1665 946 1724 etiam
970 1663 1063 1742 pedes
1089 1683 1164 1726 con·

153 1747 234 1808 tinne
252 1750 316 1825 quis
338 1755 386 1807 aut
407 1756 487 1807 certe
504 1748 618 1807 nimium
638 1747 806 1825 frequenter
825 1748 960 1807 incurrit:
982 1750 1163 1827 praecipere

158 1831 284 1891 solemus
304 1831 454 1891 variandas
476 1831 582 1908 ligures
603 1849 671 1891 esse
690 1831 823 1891 vitandae
843 1830 1032 1891 similitudinis
1051 1835 1160 1908 gratia.
1211 1903 1212 1908 η

116 1910 190 1976 12111
212 1933 268 1996 quo
288 1917 326 1976 ita
348 1916 504 1995 loquimur,
523 1925 657 1994 tanquam
674 1917 765 1978 omnis
788 1932 884 1975 sermo
900 1914 1006 1976 habeat
1023 1915 1161 1994 liguram,
1209 1915 1212 1930 *

154 2002 281 2078 itemque
296 2002 404 2062 eadem
417 2000 520 2079 lipara
535 2001 638 2062 dicitur
653 2001 805 2062 curatore
821 2018 876 2079 qua
891 2000 1044 2076 lectitare,
1064 2002 1097 2061 id
1117 2010 1162 2062 est

155 2085 257 2145 eadem
277 2087 407 2160 ratione,
432 2084 582 2145 declinari.
633 2083 730 2157 Quare
757 2085 809 2145 illo
833 2084 983 2145 intellectu
1008 2086 1113 2162 priore
1133 2094 1163 2146 et

156 2170 297 2228 communi
318 2168 387 2228 nihil
409 2186 465 2227 non
489 2169 641 2245 figuratum
663 2177 717 2228 est.
762 2167 827 2241 Quo
852 2169 877 2226 si
899 2169 1025 2229 contenti
1046 2187 1160 2245 sumus,

155 2269 212 2311 non
240 2252 379 2312 immerito
402 2252 617 2331 Apollodorus,
647 2252 672 2311 si
696 2250 819 2312 tradenti
843 2249 971 2313 Caecilio
1000 2251 1160 2329 credimus,

113 2336 454 2415 13incomprehensibilIa
475 2339 565 2415 partis
586 2337 669 2396 liuius
694 2345 853 2415 praecepta
873 2338 1050 2396 existimarit.
1098 2338 1161 2398 Sed

155 2421 180 2480 si
195 2418 309 2478 habitus
325 2421 439 2497 quidam
455 2429 485 2480 et
500 2423 583 2504 quasi
596 2430 699 2498 gestus
718 2422 761 2480 sie
776 2420 942 2499 appellandi
957 2429 1036 2480 sunt:
1059 2420 1089 2480 id
1107 2421 1161 2481 de·

87 2514 89 2522 ⁴
154 2522 230 2562 mum
249 2503 306 2564 hoc
327 2504 394 2563 loco
411 2507 504 2583 accipi
524 2505 641 2564 schema
658 2503 819 2582 oportebit,
844 2505 921 2583 quod
940 2506 1008 2565 sita
1031 2505 1162 2583 simplici

156 2597 242 2665 atque
263 2588 291 2645 in
312 2597 446 2666 promptu
466 2590 562 2667 posito
580 2588 699 2648 ‚dicendi
719 2588 805 2649 modo
829 2590 946 2667 poetice
960 2588 1009 2648 vel
1027 2592 1162 2650 oratorie

155 2679 300 2731 mutatum.
345 2673 395 2731 Sic
414 2673 488 2732 enim
502 2691 603 2733 verum
620 2675 690 2747 erit,
707 2672 791 2732 aliam
807 2691 874 2732 esse
892 2673 1049 2732 orationem
1064 2666 1161 2751 ἆσχη·

156 2749 315 2834 μάτιστον,
337 2756 427 2816 idest
445 2765 590 2817 carentem
608 2757 724 2833 liguris,
741 2756 818 2835 qnod
833 2758 931 2819 vitium
945 2774 1002 2817 non
1016 2759 1089 2816 inter
1106 2759 1161 2817 mi·

114 2841 230 2901 14nima
248 2848 310 2909 est;
332 2840 416 2900 aliam
432 2838 692 2919 ἐσχηματισμένην,
708 2841 736 2900 id
752 2849 797 2900 est
811 2840 970 2917 figuratam.
1012 2839 1045 2901 ld
1061 2842 1161 2919 ipsum

156 2932 250 2983 tamen
268 2934 389 3002 anguste
402 2925 500 2985 Zoilus
512 2927 689 3000 terminavit,
703 2926 751 3003 qui
765 2924 794 2985 id
806 2925 899 2985 solum
913 2925 1056 3003 putaverit
1071 2925 1160 2985 sche-

125 3012 129 3015 ’
155 3024 220 3082 ma,
241 3026 298 3085 qno
322 3009 398 3070 aliud
421 3010 568 3070 simulatur
582 3008 638 3068 dici
654 3027 737 3087 quam
754 3008 873 3084 dicitur,
891 3009 967 3087 quod
982 3027 1051 3069 sanc
1065 3009 1160 3086 vulgo

158 3108 274 3168 quoque
299 3095 343 3152 sic
371 3096 465 3172 accipi
491 3096 568 3160 scio;
598 3093 675 3153 unde
703 3101 732 3152 et
752 3092 906 3172 fipuralae
930 3095 1160 3155 controversias

158 3174 313 3251 quaedam,
328 3176 478 3255 dequibus
495 3176 662 3257 paulopost
678 3177 785 3253 dicam,
801 3185 950 3248 vocantur.
968 3176 1049 3254 Ergo
1065 3177 1158 3254 ligura

158 3259 195 3316 sit
217 3267 297 3317 arte
319 3260 445 3338 aliqua
462 3270 593 3322 novata
616 3261 729 3320 forma
749 3259 902 3321 dicendi.

115 3349 149 3402 15
241 3340 336 3401 Genus
353 3346 414 3402 eius
430 3363 513 3404 unum
531 3345 644 3423 qnidam
660 3353 846 3423 putaverunt,
865 3347 894 3403 iu
909 3344 965 3405 hoe
980 3345 1045 3423 ipso
1060 3344 1157 3405 diver·

156 3444 205 3488 sas
221 3428 372 3507 opiniones
388 3429 489 3490 secuti
523 3428 594 3491 Nam
608 3428 652 3505 bi,
671 3429 737 3507 qnia
750 3429 906 3489 verborum
919 3430 1036 3490 motatio
1051 3447 1156 3491 sensus
