2434 3925
362 213 795 283 msu.onsroa.r.m.v,1a.
1013 201 1075 265 229

78 393 155 440 erat
169 372 247 435 etaim
260 371 415 435 Moitmo.
453 371 534 431 Prius
555 370 591 430 ds
613 369 754 430 adulterio
778 368 1003 432 convincendum
1019 378 1075 448 est,

78 470 122 535 at,
142 476 205 519 aum
221 457 249 517 id
271 458 402 534 eoeperit
418 472 484 514 esse
498 469 554 532 ¹pro
570 464 670 529 serto,
686 454 736 514 bat
750 457 853 516 incerti
868 464 1075 534 argumentum.

78 543 240 622 Spiculum
255 549 337 601 mam
349 541 383 600 ia
395 557 524 618 corpore
534 539 629 600 occisi
639 540 790 600 inventam
800 548 861 608 εει·
877 548 966 616 negat
980 558 1076 607 suum;

77 637 111 688 at
127 624 290 705 probationi
306 626 409 702 prosit,
425 620 603 701 probandum
619 631 673 682 est.
711 621 787 684 illud
802 623 858 683 boo
874 624 942 684 loeo
957 627 1104 683 moneret

77 713 156 772 inter
172 709 338 767 necessaria
356 716 411 783 est,
427 706 505 765 nulla
525 723 592 765 essa
609 706 751 783 firmiora,
776 725 860 785 mam
882 725 957 786 quae
973 725 1011 766 ex
1026 708 1076 768 du·

77 793 135 857 biis
151 794 227 854 iacta
242 799 306 850 snut
321 799 410 850 carta.
442 787 563 852 Caedes
577 807 598 850 a
613 797 642 851 te
659 792 819 853 commissa
835 799 896 868 est,
918 800 1077 853 cruentam

78 880 161 942 mm
174 883 285 937 vestem
305 875 460 943 bahadam
479 889 538 933 nou
557 882 604 932 est
623 881 681 933 tam
701 892 793 951 grava
816 884 1030 952 argumentum,
1052 876 1077 935 si

78 961 188 1023 iatetur
206 960 330 1037 quamsi
348 957 536 1018 convincitur.
572 955 645 1016 Nam
662 958 686 1016 si
702 957 823 1034 fatetur,
839 958 934 1019 multis
952 976 990 1017 ex
1009 976 1075 1018 aaa·

77 1047 122 1106 sis
136 1045 229 1124 potuit
243 1051 361 1102 eruenta
380 1060 447 1100 esse
461 1041 568 1108 restim
587 1042 612 1099 si
626 1050 730 1118 negat,
745 1041 792 1101 bio
808 1060 914 1103 causae
931 1042 1076 1101 cardinem

77 1131 172 1210 ponit,
189 1129 216 1188 in
232 1143 289 1204 quo
307 1127 332 1185 si
347 1126 440 1185 vietus
455 1125 552 1198 fuerit,
569 1126 654 1184 etiam
671 1126 898 1203 insequentibus
915 1127 981 1185 ruit.
1010 1124 1077 1185 Non

33 1275 38 1283 ,
80 1215 157 1276 enim
170 1212 284 1272 videtur
298 1212 326 1270 in
341 1207 473 1286 negando
488 1209 656 1267 mentiturus
670 1207 780 1286 fuisse,
800 1211 855 1270 nisi
877 1209 1076 1288 desperasset,

80 1298 111 1357 id
126 1312 216 1376 posse
231 1294 357 1369 defendi,
372 1295 397 1353 si
414 1291 611 1352 eonfiteretur.

164 1379 346 1441 Firmissimis
360 1386 591 1454 argumentorum
607 1376 728 1453 singulis
739 1375 909 1453 instandum,
921 1378 1106 1439 infirmiorai

79 1464 286 1541 eongreganda
302 1470 381 1529 sunt;
407 1462 473 1538 quia
493 1460 543 1522 ilia
564 1478 619 1538 per
638 1480 672 1520 se
695 1461 782 1523 iortia
803 1478 860 1520 non
881 1471 998 1539 oportet
1022 1464 1076 1521 oir-

79 1546 286 1608 oumstantibus
302 1545 470 1619 obscurare,
486 1552 530 1619 ut,
548 1544 644 1623 qualia
657 1552 733 1619 sunt,
749 1554 918 1622 appareant,
935 1546 1009 1606 baeo
1026 1547 1075 1605 im·

78 1631 189 1693 bacilla
203 1639 302 1690 natura
316 1637 412 1689 mutuo
428 1627 536 1691 auxilio
555 1630 739 1688 sustinentur.
770 1628 871 1706 ltaque
892 1630 917 1688 si
934 1648 992 1689 non
1007 1637 1105 1708 pos-5

7 1748 9 1751 ·
79 1724 148 1776 sunt
161 1714 271 1788 valere,
287 1714 353 1791 quia
373 1730 474 1788 magna
489 1713 555 1785 sint,
571 1710 718 1786 valebunt,
738 1713 804 1788 quia
820 1712 908 1773 multa
923 1724 1002 1781 sunt;
1023 1716 1076 1773 uti·

79 1816 139 1878 que
157 1816 228 1858 vero
247 1797 282 1857 ad
304 1796 433 1857 eiusdem
454 1796 498 1855 rei
513 1794 714 1873 probationem
734 1797 828 1855 omnia
850 1805 992 1873 spectant.
1027 1796 1076 1871 Ut,

77 1885 105 1943 si
121 1885 185 1961 quis
199 1882 366 1943 hereditatis
386 1880 479 1957 gratia
499 1878 642 1938 bominem
658 1878 804 1938 occidisse
827 1878 955 1939 dicatur:
981 1877 1077 1941 Here·

78 1970 206 2031 ditatam
221 1967 373 2047 sperabas
389 1973 418 2025 et
436 1982 578 2041 mapsam
592 1964 808 2039 hereditatem,
826 1972 855 2025 et
866 1982 990 2044 pauper
1005 1984 1078 2026 eras

78 2060 109 2115 et
124 2060 186 2113 bam
200 2052 333 2112 maoeime
352 2067 374 2110 o
387 2049 591 2110 creditoribus
611 2048 842 2125 appellabam&
861 2056 890 2108 et
902 2048 1078 2131 offenderas
1115 2122 1117 2124 ¹

77 2155 159 2208 eum,
178 2137 266 2196 auios
278 2152 351 2197 eros
364 2132 463 2204 beree,
479 2139 508 2193 et
520 2139 707 2193 mutatorum
719 2131 841 2193 tabulas
851 2133 984 2194 sciebas.
1013 2133 1076 2193 Sin·

76 2219 149 2299 gula
171 2219 246 2281 levia
270 2225 334 2276 sunt
356 2225 386 2276 et
400 2216 575 2289 eommunia,
595 2217 731 2276 universa
749 2232 821 2275 vero
842 2215 941 2277 valant
963 2217 1074 2277 etiamsi

77 2322 139 2364 non
153 2312 185 2362 ut
199 2302 316 2362 fulmina
329 2309 423 2360 tamen
438 2309 469 2359 ut
481 2300 630 2376 mendino.
787 2370 790 2378 ,

166 2386 312 2460 Quaedam
333 2393 499 2461 argumenta
525 2400 637 2461 ponere
663 2384 733 2444 satis
754 2401 812 2444 non
837 2393 893 2460 est,
918 2384 1105 2448 adiuvandat

78 2479 161 2531 sunt:
182 2471 336 2548 cupiditas
352 2485 450 2530 causo
463 2469 589 2530 sceleris
602 2469 678 2546 fait,
700 2486 774 2546 quas
801 2470 839 2528 sit
855 2471 899 2527 vis
915 2470 991 2538 eius;
1013 2472 1076 2547 ira,

79 2562 215 2634 quantum
236 2552 344 2613 efficiat
365 2553 508 2611 inanimis
526 2552 897 2621 bominumtalisadeoti03
918 2555 958 2614 ita
981 2562 1011 2613 et
1031 2554 1077 2613 flr·

77 2639 171 2698 miora
186 2647 269 2697 arunt
287 2638 349 2715 ipsa
364 2644 393 2696 'et
410 2637 476 2714 pius
492 2634 638 2695 habebunt
654 2637 786 2710 decoris,
810 2638 834 2695 si
855 2654 912 2695 non
933 2638 1025 2697 nudos
1047 2647 1076 2698 et

77 2722 161 2783 velut
178 2739 264 2781 earne
279 2721 420 2799 spoliatos
432 2729 511 2780 artus
523 2719 710 2780 ostenderint.
741 2718 858 2779 Multum
875 2722 959 2779 etiarn
972 2721 1073 2796 refert,
1086 2731 1102 2787 7

78 2808 104 2867 si
127 2814 296 2882 argumento
316 2806 437 2864 nitemur
460 2804 535 2878 odii,
556 2812 649 2863 utrum
670 2803 727 2862 hoo
751 2821 789 2863 ex
810 2803 914 2864 invidia
932 2805 1019 2863 sitan
1037 2823 1076 2864 ex

77 2890 181 2951 iniuria
199 2908 234 2949 an
249 2907 287 2949 ex
300 2888 421 2965 ambitu,
446 2897 529 2947 vatus
545 2905 581 2946 an
595 2903 717 2962 novum,
742 2887 881 2947 adversus
896 2887 1075 2964 inferiorem,

76 2992 195 3054 parem,
225 2974 424 3051 superiorem,
452 2971 590 3046 alienum,
624 2972 825 3049 propinquum.
870 2971 945 3032 Suos
970 2971 1082 3051 habent⁴

77 3058 174 3118 omnia
189 3058 244 3117 ista
269 3066 407 3117 tra'otatus
423 3065 452 3115 et
473 3056 508 3115 ad
525 3055 676 3115 utilitatem
691 3057 781 3133 partis
797 3054 875 3129 eius,
900 3072 985 3132 quam
1012 3057 1074 3115 tue·

76 3160 152 3216 mur,
170 3140 323 3201 referenda
338 3148 413 3200 sunt.
449 3138 512 3198 Nea
527 3147 621 3199 tamen
637 3138 766 3198 omnibus
783 3155 914 3215 semper,
940 3156 1013 3217 quae
1034 3142 1103 3204 in·8

75 3225 254 3300 venerimus,
269 3224 443 3301 argumentis
459 3222 623 3284 onerandus·
638 3232 683 3282 est
698 3221 801 3298 iudex,
825 3224 890 3299 quia
906 3232 935 3282 et
952 3224 1076 3283 taedium

77 3308 202 3369 afferunt
218 3308 346 3368 attidem
361 3307 521 3368 detrabunt.
559 3306 662 3385 Neque
687 3308 762 3366 enim
785 3315 882 3384 potest
904 3307 991 3366 iudex
1013 3324 1076 3365 ore-

77 3392 151 3453 dere
180 3394 250 3452 satis
277 3409 344 3451 esse
372 3410 407 3451 ea
430 3392 575 3470 potentia,
607 3408 681 3468 quae
708 3407 766 3449 non
787 3399 917 3469 putamus
940 3391 996 3469 ipsi
1016 3389 1074 3449 sui·

78 3476 171 3539 floere
200 3477 248 3556 qui
275 3476 405 3536 diximus.
455 3474 488 3538 In
521 3474 609 3536 rebus
638 3490 713 3534 vero
747 3476 854 3552 apertis
884 3473 1075 3551 argumentari
