2434 3925
373 199 816 270 msu.oanuon.n1s.x11,a.
910 265 913 274 Ι
1032 192 1114 277 247,

4 416 11 435 Γ
79 375 190 437 οριιε;
213 357 301 415 utris
323 358 444 417 amnium
460 356 551 415 maior
571 365 617 415 est
633 355 698 415 altis
712 358 783 435 ripis
804 357 952 437 multoque
969 362 1092 436 gurgitis

4 450 5 453 ’
77 450 192 502 tractu
207 439 352 499 fluentium
369 458 452 518 quam
467 441 560 498 tenuis
578 458 671 518 aquae
689 450 717 499 et
737 441 852 501 obiectu
870 442 1033 520 lapillorum
1046 462 1094 503 re·

4 586 9 607 ¹
81 525 241 586 saltantis.
271 522 309 582 llt
323 532 354 583 ut
368 523 534 602 palaestrici
550 522 687 583 doctores
703 524 788 600 illos,
804 542 877 604 quos
893 533 1134 586 nummosve-12

4 612 6 683 ζ
83 618 184 682 cant,
210 625 266 667 non
282 607 392 667 idcirco
412 607 587 668 discentibus
609 607 737 683 tradunt,
761 617 792 667 ut
813 608 857 668 his
872 609 1022 686 omnibus,
1045 613 1093 688 qui

4 700 8 771 j
83 693 276 766 didicerunt,
297 693 409 769 inipso
433 690 559 751 luctandi
583 693 737 751 certamine
759 701 888 769 utantur,
915 692 996 771 (plus
1018 696 1093 755 euim

4 782 5 789 ’
83 776 229 856 pondere
246 784 275 834 et
289 775 421 835 firmitate
442 783 471 833 et
490 775 592 853 spiritu
613 776 720 854 agitur)
746 776 799 835 sed
819 784 851 835 ut
870 779 907 836 sit
927 776 1012 853 copia
1031 777 1092 852 illa,

4 926 6 943 ,
88 879 139 937 px
162 876 218 938 qua
237 875 322 918 unum
341 868 390 918 aut
415 859 552 933 alterum,
580 860 660 918 cuius
683 877 717 918 se
739 861 857 918 occasio
878 848 1006 935 dederit,
1031 860 1092 920 efli-

4 1012 5 1021 ,
91 946 193 1004 ciant:
220 943 259 1002 ita
280 941 353 1001 baec
370 960 438 1021 pars
458 942 678 1016 dialectica,
699 943 761 1002 sive
786 942 862 1002 illam
884 944 981 1004 dicere
1004 943 1135 1007 malo-13

4 1028 6 1049 ¹
91 1045 162 1088 mus
185 1025 487 1105 disputatricem,
511 1035 542 1084 ut
557 1034 603 1084 est
623 1025 699 1085 utilis
717 1044 808 1105 saepe
824 1036 853 1086 et
873 1027 1047 1087 finitionibus
1064 1036 1093 1086 st

93 1109 404 1189 comprehensionibus
426 1118 455 1168 et
475 1109 660 1186 separandis,
688 1119 842 1187 quaesunt
863 1111 1039 1186 differentia,
1064 1120 1093 1170 et

92 1193 274 1255 resolvenda
296 1193 480 1270 ambiguitate
500 1193 718 1269 distinguendo,
741 1194 911 1269 dividendo,
933 1194 1116 1271 illiciendo,

93 1278 288 1358 implicando:
314 1279 369 1352 ita,
389 1278 414 1336 si
430 1284 520 1336 totum
535 1275 589 1335 sibi
605 1277 792 1337 vindicaverit
807 1279 836 1337 ic
852 1278 917 1337 iore
934 1288 1091 1353 certamen,

4 1362 8 1443 'j
95 1361 225 1423 obstabit
246 1360 413 1420 melioribus
433 1369 463 1421 et
483 1369 580 1420 sectas
601 1361 638 1421 ad
652 1363 818 1421 tenuitatem
835 1380 915 1422 suam
929 1364 1007 1421 uires
1029 1365 1091 1440 ipsa

4 1464 5 1531 }
94 1445 256 1507 subtilitate
272 1453 430 1504 consumet.
461 1443 561 1522 ltaque
578 1447 709 1523 reperias
725 1446 863 1524 quosdam
878 1447 906 1505 in
921 1445 1091 1525 disputando
1100 1447 1134 1499 14

4 1550 6 1577 t
93 1531 171 1590 mire
186 1528 325 1604 callidos,
342 1546 407 1589 eum
422 1527 457 1588 ab
473 1528 523 1588 illa
540 1528 723 1589 cavillatione
741 1529 945 1606 discesserint,
961 1547 1018 1589 non
1033 1547 1091 1589 ma·

92 1615 145 1692 gis
162 1612 298 1673 sulficere
313 1614 348 1672 in
369 1613 465 1691 aliquo
488 1613 624 1688 g'raviore
647 1622 712 1672 actu
734 1631 818 1691 quarn
838 1631 927 1692 parva
951 1615 1092 1693 quaedam

92 1696 247 1770 animalia,
267 1713 340 1774 quae
357 1698 385 1755 in
400 1697 540 1773 angustiis
555 1695 674 1756 mobilia
690 1714 791 1775 campo
807 1697 1070 1775 deprehenduntur.

182 1778 241 1840 lam
257 1780 370 1858 quidem
385 1797 453 1857 pars
471 1778 521 1839 illa
536 1775 707 1856 moralis,
731 1798 805 1858 quae
821 1782 925 1842 dicitur
939 1780 1132 1857 Etbice,15

4 1874 5 1897 ³
93 1873 179 1926 certe
195 1872 255 1923 tota
269 1866 377 1924 oratori
395 1872 440 1922 est
456 1863 680 1923 accommodata.
707 1863 778 1923 Nam
793 1866 822 1923 in
836 1873 913 1924 tanta
930 1883 1090 1940 causarum,

4 1948 9 1984 ⁵
92 1950 173 2010 sicut
192 1947 390 2027 superioribus
410 1946 491 2008 libris
515 1948 652 2022 diximus,
675 1949 831 2023 varietate,
860 1967 923 2008 cum
944 1948 1000 2009 alia
1022 1965 1090 2008 con·

4 2029 9 2062 ¹'
92 2035 207 2093 iectura
229 2042 419 2109 quaerantur,
441 2032 497 2091 alia
512 2031 685 2092 finitionibus
704 2033 926 2108 concludantur,
947 2032 1006 2093 alia
1029 2034 1091 2092 iure

4 2115 8 2154 ²
93 2125 329 2176 summoveantur
342 2115 392 2175 vel
407 2116 631 2191 transferantur,
649 2116 706 2176 alia
721 2116 894 2193 colligantur
907 2116 957 2176 vel
971 2118 1034 2195 ipsa
1049 2118 1091 2175 in·

4 2199 8 2226 '
93 2210 144 2261 ter
167 2218 200 2259 se
228 2201 400 2260 concurrant
424 2200 474 2259 vel
499 2201 527 2259 in
552 2198 697 2260 diversum
726 2199 911 2277 ambiguitate
936 2200 1090 2261 ducantur:

4 2315 6 2324 ι
94 2283 177 2344 nulla
198 2283 261 2343 iere
282 2284 338 2344 dici
361 2292 476 2362 potest,
504 2284 584 2343 cuius
604 2300 662 2343 non
683 2282 780 2362 aliqua
800 2285 829 2343 in
849 2293 932 2362 parte
953 2293 1092 2345 tractatus

4 2373 6 2406 ³
95 2368 184 2446 aequi
203 2385 238 2427 ac
258 2365 327 2426 boni
346 2369 525 2445 reperiatur,
551 2367 708 2446 plerasque
725 2384 796 2427 vero
818 2385 885 2428 csse
907 2369 970 2446 quis
988 2370 1092 2443 nescit,

4 2451 5 2461 ’
96 2468 173 2531 quae
197 2460 276 2511 totae
299 2453 327 2511 in
350 2451 414 2511 sola
440 2451 576 2529 qualitate
600 2447 780 2512 consistant?
813 2449 845 2512 lu
870 2452 999 2512 consiliis
1019 2468 1092 2512 vero
1101 2457 1133 2511 16

4 2592 5 2595 ,
97 2552 174 2613 quae
186 2537 258 2595 ratio
274 2534 413 2595 suadendi
430 2544 475 2594 est
489 2534 525 2596 ab
534 2534 649 2594 bonesti
665 2536 834 2613 quaestione
850 2532 1000 2615 seppsitai
1018 2535 1092 2608 Quid

96 2619 149 2678 illa
171 2619 256 2679 etiam
276 2636 343 2697 pars
360 2620 462 2694 tertia,
484 2636 558 2698 quae
579 2617 713 2679 laudandi
733 2637 769 2680 ac
784 2619 965 2699 vituperandi
987 2619 1091 2678 officiis

99 2699 282 2762 continetur?
312 2702 424 2781 Nempe
443 2704 472 2762 iu
486 2711 608 2763 tractatu
628 2705 701 2762 recti
717 2705 856 2782 pravique
875 2712 1016 2763 versatur.
1047 2701 1133 2762 Auli

4 2786 7 2826 ⁵
98 2786 137 2845 de
152 2787 267 2860 iustitia,
284 2785 468 2863 fortitudine,
484 2781 671 2862 abstinentia,
688 2789 894 2866 temperantia,
910 2787 1018 2864 pietate
1035 2802 1092 2844 nou

98 2868 224 2947 plurima
237 2870 316 2930 dicet
335 2867 455 2929 oratori
483 2870 542 2930 Sed
557 2870 607 2930 ille
621 2871 666 2930 vir
682 2870 791 2945 bonus,
814 2870 862 2948 qui
878 2869 953 2929 baec
968 2885 1026 2928 non
1041 2885 1091 2928 vo·

101 2950 182 3012 cibus
198 2961 304 3013 tantum
318 2953 374 3013 sibi
388 2962 456 3014 nota
472 2963 558 3031 atque
573 2954 734 3014 nominibus
748 2955 856 3012 aurium
870 2962 953 3012 tenus
968 2954 997 3011 in
1010 2970 1093 3013 usum

98 3036 215 3112 linguae
232 3040 414 3115 perceperit,
437 3036 491 3096 sed
506 3038 554 3114 qui
573 3040 693 3097 uirtutes
715 3039 793 3115 ipsas
806 3045 903 3095 mente
921 3037 1091 3115 complexos

99 3120 139 3179 ita
160 3122 281 3195 sentiat,
301 3139 357 3180 ιιεε
371 3124 400 3181 in
415 3120 568 3198 cogitando
583 3119 726 3181 laborabit
741 3128 789 3196 et,
815 3120 891 3197 quod
908 3122 998 3196 sciet,
1020 3137 1092 3180 vere

100 3204 188 3263 dicet.
219 3201 289 3262 Cum
308 3206 345 3265 sit
365 3206 456 3264 omnis
477 3205 624 3281 generalis
640 3205 772 3282 quaestio
793 3199 916 3283 'speciali
935 3206 1092 3281 potentior,
1101 3213 1133 3266 18

101 3288 167 3365 quia
178 3287 313 3346 universo
324 3305 391 3366 pars
404 3291 582 3364 continetur,
598 3305 656 3347 non
671 3289 770 3365 utique
786 3288 899 3348 accedit
914 3288 998 3365 parti,
1016 3285 1092 3364 quod

100 3371 265 3429 universum
280 3379 340 3430 est:
356 3372 490 3450 prolecto
506 3387 589 3431 nemo
606 3370 759 3446 dubitabit,
776 3371 931 3448 generales
947 3372 1090 3450 quaestio·

101 3471 153 3515 ues
167 3454 197 3514 iu
210 3454 263 3516 illo
279 3454 402 3515 maxime
416 3456 574 3516 studiorum
590 3471 671 3514 more
691 3465 833 3515 versatas.
866 3453 925 3515 lam
940 3470 1013 3514 vero
1029 3460 1132 3515 cum19
1157 3457 1159 3468 ’
