2434 3925
122 197 180 262 188
434 209 791 273 u.rsn.qumn1n1ans

119 367 219 429 ordine
234 375 385 446 appareat;
406 376 434 428 at
448 369 473 426 si
487 386 572 428 unum
585 370 691 429 crimen
702 369 782 429 varie
793 367 990 446 defendemus,
1004 379 1105 450 super-

89 464 218 521 avacua.
260 451 298 512 Ut
314 453 338 511 si
357 451 407 512 illa
426 454 592 530 partiamur,
611 451 732 527 Dicam,
753 471 812 513 non
830 455 920 513 talem
937 473 1003 516 esse
1014 456 1105 532 bunc,

104 538 206 619 ¹quein
226 544 320 613 tneor,
342 554 437 611 renam
452 545 486 596 nt
504 538 537 596 in
558 556 594 598 eo
615 538 760 598 credibile
779 537 879 597 uideri
895 538 995 615 possit
1013 538 1104 599 borni·

118 621 260 692 cidium,··
276 622 392 696 dicans,
419 621 581 681 occidendi
605 639 731 681 causam
751 620 822 681 buia
841 640 901 682 non
919 621 1034 699 fuiss&
1055 624 1104 683 di-

119 723 198 779 aaut,
219 705 300 766 bunc
319 722 354 765 eo
373 713 516 782 tempore,
538 722 596 783 qua
611 705 694 765 bomo
708 705 827 765 occisus
842 711 896 779 est,
916 714 1106 767 transmare

116 788 228 865 fuisse·
249 788 357 861 omnia,
379 805 452 865 quae
468 796 532 846 ante
547 787 592 862 id,
618 789 694 866 quod
709 786 833 846 ultimum
854 797 915 864 est,
938 790 1103 867 exequeris,

78 871 209 938 loinania
225 871 315 930 videri
334 889 459 931 necesse
480 880 534 930 est.
570 870 698 930 Festinat
713 871 786 930 enlm
803 871 890 931 iudex
909 872 1003 948 adid,
1027 873 1104 951 quod

117 956 343 1033 potentissimum
363 964 423 1031 est,
452 963 481 1014 et
500 954 580 1014 velut
602 954 758 1030 obligatum
778 958 920 1032 promisso
943 965 1103 1033 patronum,

116 1040 141 1098 si
166 1047 211 1098 est
230 1040 398 1117 patientior,
421 1039 524 1097 tacitus
546 1038 689 1116 appellat;
717 1041 741 1096 si
761 1037 810 1097 vel
831 1049 987 1117 occupatus
1007 1040 1056 1100 vel
1074 1042 1105 1099 ia

117 1122 210 1200 aliqua
225 1130 370 1199 potestate
384 1123 433 1182 vel
451 1122 536 1182 etiam
550 1125 574 1180 si
588 1120 714 1179 moribus
728 1123 944 1200 incompositus,
961 1141 1024 1183 cum
1035 1140 1104 1183 oon·

5 1207 10 1215 ’
75 1208 191 1274 nvioio
213 1204 360 1281 efflagitat.
398 1205 497 1283 ltaque
518 1222 574 1264 non
593 1205 759 1280 defuerunt,
789 1207 836 1283 qui
856 1204 1005 1266 Ciceronis
1025 1207 1104 1267 illam

115 1306 169 1367 pro
186 1287 317 1349 Cluentio
332 1291 511 1367 partitionem
524 1287 735 1367 improbarent,
757 1306 812 1366 qua
833 1307 865 1348 se
881 1291 1018 1349 dicturum
1035 1308 1104 1350 esse

116 1375 244 1452 promisit
253 1374 396 1451 pmmum,
417 1374 562 1434 neminem
583 1374 748 1449 maioribus
769 1374 960 1450 criminibus,
979 1376 1103 1452 qraoia-

116 1458 201 1518 ribus
225 1458 364 1532 testibus,
390 1458 422 1517 in
440 1457 586 1517 iudicium
608 1465 749 1518 vocatum
769 1473 858 1534 qnam
882 1456 1082 1536 Oppianicum
1088 1481 1104 1529 ,-

118 1541 237 1617 deiade,
258 1541 453 1618 praeiudicia
473 1558 540 1601 esse
556 1541 644 1619 facta
665 1540 705 1600 ab
719 1541 794 1617 ipsis
812 1542 975 1619 struicibus,
997 1560 1018 1602 a
1038 1544 1103 1620 qui*

117 1625 173 1687 bns
194 1627 409 1686 condemnatus
431 1625 490 1693 sit,·
506 1631 674 1702 postremo,
701 1625 847 1685 iudicium
872 1628 1005 1704 pecunia
1031 1634 1104 1687 tem·

113 1716 231 1786 ptatunn
250 1728 310 1769 nan
325 1727 385 1787 pro
407 1704 541 1768 Cluentio
560 1709 618 1768 sed
637 1716 744 1769 contra
768 1705 957 1779 Clnerutium5
977 1711 1059 1787 quia,
1076 1711 1103 1769 si

118 1790 233 1868 probari
247 1802 366 1871 posset,
384 1792 458 1870 quod
475 1800 519 1851 est
534 1793 658 1865 tertium,
675 1791 743 1851 nibil
760 1810 884 1851 neeesse
900 1793 985 1853 luerit
1003 1793 1102 1852 dicere

77 1876 221 1952 mpriora.
256 1874 365 1935 Rursus
383 1892 465 1936 nemo
482 1876 607 1935 tamarit
625 1876 743 1935 iniustus
759 1884 806 1934 aut
824 1877 937 1953 stultus,
955 1880 1021 1955 quin
1037 1894 1102 1936 eum

116 1958 239 2020 fateatur
251 1963 356 2038 optime
370 1979 423 2039 pro
436 1959 554 2020 Murena
570 1978 636 2020 esse
648 1961 794 2037 partitum:
809 1957 957 2040 Intelliqo,
972 1963 1100 2037 iudices,

115 2046 171 2121 tris
187 2046 276 2105 totins
296 2047 502 2106 accusationis
519 2046 616 2123 fnisse
631 2054 754 2123 partes,
781 2051 810 2104 et
831 2063 937 2106 earum
957 2064 1049 2112 unam
1068 2046 1101 2105 in

114 2128 349 2206 reprehensione
360 2130 450 2204 citae,
466 2130 595 2190 atteram
613 2128 644 2188 in
658 2129 843 2189 contentione
858 2130 1023 2207 diqnitatis,
1037 2135 1100 2189 ter-

115 2213 187 2272 tiam
211 2213 244 2271 ia
272 2213 448 2272 criminibus
468 2213 598 2272 ambitus
624 2230 690 2272 esse
715 2220 878 2273 ansatum.
918 2211 989 2272 Nam
1008 2213 1051 2271 sic
1072 2221 1102 2272 et

67 2344 69 2347 Α
115 2294 240 2354 ostendit
255 2294 428 2356 lucidissime
441 2313 554 2355 causam
566 2304 595 2354 et
611 2294 679 2353 nihil
694 2294 763 2354 lecit
775 2294 866 2354 altero
882 2313 1100 2374 supervacuum.

73 2386 108 2444 13
198 2377 243 2437 Ile
261 2378 310 2438 illo
322 2395 437 2456 quoque
448 2396 557 2454 genere
569 2378 743 2437 defensionis
755 2377 888 2457 plerique
906 2379 1046 2439 dubitant:
1065 2376 1103 2438 Si
1170 2395 1173 2399 ·

113 2464 230 2538 aeddi,
252 2471 335 2522 recte
353 2462 433 2540 fecis
454 2464 510 2523 sed
530 2481 589 2522 non
608 2463 727 2531 occidi,·
749 2479 805 2540 quo
818 2465 900 2521 'enim
920 2465 999 2541 prius
1013 2463 1101 2541 perti-

115 2564 196 2622 nere,
213 2547 238 2605 si
254 2563 379 2623 sequens
395 2546 502 2604 lirnium
519 2543 577 2605 sit?
600 2546 672 2605 haec
687 2547 807 2605 invicem
822 2546 954 2622 obstare,
981 2556 1009 2606 et
1022 2555 1101 2605 utro·

116 2648 172 2709 que
194 2629 337 2689 utentibus
358 2631 387 2687 in
405 2639 507 2688 neutro
530 2628 629 2689 haberi
644 2628 737 2694 iidem.
774 2628 858 2701 Quod
879 2633 997 2690 sanein
1019 2638 1101 2708 parte

114 2732 214 2776 uerum
229 2723 283 2790 est,
299 2722 329 2773 et
346 2712 396 2771 illo
412 2715 554 2791 sequenti,
574 2716 598 2773 si
609 2713 694 2773 modo
706 2712 891 2773 indubitabile
909 2723 964 2790 est,
981 2715 1017 2773 sit
1034 2713 1100 2773 solo

74 2798 255 2861 llutendum.
289 2796 328 2856 At
349 2798 375 2855 si
396 2796 463 2874 quid
483 2798 511 2855 in
533 2813 585 2874 eo,
616 2797 693 2875 quod
717 2805 761 2855 est
781 2797 900 2873 lortius,
925 2797 1100 2857 timebimus:

33 2910 41 2923 ·
115 2891 235 2960 utraque
254 2880 424 2959 probatione
443 2881 573 2940 nitemur.
609 2880 692 2940 Alius
715 2881 787 2939 enim
808 2881 865 2940 alio
885 2882 995 2940 moveri
1012 2880 1101 2955 solet,

116 2975 146 3026 et
166 2968 213 3043 qui
232 2965 337 3025 factum
357 2965 482 3042 putavit,
504 2966 607 3023 iustum
629 2964 749 3023 credere
768 2973 880 3042 potest;
903 2966 950 3043 qui
968 2974 1103 3041 tanquam

116 3050 190 3110 iusto
206 3065 262 3107 non
276 3047 453 3123 movebitur,
479 3049 584 3107 laetum
607 3048 732 3109 fortasse
752 3065 809 3106 non
831 3048 940 3122 credet.
968 3047 1006 3107 Ut
1021 3055 1102 3106 certa

33 3123 40 3132 ’
115 3150 213 3192 manus
234 3148 289 3190 uno
311 3132 370 3192 telo
395 3134 487 3209 possit
507 3150 574 3191 esse
596 3141 747 3191 contenta:
776 3133 886 3191 incerta
911 3132 993 3210 plura
1019 3148 1101 3209 spar-

74 3216 209 3293 lagenda
228 3224 307 3292 sunt,
328 3224 359 3274 ut
379 3216 416 3274 sit
431 3224 460 3275 et
477 3216 608 3275 fortunae
626 3216 718 3276 locus.
756 3213 884 3291 Egregie
903 3233 974 3275 vero
997 3212 1101 3274 Cicero

13 3357 16 3364 .
117 3316 169 3377 pra
185 3297 291 3358 Milone
306 3299 500 3358 insidiatorem
514 3301 633 3377 primum
648 3298 777 3360 Clodium
796 3299 931 3375 ostendit,
949 3308 1006 3358 tum
1023 3297 1101 3358 addi-

117 3384 157 3444 dit
170 3402 214 3443 ⁴eu
234 3381 402 3457 abundanti,
423 3384 532 3442 etiamsi
548 3383 575 3442 id
590 3400 647 3441 nou
662 3383 781 3458 luisset,
798 3382 884 3443 talem
898 3392 991 3443 tamen
1008 3383 1102 3442 civem

118 3484 182 3530 cum
203 3484 309 3528 summa
328 3459 432 3526 virtute
453 3467 647 3527 interlectoris
672 3475 701 3528 et
720 3465 814 3543 gloria
835 3467 934 3527 necari
959 3467 1100 3546 potuisse.
