2434 3925
383 177 473 226 msa.
486 177 636 227 sauros.
648 179 717 227 ura.
729 180 763 246 x,
775 178 801 231 1.
1022 166 1082 230 153

168 329 337 392 Historia
358 348 473 409 quoque
495 331 575 392 alere
594 342 739 393 oratorem
753 335 876 412 quodam
890 333 973 395 uberi
985 335 1123 401 incon-31

84 413 183 495 doque
195 433 266 476 suco
278 425 389 494 potest;
405 433 505 475 verum
520 419 624 495 etipsa
636 419 678 476 sic
693 427 737 477 est
749 418 883 495 legenda,
901 428 930 478 ut
946 420 1080 496 sciamus,

84 500 242 578 plerasque
257 503 319 560 eius
336 501 455 559 virtutes
472 502 581 560 oratori
602 519 670 560 esse
685 502 824 561 vitandas.
858 502 911 562 Est
926 504 1000 562 enim
1015 521 1082 581 pro·

83 585 161 642 xima
179 585 274 661 poetis
291 593 320 643 et
335 583 544 663 quodammodo
563 602 678 644 carmen
693 585 831 662 solutum,
851 595 880 645 et
897 586 1030 646 scribitur
1047 587 1083 648 ad
1103 626 1109 635 κ

84 667 255 726 narrandum
270 686 328 727 non
346 668 381 727 ad
396 667 587 746 probandum
610 677 758 747 totumque
778 687 852 748 opus
865 687 922 728 non
937 670 972 730 ad
989 681 1083 731 actum

84 753 128 810 rei
143 769 325 830 pugnamque
340 760 523 829 praesentem
546 753 598 812 sed
624 753 659 812 ad
682 756 848 812 memoriam
863 753 1039 833 posteritatis
1055 764 1085 815 et

84 835 192 911 ingenii
213 834 317 896 lamam
338 837 534 913 componitur;
560 836 687 915 ideoque
711 846 741 896 et
759 838 857 897 verbis
880 837 1083 897 remotioribus

85 928 120 985 et
130 919 313 978 liberioribus
326 919 424 996 liguris
436 919 568 979 narrandi
580 920 703 980 taedium
719 922 815 980 evitat.
846 921 957 999 ltaque,
973 930 1003 980 ut
1015 921 1126 996 dirtos

85 1020 180 1080 neque
196 1001 245 1062 illa
260 1003 433 1063 Sallustiana
448 1001 593 1078 brevitas,
617 1021 673 1082 qua
695 1004 765 1063 nihil
786 1004 861 1081 apud
878 1023 962 1064 aures
977 1023 1083 1065 vacuas

85 1095 174 1164 atque
189 1086 314 1147 eruditas
331 1096 431 1164 potest
448 1104 515 1146 esse
532 1087 702 1165 perfectius,
720 1088 795 1165 apud
812 1097 982 1167 occupatum
996 1091 1083 1148 variis

86 1170 310 1246 cogitationibus
329 1171 451 1230 iudicem
467 1180 497 1230 et
512 1173 628 1249 saepius
649 1172 820 1231 ineruditum
841 1172 980 1250 captanda
1000 1172 1083 1231 nobis

86 1262 147 1322 est;
168 1271 263 1332 neque
288 1254 337 1314 illa
357 1253 427 1315 Livii
447 1255 542 1315 lactea
566 1255 683 1314 ubertas
699 1257 769 1317 satis
793 1256 909 1317 docebit
931 1274 1011 1329 eum,
1036 1256 1084 1334 qui

15 1346 17 1349 ’
85 1355 144 1397 non
159 1340 288 1417 speciem
304 1340 494 1416 expositionis
515 1339 569 1398 sed
585 1339 670 1399 iidem
686 1342 806 1416 quaerit.
843 1339 926 1399 nude
949 1339 1025 1416 quod
1045 1338 1126 1402 uss

87 1420 198 1481 Tullius
214 1441 250 1481 ne
267 1421 461 1497 Thucydidem
483 1423 596 1501 quidem
619 1433 666 1482 aut
683 1422 905 1501 Xenophontem
920 1424 1004 1482 utiles
1020 1440 1082 1482 ora-

86 1507 143 1564 tori
164 1514 253 1583 putat,
271 1523 430 1584 quanquam
445 1506 524 1565 illum
538 1507 679 1568 bellicum
701 1524 830 1581 currere,
846 1507 929 1566 buius
945 1524 997 1567 ore
1015 1505 1083 1567 Mu·

84 1607 218 1650 sas'crse
232 1590 350 1650 locutos
365 1590 518 1649 existimet.
554 1588 637 1649 Licet
650 1599 745 1650 tamen
760 1590 842 1651 nobis
858 1592 886 1649 iu
898 1590 1083 1666 digressioni-

85 1672 140 1731 bus
162 1674 202 1731 uti
226 1672 275 1731 vel
297 1672 438 1732 historico
460 1690 659 1750 nonnunquam
680 1675 790 1748 nitore,
820 1674 886 1734 dum
907 1675 936 1732 iu
956 1673 1017 1748 his,
1047 1675 1084 1734 de

72 1755 189 1834 -quibus
210 1758 264 1816 erit
283 1757 427 1835 quaestio,
443 1758 663 1831 memmerimus,
681 1774 738 1817 nou
752 1758 922 1818 athletarum
933 1765 1014 1816 toros
1031 1758 1084 1817 sed
1152 1832 1154 1837 Α

85 1839 204 1899 militum
219 1839 346 1900 lacertos
361 1857 442 1907 esse;
460 1858 514 1900 nec
525 1840 735 1900 versicolorem
749 1841 838 1916 illam,
855 1858 910 1918 qua
920 1839 1083 1899 Demetrius

85 1922 243 1984 Phalereus
261 1923 409 1984 dicebatur
424 1925 485 1999 uti·,·
501 1933 612 1992 vestem
628 1923 703 1984 bene
719 1923 754 1984 ad
771 1925 916 1985 forensem
935 1922 1084 2002 pulverem

85 2008 196 2068 lacere.
230 2007 283 2067 Est
296 2016 326 2067 et
340 2008 413 2067 alius
429 2025 467 2068 ex
480 2008 606 2068 historiis
629 2027 697 2067 usus
718 2017 747 2068 et
768 2010 792 2068 is
816 2009 930 2086 quidem
946 2009 1126 2073 maximus34

86 2091 140 2151 sed
155 2108 213 2150 non
228 2091 263 2151 ad
279 2101 463 2170 praesentem
474 2094 622 2171 pertinens
640 2091 745 2168 locum,
760 2110 797 2152 ex
809 2093 974 2170 cognitione
989 2109 1084 2151 rerum

87 2174 354 2253 exemplorumque,
371 2176 474 2253 quibus
485 2177 613 2254 inprimis
625 2177 779 2235 instructus
791 2195 860 2237 esse
872 2174 959 2237 debet
974 2184 1083 2249 orator,

87 2275 124 2317 ne
140 2259 235 2317 omnia
250 2261 413 2319 testimonia
433 2269 572 2338 expectet
588 2278 605 2320 a
623 2260 783 2337 litigatore:
806 2261 859 2320 sed
884 2260 1023 2338 pleraque
1046 2277 1083 2317 ex

86 2351 230 2402 vetustate
249 2342 403 2420 diligenter
417 2343 472 2402 sibi
488 2345 603 2420 cognita
620 2352 721 2418 sumat,
740 2343 797 2404 hoc
814 2346 988 2423 potentiora,
1005 2343 1082 2422 quod

86 2445 122 2487 ea
137 2426 202 2486 sola
218 2426 380 2486 criminibus
396 2427 453 2486 odii
471 2436 500 2487 et
514 2430 625 2504 gratiae
642 2436 754 2487 vacant.
873 2487 876 2494 ,

170 2509 528 2589 Aphilosophorum
556 2528 628 2571 vero
656 2511 782 2572 lectione
808 2519 839 2570 nt
870 2519 969 2571 essent
996 2510 1126 2579 multa35

87 2592 171 2653 nobis
194 2594 335 2672 petenda,
357 2597 427 2656 vitio
448 2595 554 2655 lactum
577 2605 622 2655 est
645 2605 806 2670 oratorum,
830 2596 877 2673 qui
898 2595 1012 2674 quidem
1025 2594 1083 2656 illis

88 2678 195 2755 optima
210 2678 254 2737 sui
271 2680 368 2756 operis
384 2689 466 2757 parte
482 2687 643 2740 cesserunt.
681 2678 753 2740 Nam
775 2688 804 2739 et
818 2679 855 2738 de
873 2681 970 2753 iustis,
995 2678 1083 2737 hone·

87 2762 152 2836 stis,
163 2761 290 2837 utilibus,
307 2763 399 2840 iisque
415 2781 489 2842 quae
504 2764 561 2824 siut
577 2765 640 2822 istis
656 2765 813 2837 contraria,
837 2772 866 2821 et
887 2762 922 2821 de
941 2760 1028 2819 rebus
1044 2759 1084 2818 di·

87 2846 161 2903 vinis
177 2847 298 2906 maxime
312 2846 409 2907 dicunt
421 2855 450 2906 et
465 2855 697 2924 argumentantur
709 2847 829 2912 acriter;
847 2854 876 2904 et
891 2844 1083 2904 altercationi·

87 2927 142 2988 bus
161 2937 246 3005 atque
263 2930 537 3007 interrogationibus
557 2940 703 2990 oratorem
716 2931 840 2990 futurum
857 2929 964 3005 optime
979 2927 1083 2986 Socra·

88 3012 138 3071 tici
153 3021 334 3090 praeparant.
371 3014 430 3074 Sed
451 3014 496 3073 his
513 3031 630 3093 quoque
652 3013 840 3074 adhibendum
864 3020 910 3071 est
928 3010 1020 3069 simile
1043 3011 1127 3081 ιιι-36

88 3094 209 3168 dicium,
230 3104 261 3154 ut
281 3098 366 3157 etiarn
388 3117 451 3158 cum
466 3099 495 3157 iu
512 3097 600 3158 rebus
615 3115 765 3157 versemur
781 3096 899 3170 iisdem,
916 3111 973 3154 uon
990 3104 1084 3154 tamen

89 3178 209 3240 eandem
229 3195 296 3238 csse
317 3184 516 3243 condicionem
541 3183 666 3241 sciamus
686 3181 775 3241 litium
794 3197 829 3238 ac
852 3179 1083 3259 disputationum,

88 3262 144 3322 lori
160 3270 189 3320 et
204 3262 346 3339 auditorii,
361 3274 583 3343 praeceptorum
601 3275 630 3324 et
645 3264 847 3344 periculorum.

173 3343 268 3406 Credo
285 3357 439 3408 exacturos
457 3350 632 3428 plerosque,
656 3367 718 3408 cum
742 3354 848 3408 tantum
868 3365 936 3408 esse
956 3345 1125 3418 utilitatisgr

89 3429 118 3491 iu
134 3429 260 3507 legendo
277 3430 450 3510 iudicemus,
473 3442 504 3494 ut
522 3433 551 3495 id
572 3449 689 3512 quoque
710 3432 894 3511 adiungamus
915 3431 1015 3512 operi,
1035 3429 1082 3507 qui
