2434 3925
296 195 385 245 mrsu.
402 194 551 269 caenon.
568 195 781 262 nm.x11,11.
996 181 1057 244 275

52 366 119 429 que
135 348 188 409 illa
207 349 344 410 facultate
365 349 497 428 praedito
517 366 575 410 non
592 349 746 428 optandum
761 349 860 427 operis
875 347 1059 428 pulcherrimi

52 451 149 512 quarn
164 434 361 510 longissimum
376 443 506 511 tempus,
529 435 583 494 sed
603 435 669 512 quia
686 433 771 493 decet
785 432 843 492 hoc
859 451 975 511 quoque
991 450 1058 512 pro·

52 518 199 595 spicere,
221 534 257 576 ne
281 515 348 595 quid
366 519 466 596 peius,
490 535 574 595 quam
590 517 709 593 iecerit,
731 517 828 577 faciat.
864 515 968 595 Neque
984 519 1088 584 enimn

52 603 186 660 scientia
200 600 286 673 modo
303 609 415 661 constat
427 610 544 677 ¹orator,
563 619 638 680 quae
656 610 777 677 augetur
792 600 888 676 annis,
904 600 958 661 sed
973 618 1059 680 voce,

52 685 175 760 latere,
199 684 345 751 firmitate:
368 684 469 763 quibus
490 685 590 744 fractis
605 694 654 744 aut
668 685 817 749 imminutis
832 693 926 744 aetate
943 702 1059 746 seuva·

51 767 192 829 letudine
205 767 362 829 cavendum
374 777 429 843 est,
445 786 482 828 ne
494 768 563 848 quid
573 769 602 827 in
614 777 730 828 oratore
743 784 851 827 summo
867 767 1059 847 desideretur,

51 869 99 911 ‚nc
114 853 275 912 intersistat
290 851 443 928 fatigatus,
464 870 501 911 ne
525 870 599 930 quae
622 850 699 912 dicet
720 868 820 931 parum
836 851 927 912 audiri
944 853 1058 928 sentiat,

53 953 97 994 ne
123 953 158 994 se
180 943 300 1014 quaerat
315 936 451 1013 priorem.
482 934 549 994 Vidi
564 953 621 1011 ego
637 934 725 1012 longe
741 936 880 1010 omnium,
902 953 975 1014 quos
992 935 1087 1002 mihis

55 1035 248 1095 cognoscere
272 1020 409 1095 contigit,
434 1036 571 1079 summum
593 1029 755 1095 oratorem,
782 1019 936 1080 Domitium
958 1018 1059 1079 Afrum

52 1102 149 1163 valde
165 1120 281 1178 senem,
304 1102 411 1162 cotidie
428 1101 535 1178 aliquid
551 1121 588 1161 ex
603 1119 655 1178 ea,
678 1121 762 1181 quarn
778 1111 945 1178 meruerat,
961 1112 1058 1163 aucto·

54 1187 148 1246 ritate
170 1186 355 1265 perdentem,
380 1204 443 1245 cum
459 1194 565 1261 agente
587 1185 654 1261 illo,
679 1205 766 1267 quern
788 1187 948 1265 prinoipem
968 1186 1058 1246 fuisse

54 1270 207 1347 quondam
222 1270 277 1329 iori
292 1286 350 1329 non
365 1279 428 1329 erat
439 1268 566 1345 dubium,
584 1269 648 1345 alii,
665 1270 742 1349 quod
757 1271 901 1347 indignum
916 1270 1064 1347 videatur,

52 1353 208 1429 riderent,
224 1352 273 1413 alii
289 1353 513 1421 erubescerent3
530 1370 604 1431 quae
622 1356 740 1414 occasio
756 1354 808 1414 iuit
823 1354 953 1429 dicendi,
969 1356 1059 1415 molta

54 1456 130 1497 eom
142 1438 276 1515 deficere
291 1453 382 1515 quom
391 1438 547 1499 desinere.
573 1434 676 1516 Neque
690 1447 770 1499 erant
782 1438 831 1498 illa
848 1438 1057 1516 qualiacunque
1069 1449 1086 1502 4

54 1520 136 1580 mala
151 1521 204 1581 sed
221 1523 339 1580 minora.
372 1519 468 1594 Quare
484 1529 636 1598 antequam
651 1520 744 1580 iubas
761 1522 863 1582 aetatis
880 1521 977 1580 veniat
991 1522 1057 1580 insi·

55 1605 142 1681 dias,
157 1605 289 1683 receptui
304 1612 388 1664 canet
404 1612 433 1664 et
447 1605 476 1663 in
490 1613 603 1683 portum
619 1606 818 1682 integrauere
834 1605 996 1683 perveniet.

146 1687 249 1767 Neque
274 1689 349 1748 enim
369 1688 496 1748 minores
517 1706 598 1764 eum,
622 1706 685 1748 cum
707 1689 736 1748 id
757 1689 877 1763 iecerit,
901 1689 1057 1748 studiorum

54 1772 171 1832 fructus
192 1781 413 1850 prosequentur.
453 1770 511 1832 Aut
534 1772 584 1831 ille
605 1782 785 1833 monumenta
809 1791 905 1832 rerum
931 1773 1057 1850 posteris

55 1864 125 1931 aut,
141 1865 171 1914 ut
184 1855 214 1916 L.
233 1852 355 1919 Crassus
370 1856 398 1915 in
415 1854 496 1916 libris
512 1852 664 1915 Ciceronis
680 1857 818 1931 destinat,
839 1858 900 1916 iura
916 1873 1056 1934 quaeren-

55 1938 137 2000 tibus
151 1938 253 2001 reddet
270 1949 318 2001 aut
339 1939 525 2019 eloquentiae
541 1949 702 2018 componet
723 1949 814 2001 artem
834 1949 882 2001 aut
896 1939 1056 2018 pulcherri·
1083 1988 1085 1992 ,

53 2023 114 2083 mis
133 2025 209 2085 ritae
229 2026 399 2103 praeceptis
420 2024 534 2101 dignum
556 2040 590 2082 os
612 2024 700 2084 dabit.
736 2021 970 2104 Frequentabunt
984 2030 1084 2082 veroa

56 2107 124 2167 eius
141 2108 256 2168 domum
273 2109 373 2187 optimi
393 2109 514 2167 invenes
535 2125 615 2166 more
637 2118 768 2169 veterum
784 2120 814 2167 et
829 2125 928 2173 veram
942 2107 1056 2168 dicendi

54 2191 134 2251 viam
148 2191 228 2252 velut
249 2210 288 2253 ex
304 2192 422 2253 oraculo
443 2200 552 2270 petent.
586 2189 648 2250 Hos
669 2192 719 2251 ille
742 2192 876 2253 formabit
897 2192 978 2268 quasi
995 2190 1056 2250 elo·

55 2276 194 2353 quentiae
210 2293 333 2355 parens,
355 2285 384 2335 et
405 2284 434 2335 ut
449 2284 533 2335 vetus
546 2274 723 2352 gubernator
738 2277 823 2337 litora
838 2285 868 2335 et
891 2284 992 2353 portus
1015 2282 1055 2348 et,

57 2376 135 2437 quac
151 2368 352 2438 tempestatum
368 2359 465 2435 signa,
483 2359 551 2436 quid
568 2359 704 2420 secundis
719 2360 852 2436 flatibus,
871 2359 938 2438 quid
954 2359 1056 2419 adver·

55 2442 102 2502 sis
123 2443 195 2503 ratio
222 2453 341 2521 poscat,
365 2443 499 2518 docebit,
515 2458 582 2510 ‚non
603 2441 783 2504 humanitatis
806 2444 898 2504 solum
915 2442 1056 2503 communi

30 2579 38 2588 .
56 2525 159 2586 ductus
175 2527 273 2588 officio
294 2527 347 2587 sed
368 2544 466 2586 amore
487 2526 611 2604 quodam
629 2528 738 2604 operis.
770 2526 862 2587 Nemo
880 2529 955 2587 enim
970 2526 1084 2586 minoiti

58 2608 130 2670 velit
153 2610 198 2686 id,
229 2612 259 2671 in
284 2627 341 2689 quo
367 2612 505 2670 maximus
528 2610 588 2669 iuit.
628 2608 702 2683 Quid
725 2629 814 2691 porro
838 2622 883 2672 est
904 2611 1054 2670 honestius

59 2711 142 2771 quarn
158 2694 267 2755 docere
292 2695 369 2773 quod
390 2696 498 2773 optime
520 2689 618 2753 scias?
651 2696 701 2755 Sic
717 2696 754 2756 ad
770 2715 802 2756 se
821 2692 950 2755 Caelium
964 2691 1053 2752 dedu·

58 2785 164 2838 cturna
185 2787 267 2856 patre
285 2775 391 2838 Cicero
410 2778 576 2857 profitetur;
599 2777 642 2837 sic
657 2778 793 2854 Pansam,
812 2778 948 2851 Hirtium,
964 2775 1053 2835 Dola·

56 2860 164 2922 bellam
188 2863 217 2922 in
241 2879 351 2923 rnorem
376 2862 579 2940 praeceptoris
601 2864 733 2922 exercuit
754 2863 860 2922 cotidie
881 2860 982 2919 dicens
1004 2876 1053 2917 au·

59 2944 208 3023 diemque.
239 2945 285 3007 Ac
306 2948 407 3006 nescio
428 2964 465 3005 an
484 2962 549 3003 eum
569 2953 637 3004 tuno
659 2944 853 3005 beatissimum
869 2943 949 3004 credi
965 2942 1083 3021 opor-7

57 3030 219 3105 tectiore,
241 3049 305 3090 curn
328 3032 385 3090 iarn
406 3036 540 3089 secretus
562 3037 592 3087 et
615 3038 819 3104 consecratus,
843 3026 917 3087 liber
938 3026 1053 3100 invidia,

58 3114 159 3191 procul
187 3113 419 3174 contentionibus
451 3112 554 3172 famam
582 3112 692 3172 intuto
721 3111 874 3172 collocarit
900 3119 930 3170 et
949 3111 1055 3170 sentiet

57 3196 139 3257 rivus
154 3216 233 3274 earn,
256 3215 331 3276 quae
347 3205 415 3276 post
435 3196 493 3256 iata
509 3190 652 3273 praestari
671 3198 763 3274 magis
777 3195 868 3270 solet,
888 3194 1052 3254 veneratio·

58 3297 123 3339 nem
138 3290 182 3356 et,
199 3281 267 3360 quid
282 3280 357 3360 apud
374 3289 509 3359 posteros
524 3278 635 3339 futurus
653 3281 705 3355 sit,
721 3279 841 3340 videbit.
864 3302 868 3307 ·

143 3362 285 3425 Conscius
302 3382 363 3424 sum
378 3364 462 3439 mibi,
483 3371 618 3440 quantum
633 3364 832 3423 mediocritate
849 3361 939 3437 valui,
964 3363 1081 3439 quae-8

61 3464 116 3527 que
129 3458 213 3512 antea
235 3448 368 3526 scierim,
392 3465 524 3527 quaeque
549 3446 649 3525 operis
669 3447 788 3510 huiusce
803 3447 895 3590 gpptpa
911 3443 1053 3525 potuerim
