2434 3925
127 201 205 268 ,ω
480 211 842 272 trinomium

121 382 158 435 ο
210 366 252 428 ’2
286 366 507 440 Adicimus,
527 368 577 444 qni
593 375 694 425 com
707 369 848 442 satiat,
867 369 946 447 quod
960 388 1071 450 saepe,
1089 391 1168 453 qnae

202 454 269 514 alnis
283 453 382 512 litibus
395 454 597 529 impugnarunt
612 460 729 510 actores
743 470 910 526 cansam,
933 455 1037 515 eadem
1052 459 1082 517 in
1099 460 1165 519 aliis

160 537 326 599 dcicnffl
371 535 458 609 Quot
477 552 537 593 non
555 537 626 593 artis
647 535 701 593 sed
721 534 844 596 tonino
864 546 910 596 est
928 541 1038 599 vitium.
1083 542 1166 604 Haeo

160 631 227 681 a}
239 624 416 700 praecipu,
434 637 511 697 qaae
527 627 628 677 contra
641 618 808 678 rhetoricen
823 620 970 691 dicatum
992 623 1050 684 alia
1065 635 1098 685 et
1112 630 1164 688 mi·

159 723 233 766 nora
245 715 277 765 ct
290 715 386 764 tanen
399 723 438 764 cx
451 703 497 763 his
510 701 638 762 lontibus
652 703 790 763 tenuta

117 791 154 844 tl
245 788 437 849 Condit-atu
449 796 545 847 actem
558 804 627 845 esse
642 796 733 845 aneu
746 805 811 847 ean
824 787 964 850 breviter.
997 790 1070 851 llam
1086 795 1162 872 sive,

159 883 192 934 nt
206 873 363 934 clmtlucs
377 872 487 946 voluit,
507 889 556 930 ars
571 881 617 930 cst
629 879 767 949 potestas
783 874 883 951 α’ωι,
904 875 933 934 id
954 884 1000 935 est
1017 876 1162 955 ordinem,

158 958 315 1038 efficiens:
336 975 406 1016 csse
425 965 507 1016 certe
527 956 603 1014 viam
625 964 713 1033 atque
733 956 863 1017 ordinem
885 961 915 1017 in
934 958 1011 1019 bene
1035 960 1162 1023 diceudo

158 1060 244 1103 neno
265 1041 454 1108 dubitavcrit;
480 1042 544 1100 sive
564 1039 616 1098 ille
636 1039 673 1098 ab
694 1039 825 1100 omnibus
846 1042 910 1103 iere
931 1043 1072 1121 probatus
1097 1046 1163 1107 linis

159 1126 350 1201 observatur,
375 1134 466 1184 artem
487 1133 622 1183 constare
650 1141 688 1182 ex
713 1126 952 1225 perceptionipus
974 1132 1161 1190 consentien-

158 1211 236 1270 tibus
251 1220 282 1271 et
297 1210 504 1270 coexercitatis
519 1208 555 1267 ad
570 1208 655 1266 tinen
669 1207 768 1267 roten
783 1211 875 1270 vitae:
901 1213 956 1270 iam
971 1213 1161 1274 ostendemus

117 1295 230 1356 liuilnil
249 1312 309 1353 non
327 1293 455 1353 horum
444 1311 475 1351 un
487 1291 665 1351 rhetorice
655 1309 763 1353 inesse.
794 1291 890 1367 Quid?
911 1296 989 1373 quod
1010 1299 1069 1356 et
1060 1316 1160 1376 inspe-

160 1382 257 1441 ctione
271 1387 301 1438 et
314 1379 523 1437 exercitatione
536 1385 568 1435 ut
580 1384 659 1436 artes
674 1385 793 1437 ceterae
807 1375 944 1438 constat?
978 1380 1042 1440 Nec
1059 1392 1161 1459 potest

159 1482 208 1524 ars
221 1481 279 1523 non
292 1481 377 1537 esse,
397 1463 422 1521 si
436 1470 483 1520 est
501 1479 549 1520 ars
566 1460 737 1534 dialectice
759 1463 837 1540 quod
856 1463 919 1522 iere
938 1473 1068 1540 constat,
1095 1484 1160 1526 cum

160 1547 197 1608 alt
212 1565 248 1608 ea
261 1548 362 1625 specie
374 1548 466 1622 magis
479 1563 563 1623 quam
576 1563 687 1622 genere
702 1545 826 1605 diderat.
859 1547 918 1607 Sed
933 1566 989 1607 nec
1009 1549 1061 1608 illa
1075 1553 1159 1609 omit·

159 1632 246 1692 tenda
260 1640 342 1707 sunt,
366 1648 422 1708 qua
440 1633 469 1689 in
487 1648 521 1689 rc
539 1630 616 1689 alius
636 1647 669 1689 se
691 1630 910 1691 inartificialiter
928 1631 1002 1691 nlius
1023 1634 1159 1693 artificia·

160 1715 228 1777 liter
240 1724 341 1794 gerat,
363 1718 392 1774 in
407 1732 442 1774 ea
456 1732 525 1774 esse
539 1723 645 1781 artem:
666 1716 738 1773 etin
753 1731 806 1789 eo,
830 1716 925 1794 qnod,
949 1718 998 1793 qui
1012 1716 1158 1793 didicerit,

118 1801 262 1862 scaelus
284 1801 387 1875 iaciat,
415 1817 500 1878 quam
521 1800 570 1877 qui
590 1814 649 1856 non
670 1797 817 1873 didicerit,
845 1818 914 1860 esse
933 1809 1034 1859 artem.
1067 1801 1159 1881 Atqui

159 1902 217 1946 non
231 1885 325 1945 solnm
339 1884 442 1944 doctus
457 1884 602 1943 indoctum
617 1881 670 1942 sed
688 1885 772 1941 etiam
786 1883 902 1943 doctior
916 1883 1033 1944 doctum
1046 1886 1078 1944 in
1091 1886 1158 1945 rlrc·

159 1973 268 2031 torices
282 1987 374 2048 opere
389 1968 553 2048 superabit,
574 1984 671 2045 neque
685 1978 785 2028 esseut
804 1968 891 2028 aliter
909 1971 972 2028 eius
993 1978 1050 2028 tam
1068 1970 1158 2030 multa

158 2065 319 2136 praecepta
332 2063 449 2132 umque
467 2054 579 2130 magni,
601 2053 651 2130 qui
666 2051 821 2119 docerent:
842 2053 931 2131 idque
947 2071 1011 2112 cnm
1025 2054 1158 2113 omnihus

159 2140 351 2201 confitendum
371 2147 417 2198 est
436 2147 495 2196 tum
514 2136 599 2195 nobis
615 2138 789 2216 praecipue,
812 2139 861 2215 qui
880 2140 1021 2197 rationem
1042 2138 1158 2198 dicendi

158 2242 177 2285 a
190 2223 269 2284 bono
282 2225 347 2283 viro
360 2238 419 2281 non
432 2238 610 2300 separemus

450 2373 502 2425 ttx
519 2373 662 2434 QUIBUS
677 2373 856 2427 ARTIBUS.

241 2467 347 2530 xvllt
383 2466 454 2530 Gom
473 2470 529 2529 sint
550 2478 645 2530 autern
668 2473 769 2530 artium
789 2470 864 2530 aliae
882 2472 996 2548 positae
1017 2472 1045 2530 iu
1060 2473 1158 2550 inspe-

160 2557 273 2630 ctione,
294 2552 390 2613 idest
412 2556 579 2631 cognitione
595 2564 626 2614 et
646 2555 846 2615 aestimatione
867 2572 979 2629 rerum,
1001 2555 1096 2632 qualis
1113 2565 1160 2614 est

158 2599 335 2716 astrologia,
349 2638 456 2698 nullum
470 2641 593 2716 exigens
608 2648 702 2698 actum
716 2640 792 2699 sed
783 2656 849 2718 1pso
863 2641 921 2714 rei,
937 2642 1019 2698 cuius
1034 2639 1160 2699 studium

158 2723 264 2799 ltabct,
286 2723 437 2783 intellectu
457 2732 607 2799 contenta,
637 2740 711 2801 qnae
732 2714 900 2802 θεωρητικὴ
919 2733 1056 2791 vocatum
1082 2723 1159 2782 aliae

159 2807 340 2885 iungendo,
364 2826 482 2887 quarum
503 2808 532 2866 iu
552 2806 609 2867 hoc
630 2807 694 2866 linis
715 2817 760 2867 est
786 2816 815 2867 et
836 2809 900 2886 ipso
922 2816 988 2867 actu
1009 2806 1160 2909 perficitur

160 2892 289 2971 nihilque
304 2901 372 2970 post
392 2900 486 2952 actum
500 2893 600 2970 operis
615 2890 767 2969 relinquit,
790 2909 864 2969 quae
878 2887 1026 2990 repentini]
1042 2892 1157 2965 dicitur,

135 2976 254 3056 iqnalis
270 2976 385 3037 saltatio
400 2984 459 3045 est;
482 2976 579 3036 aliae
570 2995 599 3035 ιιι
614 2976 720 3035 edectu
723 2993 823 3054 ,quae
839 2978 954 3054 operis,
971 2976 1048 3053 quod
1064 2977 1159 3035 oculis

161 3060 326 3137 subiicitur,
351 3063 595 3122 consummatione
616 3061 701 3120 finem
719 3063 880 3138 accipiunt,
904 3078 986 3137 ιῐιιιιιιι
1001 3050 1160 3137 ποιητικὴν

161 3144 359 3245 appellamus,
374 3144 466 3223 qualis
484 3153 529 3204 est
543 3145 670 3222 pictura:
693 3144 756 3204 iere
778 3144 958 3205 iudicandum
978 3153 1037 3218 est,
1060 3144 1158 3203 rheto-

161 3230 242 3290 ricen
261 3231 289 3289 in
309 3238 394 3288 actu
415 3230 592 3297 consistere3
622 3229 679 3289 hoc
701 3232 792 3305 enim,
816 3228 893 3307 qnod
916 3237 963 3288 est
987 3188 1077 3288 olilcii
1103 3228 1157 3302 sui,

162 3312 286 3393 perlicit.
324 3312 421 3391 Atque
436 3315 474 3372 ita
492 3312 528 3374 ab
544 3313 675 3372 omnibus
690 3312 795 3372 dictum
812 3323 866 3372 est.

138 3403 156 3458 3
246 3396 315 3458 Mili
329 3406 423 3457 antem
437 3398 551 3458 videtur
566 3399 651 3456 etiam
667 3415 705 3456 ex
722 3397 780 3457 illis
797 3399 903 3457 ceteris
919 3396 1028 3456 artibus
1041 3396 1158 3455 multum

168 3500 333 3545 *ιιιιιιιθιθΗ
359 3479 431 3542 Nam
451 3490 480 3542 ct
495 3488 604 3562 potest
616 3481 769 3560 aliquando
790 3484 853 3561 ipsc
875 3498 924 3540 res
939 3499 994 3560 per
1013 3498 1047 3539 se
1062 3483 1157 3559 inspe-
