2434 3925
346 247 759 334 mss.onuroa.u1a.1,c.
1010 256 1048 317 21

52 441 115 484 ros.
146 422 217 484 lnde
234 426 263 484 in
278 423 406 499 syllabas
427 441 496 484 cura
511 422 658 498 transibit,
680 423 716 484 de
737 422 840 501 quibus
856 424 885 482 in
899 422 1050 501 orthogra-

53 507 122 586 phia
137 526 230 586 pauca
248 507 401 567 annotabo.

13 599 14 604 ’
140 591 213 651 Turn
231 590 354 668 videbit,
375 589 411 650 ad
426 608 510 668 quern
524 590 581 649 hoc
595 592 736 667 pertinet,
757 600 827 667 quot
842 599 871 651 et
886 608 960 669 quae
975 609 1050 669 par·

53 683 112 734 tes
146 677 346 742 orationis;
379 692 538 752 quanquam
567 674 603 734 de
630 691 761 746 numero
779 692 878 752 parum
906 678 1049 735 convenit.

52 756 181 819 Veteres
209 760 297 834 enim,
328 774 448 836 quorum
476 759 591 817 luerunt
616 757 793 817 Aristoteles
820 776 936 836 quoque
964 769 1049 837 atque
1059 772 1094 827 18

53 842 258 917 Theodectes,
278 842 368 902 verba
388 842 474 901 modo
497 851 526 901 et
547 845 660 902 uomina
679 851 708 901 et
728 844 945 902 convinctiones
964 845 1049 903 tradi·

53 926 173 995 deruut;
197 926 334 986 videlicet
349 926 426 1004 quod
441 929 469 987 iu
481 925 578 985 verbis
593 928 650 984 vim
666 928 824 1001 sermonis,
845 927 873 985 in
890 926 1049 987 nominibus

51 1013 217 1086 materiam,
243 1010 324 1090 (quia
339 1010 460 1070 alterum
476 1018 520 1069 est
535 1009 613 1086 quod
628 1009 784 1087 loquimur,
804 1010 925 1070 alterum
940 1011 976 1069 de
992 1027 1049 1088 quo

52 1094 214 1175 loquimur)
236 1096 263 1155 in
284 1093 530 1154 convinctionibus
547 1102 642 1153 autem
663 1094 846 1172 complexum
865 1110 964 1154 eorum
982 1113 1049 1155 esse

51 1179 266 1247 iudicaverunt;
290 1197 361 1256 quas
383 1179 598 1238 coniunctiones
621 1194 637 1236 a
657 1178 805 1256 plerisque
821 1178 877 1237 dici
894 1180 971 1253 scio,
997 1178 1050 1239 sed

52 1262 128 1323 baec
145 1263 260 1322 videtur
281 1281 318 1321 ex
338 1260 490 1343 συνδέσμῳ
504 1263 594 1338 magis
614 1264 731 1340 propria
752 1262 910 1322 translatio.
949 1262 1091 1330 Paula-19

52 1349 102 1406 tim
117 1366 134 1405 a
155 1346 337 1424 philosophis
355 1363 390 1405 ac
403 1349 524 1405 maxime
541 1346 647 1405 Stoicis
662 1355 762 1405 auctus
781 1355 826 1406 est
840 1365 991 1422 numerus,
1014 1365 1049 1406 ac

53 1433 176 1508 primum
191 1429 439 1490 convinctionibus
454 1430 570 1512 articuli
581 1430 701 1505 adiecti,
719 1439 787 1507 post
802 1432 1047 1512 praepositiones,

53 1513 216 1574 nominibus
244 1506 421 1595 appellatio,
453 1501 762 1594 deludepronomen,
796 1514 899 1574 deinde
931 1517 1048 1575 mixtum

53 1598 147 1657 verbo
164 1600 358 1677 participium,
376 1600 447 1676 ipsis
461 1597 558 1658 verbis
574 1595 719 1664 adverbia.
745 1598 853 1658 Noster
868 1615 963 1659 sermo
980 1601 1047 1659 arti·

55 1679 215 1743 cul‘o's'non
230 1679 390 1757 desiderat,
412 1683 537 1761 ideoque
552 1684 581 1741 in
601 1682 672 1742 alias
690 1692 787 1760 partes
809 1685 947 1743 orationis
967 1700 1047 1761 spar-

53 1776 170 1844 guntur.
202 1766 261 1825 Sed
276 1768 389 1827 accedit
404 1766 601 1844 superioribus
619 1768 793 1825 interiectio.
821 1766 880 1825 Alii
896 1776 990 1826 tamen
1010 1775 1091 1828 exto

53 1850 166 1910 idoneis
180 1850 315 1910 duntaxat
327 1850 491 1911 auctoribus
507 1860 574 1910 octo
587 1859 685 1927 partes
700 1852 792 1910 secuti
807 1860 870 1909 sunt
883 1860 913 1909 ut
923 1850 1047 1910 Aristar·

55 1934 126 2015 chus
143 1943 172 1995 et
187 1943 282 1995 aetate
303 1944 402 1995 nostra
422 1934 590 2010 Palaemon,
614 1935 661 2012 qui
676 1933 848 1995 vocabulum
870 1936 932 1994 sive
948 1927 1047 2012 appel-

54 2018 191 2081 lationem
212 2020 317 2078 nomini
342 2019 526 2079 subiecerunt
552 2028 685 2095 tanquam
708 2020 825 2096 species
849 2020 921 2078 eius.
953 2016 992 2077 At
1016 2021 1046 2088 ii,

56 2104 104 2181 qui
125 2102 202 2162 aliud
217 2121 320 2163 nomen
334 2103 411 2163 aliud
426 2103 597 2163 vocabulum
616 2102 738 2178 faciunt,
757 2120 870 2163 novena.
899 2101 1047 2162 Nihilomi-

54 2205 108 2246 nus
124 2187 252 2263 luerunt,
269 2189 316 2267 qui
331 2188 424 2266 ipsum
438 2189 530 2247 adhuc
545 2187 716 2247 vocabulum
733 2187 769 2246 ab
787 2186 981 2266 appellatione
997 2185 1046 2245 de-

55 2267 213 2348 ducerent,
237 2279 268 2330 ut
288 2281 367 2330 esset
390 2271 562 2331 vocabulum
589 2289 694 2350 corpus
719 2273 782 2331 visu
805 2280 940 2350 tactuque
960 2272 1046 2329 mani·

55 2354 179 2433 festum,
200 2356 320 2429 domus,
338 2357 452 2425 lectum·
473 2355 646 2434 appellatio,
670 2358 714 2415 cui
729 2357 777 2416 vel
792 2355 912 2415 alterum
929 2354 1047 2414 deesset

57 2438 104 2497 vel
124 2448 291 2517 utrumque,
309 2448 432 2517 centus,
454 2441 586 2516 coelum,
608 2443 699 2516 deus,
723 2443 830 2501 uirtus.
866 2437 1047 2499 Adiiciebaut

58 2531 86 2582 et
101 2526 346 2583 asseverationem
368 2532 398 2582 ut
416 2524 505 2595 ebert,
526 2532 555 2583 et
573 2526 803 2584 attrectationem
817 2532 848 2582 ut
866 2524 1047 2601 fonceutim5

58 2623 132 2684 quae
156 2607 224 2666 mihi
248 2625 305 2667 non
325 2606 528 2685 approbantur.
572 2606 752 2667 Vocabulum
771 2626 807 2667 an
827 2606 985 2684 appellatio
1007 2607 1047 2664 di·
1056 2618 1090 2673 21

58 2690 148 2750 conda
163 2692 200 2749 sit
213 2691 392 2770 προσηγορία
407 2700 436 2750 et
450 2691 627 2751 subiicienda
641 2694 747 2750 nomini
762 2709 871 2764 necne,
888 2691 954 2768 quia
969 2691 1049 2768 parvi

57 2775 161 2848 refert,
181 2774 301 2834 liberum
317 2775 473 2852 opinaturis
489 2776 631 2853 relinquo.

139 2857 259 2919 Nomina
274 2859 420 2919 declinare
436 2869 464 2918 et
479 2858 569 2918 verba
584 2859 720 2937 imprimis
735 2859 817 2935 pueri
832 2859 934 2931 sciant,
952 2875 1047 2934 neque
1057 2872 1091 2924 aa

58 2944 131 3001 enim
155 2942 239 3002 aliter
264 2944 417 3021 pervenire
443 2943 478 3002 ad
502 2943 681 3003 intellectum
706 2944 886 3019 sequentium
912 2950 1048 3018 possunt;
1139 2966 1146 2984 ·

57 3025 134 3105 quod
157 3027 240 3085 etiam
262 3044 380 3086 monere
401 3045 610 3105 supervacuum
630 3035 708 3100 erat,
729 3027 782 3085 nisi
801 3024 950 3085 ambitiosa
969 3024 1048 3084 iesti-

56 3111 171 3168 natione
187 3110 319 3187 plerique
335 3130 351 3170 a
366 3111 577 3188 posterioribus
594 3113 754 3188 inciperent
769 3118 807 3184 et,
824 3109 889 3168 dum
903 3117 1049 3168 ostentare

58 3193 216 3271 discipulos
234 3196 311 3254 circa
331 3197 511 3271 speciosiora
527 3194 648 3269 malunt,
669 3193 839 3271 compendio
859 3202 1047 3252 morarentur.

56 3276 143 3354 Atqui
158 3279 182 3336 si
199 3279 261 3355 quis
277 3287 306 3337 et
321 3278 451 3338 didicerit
467 3279 536 3338 satis
552 3287 581 3337 et
597 3278 690 3358 (quod
706 3294 764 3336 non
780 3279 870 3335 minus
886 3277 992 3336 deesse
1007 3278 1092 3337 iu·23

56 3363 139 3420 terim
154 3361 247 3441 solet)
265 3363 391 3422 voluerit
407 3363 516 3422 dooere
532 3379 606 3440 quae
622 3363 736 3436 didicit,
755 3363 880 3420 nouerit
897 3368 1048 3419 contentus

56 3446 171 3504 tradere
198 3448 226 3503 in
251 3444 410 3505 nominibus
429 3448 483 3505 tria
504 3464 613 3521 genera
632 3455 661 3505 et
679 3462 729 3519 ea,
754 3463 827 3522 quae
852 3453 917 3503 sunt
937 3441 1048 3502 duobus

58 3529 413 3589 omnibusve‘communia.
454 3528 518 3589 Nec
542 3531 635 3588 statim
660 3528 827 3605 diligentem
848 3525 972 3606 putabo,
1001 3526 1091 3602 quial
