2434 3925
73 253 78 269 ,
123 146 127 155 υ
162 189 222 255 192
471 200 830 261 rr.una.ou1ur1u1uu1

160 380 239 435 occu,
261 358 289 418 id
311 366 355 417 est
374 355 658 421 inartificiales;
682 354 751 433 [has
771 351 933 430 ἔνιέχνους,
954 353 1041 414 idest
1056 358 1148 415 arti·

134 441 351 520 aliciales‚l
372 448 558 511 vocaverunt.
595 438 641 498 Ex
653 438 705 498 illo
719 439 816 516 priore
831 454 940 513 genere
960 447 1024 497 sunt
1044 457 1148 517 prae·

84 536 97 561 ¹¹
161 524 312 600 iudicia,
338 541 522 599 rumores,
548 530 747 596 tormenta,
770 520 933 596 tabulae,
958 522 1148 583 iusiuran-

161 609 256 684 dnm,
278 616 414 683 testes,
440 609 469 666 in
492 606 594 684 quibus
609 623 676 683 pars
691 606 811 665 maxima
826 605 1038 664 contentionum
1052 605 1148 665 loren-

161 694 234 751 sium
253 692 392 751 consistit.
429 689 488 751 Sed
507 699 538 749 ut
557 691 621 767 ipsa
641 706 695 767 per
713 706 747 748 se
768 697 866 747 carent
881 697 957 767 arte:
977 689 1016 749 ita
1032 693 1148 749 summis

162 776 344 853 eloquentiae
364 773 472 834 viriltns
493 781 522 833 et
548 772 697 832 allevanda
726 780 790 831 sunt
815 771 983 849 plerumque
1008 782 1038 832 et
1061 773 1148 832 retel-

161 859 254 919 lenda.
287 858 383 931 Quare
399 857 466 916 milri
480 857 613 920 videntur
627 872 803 933 magnopere
817 855 975 931 damnandi,
996 858 1044 934 qui
1058 866 1149 915 totum

132 942 217 1013 alnoo
237 959 329 1020 genus
351 960 368 1001 a
389 942 554 1019 praeceptis
575 948 769 998 removerunt.
808 937 871 997 Neo
891 947 985 998 tamen
1006 942 1034 999 in
1055 942 1147 1000 animo

161 1035 219 1102 est,
234 1027 338 1100 omnia,
354 1043 427 1103 quae
445 1034 492 1084 aut
507 1041 561 1102 pro
576 1022 620 1082 lais
635 1031 683 1082 aut
698 1031 797 1082 contra
814 1022 871 1081 dici
888 1022 999 1099 solent,
1021 1024 1147 1102 comple·

160 1111 209 1170 cti.
229 1108 376 1168 Ncneuim
388 1125 551 1167 communes
566 1106 650 1165 locos
663 1106 777 1166 tradere
790 1105 973 1182 destinamus,
986 1107 1149 1185 quodesset

160 1185 259 1271 operis
270 1192 378 1267 induiti,
395 1191 446 1250 sed
461 1192 535 1250 viam
552 1189 690 1268 quandam
702 1200 787 1269 atque
798 1191 946 1248 rationem.
977 1190 1086 1263 Quibus
1098 1191 1147 1250 de-

159 1277 333 1349 monstratis,
351 1292 408 1333 non
422 1274 507 1333 modo
523 1277 551 1332 in
567 1274 736 1351 exequendo
751 1292 817 1333 suas
833 1275 954 1351 quisque
968 1275 1045 1332 vires
1061 1273 1149 1334 debet

160 1358 297 1419 adhihere
312 1356 364 1417 scd
380 1360 464 1417 etiam
482 1357 653 1417 inveniendo
669 1358 788 1433 similia,
810 1366 840 1417 nt
863 1374 994 1435 quaeque
1016 1359 1147 1418 condicio

161 1442 251 1502 litium
265 1451 378 1520 poscet.
413 1440 515 1519 Neque
540 1443 614 1500 enirn
635 1430 671 1500 die
693 1441 821 1500 omnihus
843 1442 936 1500 causis
957 1440 1054 1501 dicere
1071 1444 1147 1520 quis·

162 1541 244 1603 quam
258 1534 354 1603 potest
365 1525 466 1586 saltem
481 1526 661 1604 praeteritis,
681 1534 711 1584 ut
729 1533 840 1585 taceam
855 1525 890 1584 de
911 1524 1022 1584 futuris.

513 1678 557 1728 DE
573 1677 792 1729 PRAEIUDICIIS.

243 1776 279 1836 ll.
306 1774 364 1836 lam
385 1776 701 1854 praeiudiciorum
721 1777 765 1834 vis
785 1777 875 1834 omnis
899 1774 988 1834 tribus
1008 1774 1038 1835 in
1059 1792 1147 1851 gene·

159 1859 237 1920 ribus
259 1869 407 1920 versatur:
435 1859 540 1934 rebus,
571 1877 645 1938 quae
672 1859 825 1936 aliquando
854 1877 891 1918 ex
916 1858 1032 1937 paribus
1054 1861 1147 1918 causis

158 1953 224 2004 sunt
241 1945 394 2020 iudicatae,
418 1963 491 2023 quae
508 1943 640 2023 exempla
654 1945 763 2005 rectius
779 1943 918 2019 dicuutur,
941 1952 971 2003 ut
985 1942 1023 2002 dc
1041 1945 1145 2002 rescis-

159 2031 199 2088 sis
221 2038 333 2108 patrum
352 2031 529 2088 testamentis
550 2029 599 2088 vel
618 2037 716 2088 contra
737 2028 813 2087 lilios
829 2029 1017 2094 confirmatis;
1037 2027 1147 2086 iudiciis

159 2112 308 2191 ad'ipsam
330 2130 444 2171 causam
463 2112 687 2191 pertinentibus,
710 2112 783 2171 unde
806 2115 890 2172 etiarn
911 2129 1014 2190 nornen
1034 2111 1148 2170 ductum

160 2205 215 2271 est,
239 2195 333 2274 qualia
354 2197 383 2254 in
405 2194 590 2274 Oppianicum
604 2195 680 2256 lacta
701 2195 830 2255 dicuntur
848 2206 878 2256 et
894 2213 911 2256 a
925 2203 1025 2255 senatu
1046 2194 1147 2254 adver·

159 2297 209 2337 sus
230 2277 379 2346 Milonem3
406 2288 453 2338 aut
481 2298 544 2339 curu
571 2279 606 2339 de
635 2279 734 2339 eadem
756 2298 841 2340 eausa
862 2282 1070 2358 pronuntiatum
1091 2286 1147 2351 est,

159 2370 190 2420 ut
210 2363 238 2421 in
258 2364 316 2421 reis
338 2362 497 2440 deportatis
512 2372 541 2422 et
556 2365 716 2422 assertione
735 2364 861 2423 secunda
884 2373 913 2423 et
932 2361 1059 2442 partibus
1081 2380 1147 2420 cen·

130 2446 359 2520 ammiralium,
382 2463 456 2523 quae
477 2448 505 2505 in
526 2447 596 2506 duas
619 2448 715 2507 hastas
736 2447 844 2507 divisae
866 2456 939 2506 sunt.
974 2444 1148 2505 Confirman-

159 2537 205 2588 tur
219 2531 374 2607 praecipue
386 2529 512 2590 duobus:
526 2534 694 2590 auctoritate
707 2547 814 2605 eorum,
828 2533 874 2609 qni
886 2532 1148 2609 pronuntiaverunt,

160 2620 189 2672 et
212 2612 393 2672 similitudine
413 2631 524 2689 rerum,
547 2615 583 2674 de
606 2615 707 2692 quibus
730 2617 889 2692 quaeritur;
912 2614 1082 2674 refelluntur
1100 2632 1149 2672 au·

159 2704 217 2755 tem
238 2714 304 2755 raro
326 2715 380 2775 per
401 2698 598 2758 contumeliam
619 2699 757 2773 iudicum,
779 2700 833 2757 nisi
854 2699 930 2758 forte
951 2697 1100 2758 manifesta
1121 2698 1151 2755 in

158 2779 204 2840 his
227 2781 311 2859 culpa
334 2782 398 2840 erit.
441 2780 509 2840 Vult
532 2785 605 2842 enim
627 2784 862 2860 cognoscentium
883 2784 1021 2861 quisque,
1043 2782 1150 2840 lirmarn

159 2882 227 2924 esse
250 2864 367 2925 alterius
391 2868 569 2942 sententiam,
591 2869 621 2925 'et
642 2869 705 2944 ipse
720 2868 965 2945 pronuntiaturus;
987 2883 1042 2924 nco
1058 2863 1149 2924 libeu-

130 2956 203 3013 3ter
227 2948 406 3027 exemplum,
429 2949 506 3026 quod
528 2952 609 3009 inse
630 2950 902 3025 fortasserecidat,
924 2950 1000 3010 iacit.
1043 2946 1149 3008 Coniu-

158 3031 293 3106 giendnm
314 3049 386 3109 ergo
410 3043 455 3092 est
474 3035 502 3092 in
520 3032 632 3093 dnobus
652 3033 865 3113 superioribus,
888 3036 912 3093 si
933 3052 981 3093 res
1003 3033 1095 3107 ieret,
1113 3031 1150 3091 ad

159 3113 283 3191 aliquam
308 3114 560 3176 dissimilitudinem
588 3136 709 3185 causam
743 3120 792 3176 vix
819 3126 912 3176 autam
938 3117 997 3176 ulla
1025 3125 1070 3175 est
1095 3134 1151 3194 per

160 3199 254 3256 omnia
275 3199 358 3257 alteri
382 3200 490 3278 similis.
533 3201 563 3260 Si
578 3202 606 3260 id
627 3220 685 3261 nou
706 3204 852 3278 continget
873 3210 920 3260 aut
942 3202 1041 3261 eadem
1063 3217 1151 3258 eausa

161 3282 230 3341 erit:
252 3283 394 3340 actionum
415 3284 568 3343 incusanda
585 3286 761 3362 negligentia
783 3293 831 3344 aut
852 3285 889 3344 de
904 3285 1064 3344 infirmitate
1082 3300 1151 3361 pcr-

160 3383 294 3425 sonarum
308 3366 492 3443 querendum,
512 3376 611 3427 contra
633 3387 703 3446 quas
726 3370 780 3426 erit
793 3368 955 3442 iudicatum,
972 3378 1019 3428 aut
1034 3367 1070 3428 de
1083 3383 1152 3443 gra·

160 3449 209 3528 tia,
231 3467 306 3529 (luae
321 3458 411 3508 testes
433 3453 606 3530 corruperit,
626 3463 673 3513 aut
688 3454 724 3514 de
739 3452 843 3512 invidia
859 3461 907 3512 aut
920 3453 957 3513 de
979 3451 1151 3530 ignorantia,
