2434 3925
159 173 218 235 116
467 184 828 246 munemundus

152 341 297 421 partibus
315 347 458 420 speciano
479 341 524 401 ud
538 341 762 418 quaestionem
782 318 845 399 ant:
870 336 975 402 Caura
994 349 1041 403 cot
1059 361 1150 422 nego
1207 317 1209 396 ἶ

155 428 246 501 dum,
270 427 357 486 cuius
373 425 445 503 fiais
460 433 505 487 eet
521 425 740 485 controuersia.
773 423 870 501 Ipsum
885 423 989 484 deinde
1005 429 1153 502 negotium

156 512 200 569 sio
214 510 289 569 linit:
310 507 467 588 Negotium
488 517 533 570 est
549 509 984 588 congregatioperaonurum,
1006 511 1153 588 locorum,
1208 559 1209 566 ,

156 606 338 672 temporum,
360 594 733 669 consummandorum,
754 611 898 665 casuum,
915 592 1086 670 factorum,
1104 597 1153 656 iu-

156 687 408 750 strumeutorum‚
427 695 617 753 sermonum,
622 678 820 777 scriptorum
838 684 866 738 et
879 695 940 737 uon
957 679 1152 757 scriptorum

115 759 281 822 ISGansam
306 780 380 821 nunc
401 761 594 838 intelligamus
607 720 777 836 ὑπόθεσιν,
805 762 953 848 negotium
974 762 1151 842 περίστασιν.

156 846 216 905 Sed
237 855 266 905 et
280 848 372 923 ipsam
389 863 504 905 cansam
521 845 634 923 quidam
655 844 787 903 similiter
808 832 956 920 linierunt,
976 854 1007 903 ut
1029 845 1152 924 Apollo·

156 930 243 989 dorus
259 931 415 1007 negotium.
448 929 594 988 Isocrates
609 938 705 987 autem
722 945 837 988 oausam
860 946 928 987 esse
949 930 989 988 ait
1003 931 1153 1007 quaestio·

155 1033 223 1078 nem
246 1015 363 1092 flavitum
388 1015 505 1075 civilem
526 1022 581 1075 uui
604 1031 709 1075 rerum
729 1014 969 1074 commonentium
991 1015 1023 1074 iu
1042 1032 1154 1091 perso-

154 1116 266 1172 narum
278 1099 432 1176 finitumae
444 1098 621 1176 compleam
637 1095 744 1156 Cicero
758 1096 802 1156 his
813 1096 927 1156 verbis:
945 1094 1049 1158 Causa
1061 1099 1154 1160 certia

153 1186 311 1261 peractus,
326 1183 417 1258 locis,
437 1182 638 1260 temporibus,
656 1181 846 1258 notionibus,
862 1182 990 1260 negotiis
1004 1184 1153 1259 canitur,

156 1275 211 1328 aut
227 1269 261 1327 iu
280 1267 418 1328 omnihus
439 1275 493 1328 out
508 1268 541 1326 iu
559 1266 716 1343 plerisque
736 1283 850 1326 eorum.

476 1418 564 1478 QUID
587 1418 647 1469 Sl‘l'
672 1416 832 1471 STATUS.

240 1514 289 1574 VI.
326 1514 407 1592 Ergo
430 1533 494 1575 enm
515 1517 606 1575 omnis
630 1532 717 1575 cansa
741 1516 922 1575 contineatur
942 1515 1040 1592 aliquo
1064 1523 1153 1593 statu,

157 1600 324 1677 prinsquam
339 1599 438 1659 dicere
455 1600 628 1676 aggredior,
649 1614 708 1678 ¹qno
723 1600 810 1659 modo
825 1616 918 1676 genus
935 1599 1070 1677 qnodque
1087 1618 1153 1660 can-

157 1702 209 1744 sae
231 1686 268 1743 sit
290 1685 481 1744 tractandum:
503 1683 531 1743 id
553 1685 631 1762 quod
653 1693 699 1743 est
719 1701 870 1742 commune
894 1681 1041 1759 omnihus,
1065 1684 1163 1762 qnid

157 1770 206 1827 sit
226 1776 344 1827 status
367 1777 396 1840 et
417 1768 511 1828 unde
530 1769 687 1828 dueatur
707 1777 738 1827 et
759 1776 850 1846 quot
871 1775 901 1826 et
920 1768 980 1844 qni
999 1769 1089 1843 sint,
1113 1771 1153 1827 in·

91 1901 94 1906 .
157 1853 292 1912 tuendum
312 1860 392 1930 puto.
428 1852 596 1930 Quanquam
618 1853 646 1911 id
668 1852 797 1911 nonnulli
818 1850 853 1911 ad
873 1852 1024 1912 iudiciales
1045 1862 1153 1913 tantum

156 1938 303 2016 pertinere
317 1939 452 1999 materias
469 1945 656 2016 putaverunt,
673 1954 794 2015 qnorum
811 1936 962 2013 inscitiam,
981 1954 1044 1996 cnm
1060 1939 1154 1996 omnia

132 2025 209 2082 2tria
236 2040 346 2099 genera
372 2022 455 2082 luero
481 2031 639 2097 executus,
667 2040 715 2081 res
739 2023 804 2101 ipsa¹
823 2020 1031 2098 deprehendet
1068 2021 1153 2096 Quod

156 2124 210 2166 nos
225 2115 337 2167 ctutum
353 2107 381 2167 id
400 2106 513 2185 quidam
529 2107 768 2168 omnumuouem
789 2112 911 2179 vocant,
933 2105 981 2165 alii
998 2108 1153 2183 quaestio-

155 2210 239 2266 nem,
261 2191 310 2250 alii
325 2192 406 2289 quod
422 2209 463 2252 ea
479 2193 658 2289 quaestione
675 2197 846 2269 appareat,
868 2187 1040 2249 Theodorus
1061 2198 1155 2269 caput

156 2275 253 2334 idest
276 2268 438 2349 κεφάλαιον
461 2295 671 2353 neocaesarea,
700 2276 736 2335 ad
760 2272 838 2351 qnod
859 2273 1024 2333 referantur
1047 2276 1152 2333 orunia.

157 2356 286 2431 Quorum
302 2358 417 2418 diversa
432 2358 609 2436 appellatio,
631 2359 676 2417 vis
693 2359 795 2418 eadem
813 2366 873 2425 est;
895 2375 951 2417 nec
969 2360 1092 2417 interest
1114 2357 1154 2416 di·

158 2443 316 2515 suentium,
340 2442 442 2520 quihus
466 2443 590 2520 quidque
614 2443 774 2503 nominihus
785 2441 983 2541 appelletur,
1012 2443 1077 2502 dum
1106 2458 1155 2502 res

133 2528 222 2605 aipsa
236 2486 387 2586 manidesta
408 2529 454 2586 sit.
491 2527 601 2586 Statum
618 2526 721 2587 Graeci
739 2520 843 2587 στάσιν
862 2535 986 2602 vocant,
1011 2526 1088 2604 quod
1104 2543 1155 2585 no·

158 2629 223 2672 men
236 2627 295 2670 non
310 2613 430 2688 primum
445 2610 480 2670 ah
498 2610 677 2688 Hermagora
693 2610 828 2671 traditum
843 2618 961 2688 putant,
983 2609 1036 2669 sed
1052 2610 1101 2670 alii
1119 2610 1155 2669 ah

156 2693 319 2770 Naucrate,
346 2694 483 2768 isocratis
507 2694 667 2773 discipulo,
697 2694 745 2755 alii
771 2712 787 2754 a
809 2694 926 2772 Zopyro
951 2692 1154 2761 Clazomenio;

157 2796 318 2855 quanquam
330 2779 444 2839 videtur
455 2777 618 2838 Aeschines
632 2796 748 2857 quoque
761 2781 789 2838 in
802 2782 932 2838 oratione
949 2787 1048 2838 contra
1061 2775 1155 2837 Ctesi·
1175 2788 1177 2792 ’

156 2862 293 2940 phontem
307 2865 348 2922 uti
362 2863 420 2923 hoc
433 2862 537 2937 verbo,
554 2881 618 2923 cum
633 2881 649 2923 a
664 2863 804 2922 indicibus
820 2865 902 2941 petit,
917 2880 954 2921 ne
965 2862 1156 2922 Demostheni

157 2949 321 3023 permittant
346 2949 463 3024 evagari
484 2947 541 3006 sed·
560 2965 626 3006 eum
641 2948 740 3008 dicere
756 2947 792 3006 de
811 2950 876 3025 ipso
893 2964 998 3007 causae
1013 2956 1088 3006 statu
1106 2966 1155 3007 co·

130 3039 234 3106 lgant.
276 3030 358 3104 Quae
375 3031 533 3110 appellatio
552 3031 656 3090 dicitur
677 3032 763 3091 ducta
777 3032 826 3091 vel
842 3049 880 3090 ex
896 3049 948 3107 eo,
970 3031 1047 3108 qnod
1063 3031 1102 3090 ihi
1120 3034 1157 3091 sit

157 3116 265 3191 primus
281 3132 387 3174 causae
407 3132 600 3192 congressus,
623 3116 672 3174 nel
689 3116 766 3193 qnod
782 3117 810 3174 in
825 3117 883 3176 hoc
899 3133 985 3176 cansa
1002 3118 1154 3174 consistat.

157 3196 194 3256 Et
220 3199 340 3257 nominis
366 3200 480 3277 quidem
502 3199 576 3258 haec
604 3201 706 3276 origo;
729 3210 811 3259 nnnc
829 3200 912 3278 qnid
943 3201 1001 3258 sit.
1043 3200 1155 3260 Statum

158 3283 271 3359 qnidam
297 3282 429 3341 dixerunt
442 3285 582 3361 primum
612 3302 780 3345 cuneorum
810 3282 1049 3361 conflictionem
1080 3301 1154 3362 qnos

129 3371 239 3428 duecte
263 3367 407 3440 sensisse,
430 3383 529 3444 parum
552 3366 686 3425 elocutos
708 3378 788 3445 puto.
826 3367 890 3427 Non
907 3370 980 3427 enim
996 3376 1042 3427 est
1063 3376 1154 3427 status
1199 3362 1215 3377 “’

155 3454 245 3531 prima
262 3450 423 3526 condictio,
443 3452 545 3530 fecisti
551 3493 561 3527 ,
579 3471 641 3513 uon
658 3452 741 3530 [θοᾶς
763 3453 816 3511 sed
831 3452 908 3531 quod
926 3470 964 3511 ex
978 3453 1070 3530 prima
1085 3468 1155 3512 oon·
