2434 3925
2 997 4 1062 l

321 204 411 255 msc.
435 204 583 256 cunnos.
603 207 673 255 um.
694 206 723 272 1,
743 204 786 258 ro
1013 194 1052 256 51

41 364 198 439 discatur,
229 361 402 422 existimant.
447 360 480 422 ld
505 361 636 438 vulgaris
666 361 764 439 opinio
796 369 851 421 est.
902 360 966 421 Nec
997 362 1095 427 sinete·

43 465 141 509 causa
169 446 271 507 summi
297 446 352 504 viri
381 446 467 505 etiam
488 446 647 523 impensam
672 445 740 504 huic
766 446 906 505 scientiae
935 463 1054 524 operam

41 532 204 593 dederunt.
249 528 321 588 Nam
344 547 408 588 curn
431 531 468 588 sit
494 530 657 606 geometria
682 529 774 588 divisa
797 530 826 588 in
852 548 986 589 numeros
1012 541 1053 590 at·

44 634 104 695 que
126 616 254 675 formas:
286 630 467 673 numerorum
489 614 603 691 quidem
632 613 732 673 notitia
754 629 811 672 non
832 617 940 674 oratori
967 616 1053 675 modo

43 701 99 761 sed
127 700 292 775 cuicunque
317 698 421 756 saltem
437 698 535 775 primis
559 698 662 757 litteris
681 696 792 756 erudito
811 700 979 758 necessaria
998 708 1053 759 est.

44 784 77 845 ln
93 784 196 843 causis
214 798 286 842 vero
303 781 536 859 frequentissime
553 782 666 841 versari
684 780 775 849 solet;
798 782 826 840 in
843 781 945 859 quihus
960 793 1053 859 actor,

45 885 105 928 non
130 867 215 941 dico,
238 867 262 924 si
281 865 358 924 circa
379 884 502 925 summas
518 865 643 944 trepidat
665 865 718 924 sed
737 866 762 923 si
783 865 936 943 digitorum
951 867 1055 927 saltem

45 953 167 1011 incerto
191 959 239 1009 aut
260 949 400 1009 indecoro
422 957 542 1027 gestus
569 949 784 1027 computatione
806 950 954 1025 dissentit,
983 952 1054 1011 iudi·

47 1046 134 1095 catur
158 1035 301 1093 indoctus.
342 1033 396 1093 1111
413 1051 485 1093 vero
504 1033 621 1093 linearis
646 1035 720 1092 ratio
741 1043 770 1092 et
792 1035 854 1112 ipsa
873 1035 988 1111 quidem
1007 1048 1097 1102 11-36

47 1120 87 1179 (111
113 1120 287 1196 frequenter
312 1118 340 1175 in
364 1135 484 1193 causas,
513 1119 538 1176 si
563 1118 599 1177 de
624 1119 751 1177 terminis
771 1120 969 1197 mensurisque
999 1121 1055 1178 sint

48 1204 135 1272 lites;
159 1202 212 1263 sed
228 1200 316 1262 habet
337 1203 474 1261 maiorem
497 1202 637 1278 quandam
656 1201 740 1261 aliam
758 1221 822 1262 cum
845 1211 906 1262 arte
928 1204 1055 1262 oratoria

49 1289 268 1365 cognationem.
312 1285 434 1346 Primum
457 1286 535 1345 ordo
568 1295 613 1345 est
642 1288 824 1363 geometriae
855 1290 1097 1352 necessarins;37

49 1390 148 1431 nonne
168 1379 197 1431 et
213 1367 421 1447 eloquentiae?
453 1368 499 1428 Ex
516 1370 661 1448 prioribus
677 1372 838 1447 geometria
855 1370 959 1449 prohat
979 1374 1054 1430 inse·

50 1458 172 1534 quentia
201 1464 230 1514 et
252 1455 340 1514 certis
366 1456 492 1522 incerta;
525 1472 620 1514 nonne
648 1454 676 1513 id
706 1456 735 1513 in
764 1455 887 1515 dicendo
913 1453 1055 1515 iacimus?

50 1538 235 1613 Quintilla
263 1540 477 1616 propositamm
504 1540 705 1616 quaestionum
732 1539 882 1598 conclusio
910 1556 968 1599 non
992 1541 1056 1599 iere

52 1633 112 1683 tota
143 1632 260 1684 constat
289 1619 488 1699 syllogismis?
530 1622 654 1701 Propter
681 1623 758 1700 quod
787 1623 886 1700 plnres
915 1626 1055 1698 invenias,

52 1710 99 1786 qui
120 1708 296 1769 dialecticae
317 1707 438 1766 similem
463 1724 546 1783 qpam
563 1707 612 1785 qui
631 1706 796 1766 rhetoricae
817 1706 961 1770 iateaflrr
983 1709 1056 1767 hanc

53 1801 154 1852 artem.
177 1850 180 1857 ,
200 1790 308 1850 Verum
329 1799 358 1850 et
378 1800 476 1850 orator
499 1792 610 1850 etiamsi
633 1809 699 1850 raro
722 1807 779 1848 non
800 1800 895 1851 tamen
915 1810 1057 1870 nunquam

52 1876 191 1953 probabit
213 1875 377 1934 dialectice.
411 1873 484 1934 Nam
501 1884 530 1934 et
545 1875 735 1951 syllogismis,
753 1875 843 1933 sires
861 1885 976 1954 poscet,
994 1884 1099 1940 ote-38

53 1968 97 2019 tur
119 1970 151 2021 et
176 1969 256 2020 certe
280 1958 507 2035 enthymemate,
532 1960 579 2038 qui
601 1959 764 2018 rhetoricus
788 1968 833 2018 est
858 1958 1055 2037 syllogismus.

53 2042 188 2123 Denique
217 2043 416 2123 probationum
453 2061 527 2121 quae
557 2054 622 2103 sunt
648 2045 866 2122 potentissimae
894 2041 1057 2123 γραμμικαὶ

56 2120 217 2202 ἀποδείξεις
238 2130 327 2206 vulgo
349 2129 497 2188 dicuntur:
520 2129 587 2207 quid
614 2137 708 2187 autem
730 2129 821 2205 magis
843 2129 948 2203 oratio,
972 2145 1056 2206 quam

54 2212 257 2289 probationem
283 2210 377 2291 petit?
421 2211 506 2271 Falsa
525 2230 641 2291 quoque
668 2213 747 2272 veris
769 2213 872 2274 similia
895 2215 1099 2290 geometria39

54 2299 168 2357 ratione
192 2296 392 2374 deprehendit.
436 2295 481 2355 Fit
500 2297 557 2356 hoc
580 2307 608 2357 et
625 2300 653 2357 in
676 2297 801 2356 numeris
823 2315 878 2375 per
907 2297 1056 2376 quasdam,

56 2396 127 2459 quas
139 2380 364 2459 ψευδογραφίας
384 2390 506 2455 vocant,
529 2381 633 2459 quibus
652 2383 735 2460 pueri
756 2382 858 2441 ludere
880 2382 1056 2442 solebamus.

55 2464 113 2525 Sed
137 2465 196 2524 alia
218 2465 327 2524 maiora
349 2473 424 2523 sunt.
470 2463 542 2524 Nam
565 2467 630 2543 quis
652 2467 770 2525 nonita
794 2467 967 2545 proponenti
994 2482 1057 2525 cre·

57 2546 118 2609 dat:
162 2547 290 2621 Quorum
313 2549 443 2608 locorum
465 2557 612 2609 extremae
638 2550 732 2609 lineae
755 2550 876 2609 eandem
897 2567 1058 2610 mensuram

58 2631 215 2710 colligunt,
238 2650 338 2692 eorum
359 2633 482 2711 spatium
504 2650 633 2711 quoque,
656 2634 733 2712 quod
754 2634 799 2692 his
821 2634 905 2694 lineis
929 2636 1058 2693 contine·

58 2721 117 2790 tur,
149 2734 201 2795 par
230 2717 267 2776 sit
288 2734 412 2776 necesse
433 2713 499 2775 esti
544 2717 583 2776 ht
604 2719 633 2778 id
655 2719 758 2778 falsum
778 2728 833 2778 est.
877 2718 949 2777 Nam
971 2718 1102 2797 pluri-40

59 2814 130 2859 mum
152 2800 260 2876 refert,
281 2802 362 2861 cuius
384 2802 420 2861 sit
444 2800 555 2860 formae
577 2802 629 2861 ille
652 2804 806 2869 circuitus3
828 2803 1058 2881 reprehensique

62 2896 76 2938 1
93 2886 253 2963 geometris
271 2894 336 2944 sunt
356 2884 498 2960 historici,
519 2886 585 2963 quia
603 2886 826 2964 magnitudinem
842 2887 999 2946 insularum
1013 2903 1058 2944 sa·

62 2966 95 3022 tis
112 2969 269 3044 significari
286 2969 477 3045 navigationis
493 2968 598 3029 ambitu
619 2970 812 3031 crediderunt.
833 2969 905 3029 Nam
922 2978 953 3028 ut
971 2987 1059 3047 quae·

64 3063 115 3124 que
137 3051 230 3111 forma
252 3053 467 3130 perfectissime
482 3055 521 3112 ita
546 3056 737 3131 capacissima
761 3062 815 3113 est.
859 3053 989 3132 ldeoqne
1011 3048 1100 3113 illati

65 3133 287 3195 circumcurrens
307 3137 382 3213 linea
397 3138 422 3195 si
435 3136 544 3196 eiliciet
561 3138 673 3212 orbem,
693 3156 768 3216 quae
783 3138 874 3198 forma
892 3147 937 3199 est
955 3141 983 3197 in
998 3137 1060 3215 pla·

63 3215 103 3275 nis
116 3221 238 3280 maxime
253 3221 404 3298 perlecta,
426 3222 548 3298 amplius
566 3224 689 3300 spatium
708 3222 919 3299 complectetur
937 3222 1060 3301 quamsi

66 3304 227 3374 quadratum
240 3304 355 3382 paribus
377 3304 436 3363 oris
455 3305 572 3365 efficiat.
600 3306 717 3364 >Rursus
738 3306 876 3382 quadrata
898 3306 1059 3384 triangulis,

66 3383 203 3463 triangula
221 3389 284 3465 ipsa
301 3388 367 3465 plus
386 3390 487 3466 aequis
504 3388 643 3448 lateribus
662 3408 745 3468 quam
762 3390 970 3466 inaequalibus.
1003 3382 1103 3449 Sedis

67 3465 116 3528 alia
139 3471 260 3531 lorsitan
282 3471 468 3541 obscuriora;
493 3489 546 3532 nos
564 3474 730 3533 facillimum
752 3475 837 3534 etiam
858 3474 996 3551 imperitis
1014 3468 1059 3530 se·

807 3554 908 3617 ,4,
