2434 3925
141 118 210 243 ⁸100
292 252 299 266 ι
477 187 604 238 urnae
617 186 837 271 antummum

148 347 290 408 cntionem
310 345 433 423 aliquam
450 345 658 404 convertimur:
682 340 742 405 Vae
762 344 840 422 enirn
859 343 922 403 iam
937 356 1011 420 epo,
1033 339 1167 406 Albani

29 502 33 508 ,
147 432 253 492 tnmnli
267 438 357 507 atque
370 430 451 499 lnci;
470 430 533 487 sive
554 427 590 486 ad
605 426 773 487 invidiosam
789 425 1035 503 implorationem:
1063 425 1097 487 0
1113 430 1163 489 ie-

104 523 200 593 399ee
216 512 344 576 Porciae
358 513 498 591 iepeeqne
515 511 732 589 Semproniae!
760 510 819 570 Sed
834 510 883 569 illa
895 527 1011 588 quoque
1025 521 1163 571 vocatur

147 599 313 673 aversio,
332 615 407 675 quae
423 615 439 655 a
455 597 605 673 proposita
623 596 794 673 quaestione
811 593 927 653 abducit
943 595 1137 658 audientem:

123 723 125 726 -
210 681 277 744 Non
292 700 347 760 epo
361 700 429 741 cnm
444 678 568 742 Danais
592 677 757 741 Troianam
776 679 944 740 excindere
963 687 1090 757 pentem

207 766 319 827 Aulide
332 766 435 825 inruoi
449 800 500 823 -.
838 762 839 765 ’

147 848 231 922 Quod
247 851 277 910 iit
293 859 322 909 et
336 848 431 907 multis
450 857 479 906 et
495 848 581 906 variis
599 847 714 923 liguris,
736 864 799 905 cum
815 855 862 905 aut
879 844 956 906 aliud
971 855 1157 923 expectasse

146 951 200 993 nos
225 943 273 994 aut
292 935 381 992 maius
410 931 516 1010 aliquid
544 934 673 991 timuisse
700 930 864 990 simulamus
891 938 938 989 aut
962 929 1028 1007 plus
1054 931 1156 991 videri

145 1035 236 1097 posse
252 1016 459 1094 ignorantibus,
478 1014 564 1092 quale
581 1023 626 1075 est
643 1016 823 1094 prooemium
838 1030 892 1092 pro
909 1011 1020 1072 Caelio.

108 1110 144 1164 lo
234 1102 287 1161 llla
302 1118 385 1176 vero,
402 1108 433 1159 ut
450 1102 488 1159 ait
506 1097 623 1175 Cicero,
642 1098 706 1158 sub
731 1098 863 1157 oculos
886 1097 1075 1159 subiectio
1093 1108 1154 1158 turn

146 1186 209 1246 lieri
224 1184 316 1260 solet,
339 1202 402 1244 cunr
426 1202 473 1243 res
496 1201 553 1243 non
573 1192 659 1260 gesta
679 1183 820 1243 indicatur
842 1181 911 1256 sed,
934 1191 964 1240 ut
988 1183 1025 1241 sit
1049 1192 1152 1258 gesta,
1210 1244 1211 1269 ,

146 1270 316 1343 ostenditur,
332 1285 388 1326 uec
399 1267 598 1327 universased
610 1285 663 1345 per
674 1276 788 1345 partes;
805 1284 890 1345 quern
902 1264 998 1325 locum
1013 1269 1151 1345 proximo
1210 1276 1211 1289 ¹

146 1354 220 1415 libra
236 1352 409 1414 subiecimus
425 1352 597 1428 evidentiae,
615 1361 644 1411 et
660 1349 764 1411 Celsus
780 1350 837 1410 hac
853 1367 957 1408 nornen
976 1351 1024 1409 isti
1035 1351 1151 1427 figurae

146 1437 234 1498 dedit.
266 1436 312 1496 Ao
330 1436 393 1496 aliis
410 1429 596 1508 ὖποιιὶπωσις
613 1436 717 1500 dicitur
731 1435 882 1512 proposita
898 1434 1039 1515 quaedam
1055 1436 1152 1499 iorma

145 1539 241 1580 rerum
267 1522 306 1580 ita
329 1536 470 1597 expressa
491 1519 605 1595 verbis,
634 1529 665 1580 ut
691 1519 770 1578 cerni
791 1519 887 1596 potius
907 1517 1040 1577 videatur
1062 1537 1150 1597 quarn
1210 1542 1211 1555 ι

145 1605 251 1665 audiri:
272 1603 345 1683 lpse
364 1600 572 1687 inflammatus
585 1604 702 1665 scelere
720 1622 761 1664 ac
773 1603 881 1682 furore
895 1602 928 1662 in
941 1603 1042 1681 faram
1056 1606 1147 1679 venii,

102 1690 409 1763 claromontani,
431 1696 490 1750 toto
511 1706 551 1749 ea
570 1706 624 1749 ore
645 1688 814 1748 erudelitas
829 1686 988 1748 eminebat.
1017 1685 1082 1746 Nec
1100 1704 1146 1753 so,-

145 1773 221 1848 lum,
244 1772 415 1850 quaefacta
437 1773 493 1831 sint
508 1781 555 1830 aut
576 1772 662 1846 liant,
684 1770 851 1845 sedetiam,
877 1788 951 1848 quae
972 1771 1066 1830 lutura
1090 1764 1146 1831 sint

145 1865 194 1917 aut
210 1857 304 1916 lutura
318 1856 434 1933 inerint,
449 1857 645 1933 imaginamur.
680 1853 752 1915 lllire
771 1863 875 1915 tractat
897 1854 954 1914 lroc
969 1851 1073 1913 Cicero
1091 1871 1159 1937 prox

146 1940 267 2017 Milone,
284 1957 358 2020 quae
374 1939 502 2001 facturus
517 1940 603 2000 luerit
619 1937 750 2016 Gladius,
766 1940 791 1998 si
802 1946 965 2018 praeturam
980 1939 1142 2002 invasisset

146 2027 205 2087 Sed
222 2026 294 2085 haec
317 2026 431 2103 quidem
452 2024 600 2085 translatio
622 2032 897 2103 temporum„quae
920 2025 1039 2102 proprie
1059 2016 1143 2100 peri·

146 2128 246 2181 στασις
261 2108 373 2169 dicitur.
410 2108 442 2168 ln
462 2100 639 2169 διατυπώσει
657 2108 833 2168 verecundia
854 2107 929 2186 apud
950 2105 1062 2187 priores
1080 2109 1141 2167 init.

146 2192 365 2272 Praeponebant
385 2194 460 2253 enirn
481 2193 566 2268 talia,
597 2189 722 2255 Credite
746 2211 800 2253 coe
820 2193 951 2255 intueri:
974 2200 1004 2251 ut
1027 2189 1138 2268 Cicero,

146 2275 248 2353 Haec,
270 2293 350 2354 qnae
368 2277 567 2338 concidistis
585 2278 700 2353 oculis,
725 2277 838 2338 animia
859 2294 985 2340 cernere
1009 2278 1141 2358 potestte.

103 2359 221 2420 iiNoui
239 2377 311 2420 vero
331 2371 361 2420 et
385 2362 542 2440 praecipue
563 2360 775 2421 declamatores
796 2360 932 2420 audacius
954 2378 1010 2419 nec
1030 2358 1141 2418 meluer-

147 2445 212 2503 cule
234 2445 296 2503 sine
317 2454 395 2504 motu
418 2445 541 2523 quodam
561 2446 764 2521 imaginantur;
794 2453 824 2504 nt
849 2453 878 2503 et
902 2446 1016 2503 Seneca
1038 2443 1090 2501 ista
1114 2444 1142 2502 in
1210 2469 1211 2490 ι

146 2530 361 2602 controversia,
383 2530 464 2588 cuius
485 2547 592 2588 summa
613 2538 675 2605 est,
698 2529 774 2607 quod
793 2537 877 2607 pater
891 2528 979 2587 lilium
997 2535 1026 2586 et
1040 2544 1141 2587 nover-

146 2631 208 2672 cam
228 2612 381 2672 inducente
406 2612 499 2672 altero
521 2614 581 2672 lilio
600 2616 629 2673 in
650 2613 791 2673 adulterio
808 2612 1007 2691 deprehensos
1023 2611 1141 2671 occidit:

146 2694 232 2774 linc,
260 2713 391 2775 aequom
413 2699 521 2776 accipe
541 2697 623 2760 dunc
642 2698 768 2759 senilem
782 2716 906 2758 manum
923 2706 951 2758 et
965 2714 1143 2774 prrocunque
1210 2733 1211 2738 κ

103 2783 189 2842 cauis
202 2782 352 2860 inprime.
381 2779 418 2840 Et
432 2791 499 2858 post
516 2782 621 2860 paulo,
637 2779 766 2861 Aspice,
783 2784 898 2859 inquit,
917 2781 999 2859 qnod
1016 2782 1068 2841 dia
1081 2801 1142 2843 nan

146 2865 315 2927 credidisti.
347 2862 412 2944 Epo
426 2884 499 2928 cero
511 2886 571 2928 non
585 2868 685 2943 uideo,
700 2885 762 2928 non
776 2868 913 2928 oboritur
923 2875 951 2928 et
963 2883 1070 2927 cranao
1086 2885 1140 2927 ca-
1210 2867 1211 2884 ³

145 2949 214 3026 iipa.
243 2949 336 3009 llabet
350 2950 424 3009 haec
438 2950 529 3027 ligura
542 2951 720 3010 manifestius
733 2950 930 3028 aliquid;‘non
947 2951 1021 3007 enim
1035 2951 1139 3008 narrari

104 3041 193 3094 iiras
211 3033 263 3093 sed
280 3035 326 3110 agi
341 3034 463 3094 videtur.
492 3034 636 3093 Locorum
651 3051 768 3113 qnoque
786 3034 952 3095 dilucidatio
968 3033 1034 3093 lruic
1047 3034 1138 3094 virtuti
1210 3071 1211 3078 ι

146 3117 309 3194 assignatur
325 3136 341 3176 a
359 3117 540 3195 quibusdam
561 3118 609 3178 alii
628 3118 831 3198 ioncypuurinr
845 3118 950 3178 dicunt.

230 3200 410 3278 Εἰρωνείαν,
434 3204 545 3277 inveni,
568 3203 616 3280 qui
638 3202 975 3263 dissimulationem
988 3212 1136 3270 vocarent;

148 3301 205 3361 quo
224 3286 338 3344 nomine
362 3285 427 3362 quia
450 3304 551 3363 parum
570 3288 657 3346 totius
680 3288 762 3346 huius
784 3286 894 3363 figurae
915 3288 993 3345 vires
1013 3285 1137 3345 videntur

148 3368 278 3443 ostendi,
299 3369 427 3427 nimirum
449 3372 564 3429 sicutin
579 3370 729 3450 plerisque
750 3373 856 3430 eriruus
880 3369 992 3431 Graeca
1014 3368 1135 3447 appello-

148 3454 227 3513 tione
245 3455 381 3513 contenti.
429 3453 520 3530 lgitur
535 3453 681 3535 εἰρωνεία,
704 3464 844 3533 quaeest
866 3455 999 3531 schema,
1023 3452 1057 3513 ab
1079 3453 1135 3530 illa,
