2434 3925
142 209 202 273 120
451 220 814 281 uranonnrrmmm

97 390 220 452 assere,
237 385 337 436 cetera
352 374 388 435 arl
402 375 541 453 quosdam
557 376 641 437 locos
657 383 889 452 argumentorum
903 376 1046 438 videntur.
1076 378 1138 441 titt

138 479 265 523 novem
286 460 465 519 elementa
481 470 656 538 posueruut,
674 459 841 534 Personam,
859 463 887 519 in
903 463 959 539 qua
975 463 1011 523 de
1029 465 1135 540 auimo,

140 561 283 624 corpore,
306 553 387 603 extra
410 546 514 623 positis
536 553 707 622 quaeratur,
736 545 813 621 quod
837 548 983 621 pertinere
998 546 1044 607 »ad
1066 565 1136 607 cou-

138 633 267 690 iecturae
283 638 312 688 et
327 628 471 706 qualitatis
486 630 672 688 instrumenta
688 628 785 688 video.
816 627 958 708 Tempus,
973 631 1050 709 quod
1068 626 1136 711 χρό-

140 736 194 775 νον
208 722 329 787 vocant,
353 730 390 772 ex
411 728 468 791 quo
487 715 636 791 quaestio,
659 732 702 773 nn
718 714 760 787 ie,
784 729 888 790 qoem,
912 716 984 775 dom
1004 716 1137 777 addicto
1211 705 1212 740 r

139 807 200 874 cst,
220 807 319 859 mater
335 799 470 876 peperit,
492 815 601 859 servos
621 800 660 859 m't
679 799 791 859 notas?
826 796 949 874 locum,
973 799 1049 858 unde
1065 816 1135 859 coo·

138 884 280 942 troversia
295 882 424 956 videtur,
445 900 488 942 oo
503 882 556 960 soa
575 882 670 960 fuer-it
688 890 852 959 &connum
872 884 905 943 ira
922 884 1031 961 templo
1051 886 1136 945 occi·

97 968 234 1028 ttdcrc?
264 963 313 1026 Aa
335 965 522 1038 caelaverit,
546 968 598 1043 qai
619 966 705 1027 domi
726 967 837 1027 latuit?
871 965 996 1044 Tempus
1020 969 1135 1066 iterum,
1173 981 1174 984 ’

138 1050 215 1130 quod
237 1040 343 1129 καιρὸν
363 1049 524 1127 appellant;
555 1049 629 1109 hanc
650 1059 745 1109 autem
765 1050 857 1109 videri
880 1051 981 1110 volunt
1003 1053 1136 1129 speciem

121 1136 214 1195 ‘illius
230 1135 386 1211 temporis,
409 1143 440 1193 ut
455 1142 594 1208 aestatem
611 1134 659 1193 vel
676 1134 813 1201 hiemem
837 1134 904 1194 huic
920 1134 1069 1195 subiicitur
1082 1136 1138 1197 itte

136 1221 169 1281 io
186 1218 360 1297 pestilentia
379 1220 566 1282 centimeter.
596 1217 717 1293 Actum,
740 1219 769 1278 id
790 1226 835 1277 est
855 1220 978 1298 πρᾶξιν,
1000 1219 1078 1296 quod
1096 1236 1135 1279 eo

137 1303 282 1377 referunt,
308 1302 409 1363 scieas
428 1303 609 1364 commiserit
633 1321 675 1364 aa
699 1303 855 1363 insciens?
884 1305 1066 1365 necessitate
1092 1323 1137 1364 cra

138 1388 237 1449 coast?
259 1386 382 1445 attalia.
419 1385 588 1463 Numerum,
613 1389 661 1465 qui
677 1388 752 1447 cadit
767 1388 796 1445 iu
811 1388 941 1465 speciem
956 1388 1134 1465 quantitatis,

138 1490 181 1532 cn
203 1468 393 1549 Thrasybulo
415 1472 539 1550 triptota
556 1474 700 1571 proemiq
721 1471 909 1547 debeantur,
937 1474 1011 1549 quio
1028 1480 1069 1533 tot
1090 1480 1136 1552 ty·

95 1568 253 1622 aaronem
272 1556 452 1616 sustulerit?
487 1552 626 1631 Causam,
655 1556 700 1615 cui
722 1554 861 1633 plurimae
884 1556 1046 1615 subiacent
1054 1556 1134 1632 lites,

139 1640 272 1717 quotiens
289 1638 396 1698 factum
415 1656 473 1698 non
493 1649 632 1737 negatur,
654 1640 707 1699 sed
729 1641 795 1717 quia
816 1641 891 1699 iusta
907 1642 1018 1700 ratione
1039 1641 1076 1699 sit
1090 1639 1134 1699 fa-

139 1733 230 1800 ctum,
254 1722 425 1783 defenditur
471 1716 601 1803 Τρόπον,
628 1741 692 1783 cum
711 1723 754 1798 id,
784 1723 862 1800 quot
883 1724 941 1783 alio
962 1724 1048 1784 modo
1070 1724 1136 1784 lieri

139 1808 223 1883 licet,
246 1807 302 1867 alio
321 1807 426 1868 dicitur
440 1807 559 1876 lactum;
582 1807 648 1867 hinc
664 1817 711 1866 est
725 1809 849 1869 adulter
865 1808 940 1869 loric
954 1826 1064 1869 coecas
1085 1807 1135 1868 vel

136 1892 220 1971 focae
241 1899 379 1954 caecatos
423 1890 613 1951 Occasionem
634 1891 791 1968 factorum,
820 1892 898 1971 quod
924 1902 970 1952 est
992 1893 1134 1972 apertius,

139 1995 223 2055 quarn
237 1986 268 2036 ut
279 1977 327 2036 vel
344 1977 648 2076 ipterpretaudumvel
664 1977 800 2054 exemplo
815 1979 852 2037 sit
866 1978 1133 2046 demonstrandum

96 2070 233 2130 ostameu
248 2052 384 2141 ἀφορμὰς
405 2060 498 2141 ἔργων
513 2069 628 2120 vocant
666 2060 701 2121 lli
723 2078 839 2139 quoque
859 2061 966 2121 nullam
987 2062 1134 2139 quaestio·

138 2164 203 2204 uem
221 2155 302 2205 extra
318 2145 391 2205 haec
401 2152 515 2244 putant.
550 2144 670 2218 Quidam
692 2146 843 2205 detrahunt
858 2145 929 2205 duas
945 2154 1060 2224 partes,
1082 2162 1134 2204 uu

137 2247 247 2288 merum
264 2238 292 2288 et
309 2231 504 2304 occasionem,
522 2238 551 2287 et
568 2246 622 2305 pro
639 2229 692 2289 illo
714 2247 799 2308 quem
819 2230 878 2289 dixi
899 2239 964 2290 actu
980 2228 1135 2289 subiiciunt

137 2331 203 2388 res,
225 2314 253 2374 id
276 2321 320 2372 est
342 2306 507 2392 πράγματα
546 2312 627 2386 Quae
648 2331 685 2372 ue
706 2315 883 2392 praeterisse
906 2315 1038 2388 viderer,
1061 2316 1134 2373 satis

138 2395 224 2456 habui
247 2399 400 2473 attingere
440 2394 575 2456 Ceterum
596 2398 640 2458 his
662 2416 717 2457 nec
739 2407 830 2457 status
851 2399 921 2458 satis
943 2398 1057 2458 ostendi
1077 2416 1135 2458 neo

138 2498 238 2540 omnes
254 2483 395 2541 contineri
410 2480 494 2541 locos
514 2480 620 2557 credo,
643 2482 721 2559 quod
736 2482 887 2560 apparebit
908 2482 1072 2558 diligentins
1090 2482 1134 2542 le·

136 2564 281 2642 gentibus,
298 2583 372 2644 quae
386 2566 422 2625 de
433 2575 554 2643 utraque
570 2565 717 2625 redicam.
744 2565 835 2626 Erunt
847 2567 921 2627 enirn
934 2566 1016 2645 plura
1030 2566 1132 2642 multo,

137 2666 222 2727 quam
238 2667 312 2727 quae
327 2649 371 2709 his
386 2650 537 2709 elementis
554 2650 843 2727 comprehenduntur.

93 2746 128 2802 29
219 2733 304 2812 Apud
321 2734 420 2812 plures
435 2743 570 2794 auctores
586 2732 657 2810 legi,
673 2735 820 2813 placuisse
836 2734 1014 2812 quibusdam,
1029 2754 1133 2796 unum

136 2819 249 2877 omnino
274 2827 378 2877 statum
399 2835 466 2877 esse
489 2818 723 2878 coniecturalem.
765 2818 824 2879 Sed
849 2819 952 2896 quibus
978 2819 1133 2898 placuerit,

134 2919 230 2978 neque
245 2902 287 2962 illi
303 2901 479 2963 tradiderunt
494 2919 588 2979 neque
605 2920 663 2978 ego
675 2920 795 2981 usquam
811 2906 942 2981 reperire
958 2905 1048 2983 potui.
1075 2903 1132 2963 Ra·

135 2987 242 3044 tionem
264 2995 360 3045 tamen
379 2987 453 3047 hanc
473 2987 566 3047 secuti
588 2986 737 3062 dicuntur,
761 2987 838 3064 quod
859 3005 908 3046 res
929 2990 1020 3047 omnis
1040 2989 1132 3065 siguis

136 3067 336 3147 colligeretur.
364 3070 428 3144 Quo
443 3069 529 3129 modo
546 3069 615 3129 licet
627 3070 772 3149 qualitatis
786 3087 903 3148 quoqne
919 3072 1013 3131 solum
1028 3080 1131 3131 statum

134 3153 257 3230 faciant,
281 3155 347 3231 quia
362 3153 485 3233 ubique,
508 3153 602 3231 qualis
624 3157 661 3213 sit
677 3157 816 3232 cuiusque
831 3157 874 3214 rei
892 3165 1008 3229 natura,
1031 3157 1132 3233 quaeri

134 3246 242 3315 potest.
280 3237 339 3297 Sed
362 3248 541 3316 utrocunque
562 3238 648 3298 modo
672 3246 845 3316 sequeretur
860 3257 967 3299 summa
988 3239 1138 3317 confusio..
1208 3251 1213 3289 τ

92 3319 238 3399 30Neque
253 3321 384 3398 interest,
400 3340 484 3381 uuum
502 3323 565 3399 quis
581 3331 685 3381 statum
701 3323 789 3384 iaciat
803 3339 839 3381 au
853 3323 970 3399 nullum,
989 3325 1014 3382 sl
1032 3341 1131 3383 omnes

135 3422 242 3465 causae
269 3413 333 3480 sunt
360 3407 537 3466 condicionis
561 3406 699 3465 eiusdem.
747 3405 922 3467 Coniectura
948 3408 1024 3467 dicta
1050 3416 1131 3479 esta

119 3482 286 3569 'coniectu,
314 3489 343 3550 id
365 3498 410 3550 est
431 3489 590 3550 directione
619 3489 740 3568 quatiam
765 3492 885 3551 rationis
911 3490 947 3551 ad
968 3493 1129 3570 veritatem,
1211 3530 1212 3547 ι
