2434 3925
167 208 207 271 86
478 223 834 283 nnrnaoumrrmnm

167 379 293 456 scripsit,
314 378 438 438 cilicium
452 381 574 437 oratoris
595 398 662 439 esse
679 381 782 442 dicere
803 384 942 461 apposite
962 382 1006 442 od
1024 400 1163 460 perarate

139 464 309 528 fidendum.
339 461 371 521 ln
385 462 537 521 rhetoricis
552 466 652 539 etiam,
669 482 742 541 quos
758 468 820 524 sine
835 466 922 526 dubio
939 468 1003 544 ipse
1016 483 1074 526 non
1090 484 1161 544 pro·

167 547 231 622 bat,
253 546 336 605 linem
356 546 425 606 iacit
442 550 641 625 persuadere.
679 547 785 607 Verum
808 559 836 608 et
859 551 980 629 pecunia
1000 552 1163 628 persuadet

168 639 196 689 et
217 632 308 706 gratia
330 639 359 689 et
385 632 539 690 auctoritas
555 631 676 691 dicentis
692 641 722 691 et
741 632 874 709 dignitas,
898 643 1046 712 postremo
1071 652 1161 713 aspe-

168 724 229 773 ctus
253 716 336 773 etiam
361 716 424 793 ipse
447 717 509 773 sine
526 731 619 791 voce,
650 734 707 793 quo
735 717 784 777 vel
805 717 970 777 recordatio
991 718 1162 776 meritorum

124 842 127 848 -
168 800 305 876 cuiusque
319 799 367 858 rel
383 800 473 859 facies
490 798 584 876 aliqua
599 800 769 860 miserabilis
784 800 833 860 vel
848 802 958 860 formae
973 801 1161 879 pulchritudo

139 885 334 947 tsententiam
353 883 449 943 dictat.
487 881 558 941 Nam
578 891 606 942 et
621 883 742 944 Manium
758 884 902 961 Aquilium
924 885 1082 945 defendens
1100 884 1160 944 An·

167 969 275 1042 tonius,
297 985 359 1026 cum
379 969 471 1027 scissa
490 976 573 1026 veste
589 969 759 1043 cicatrices,
781 986 853 1045 quas
874 971 899 1027 is
919 986 973 1047 pro
999 971 1091 1047 patria
1107 987 1160 1047 pe·

167 1061 248 1110 ctore
264 1050 386 1110 adverso
403 1053 597 1128 suscepisset,
619 1053 760 1127 ostendit,
782 1070 838 1111 non
859 1054 996 1113 orationis
1013 1051 1112 1111 hahuit
1128 1053 1160 1112 tt·

166 1135 276 1194 dociam
289 1134 340 1193 sed
355 1134 447 1194 oculis
461 1135 561 1214 populi
578 1135 698 1195 Romani
715 1138 772 1195 vim
792 1135 904 1212 attulit,
927 1154 1010 1215 quem
1024 1137 1076 1196 illo
1093 1137 1160 1214 ipso

166 1227 285 1297 aspectu
306 1220 427 1278 maxime
441 1228 546 1278 motum
569 1222 597 1278 in
613 1220 684 1294 hoc,
705 1229 736 1278 ut
757 1218 925 1280 absolveret
945 1239 1041 1295 reum,
1063 1219 1159 1279 credi·

138 1313 223 1367 8tum
238 1311 292 1362 est.
323 1303 453 1363 Servicun
469 1302 582 1381 quidem
599 1303 716 1364 Galbam
729 1305 913 1363 miseratione
929 1304 1010 1380 sola,
1029 1320 1084 1381 qua
1100 1321 1159 1363 non

167 1403 235 1446 suos
254 1385 339 1445 modo
355 1386 463 1446 liberos
478 1387 614 1465 parvulos
629 1390 657 1447 in
670 1389 804 1447 contione
819 1389 996 1466 produxerat
1010 1388 1062 1447 sed
1082 1387 1159 1448 Galli

167 1473 252 1531 etiam
273 1470 392 1547 Sulpicii
416 1470 503 1531 filium
526 1473 585 1530 suis
608 1473 673 1549 ipse
693 1473 821 1531 manibus
844 1472 1073 1548 circumtulerat,
1096 1472 1156 1531 ela·

166 1573 247 1633 psum
269 1572 350 1630 esse,
373 1573 436 1614 cum
455 1555 575 1615 aliorum
597 1558 784 1615 monumentis
806 1565 863 1616 tum
885 1554 1002 1616 Catonis
1024 1557 1158 1615 oratione

140 1647 301 1703 9testatum
317 1647 371 1697 est.
405 1637 442 1697 Et
456 1639 588 1714 Phrynen
602 1653 659 1698 non
674 1639 828 1718 Hyperidis
843 1643 974 1715 actione,
997 1657 1158 1718 quanquam

167 1722 333 1797 admirabili,
349 1723 401 1781 sed
417 1733 574 1801 conspectu
590 1727 739 1802 corporis,
756 1726 832 1801 quod
847 1724 896 1784 illa
912 1724 1157 1802 speciosissimum

167 1808 272 1884 alioqui
289 1807 401 1867 diducta
417 1807 572 1867 nudaverat
589 1811 700 1883 tunica,
721 1817 820 1886 putant
841 1808 973 1886 periculo
994 1807 1155 1867 liberatam.

167 1891 247 1966 Quae
260 1893 284 1950 si
301 1893 393 1951 omnia
406 1892 591 1971 persuadent,
607 1909 664 1952 non
681 1901 725 1951 est
739 1892 797 1968 hic,
814 1892 922 1971 dequo
939 1891 1027 1951 locuti
1046 1909 1155 1966 sumus,

125 1977 284 2043 roidoneus
299 1976 372 2036 finis.
406 1976 533 2055 Ideoque
548 1977 748 2054 diligentiores
770 1987 834 2036 sunt
848 1979 903 2036 visi
916 1976 986 2052 sibi,
1008 1976 1073 2054 qui,
1092 1993 1156 2036 cum

165 2060 201 2120 de
216 2060 360 2121 rhetorice
375 2060 449 2121 idem
464 2062 614 2137 sentirent,
630 2064 862 2121 existimaverunt
878 2078 939 2121 eam
953 2062 1013 2121 cim
1025 2060 1156 2121 dicendo

164 2145 384 2222 persuadendi.
431 2144 523 2218 Quem
551 2144 636 2204 finem
658 2145 817 2222 Gorgias
842 2147 870 2204 iu
897 2146 1017 2220 eodem,
1038 2143 1075 2204 de
1097 2159 1154 2220 quo

166 2245 252 2306 supra
268 2227 403 2303 diximus,
428 2228 520 2305 libro,
543 2230 625 2289 velut
645 2238 763 2289 coactus
783 2247 799 2288 a
823 2229 943 2289 Socrate
961 2229 1043 2295 lacit;
1065 2243 1153 2303 aquo

166 2329 223 2370 non
245 2312 375 2371 dissentit
396 2311 644 2389 Theodectes,
666 2316 728 2373 sive
751 2315 841 2391 ipsius
856 2313 885 2373 id
900 2329 974 2391 opus
994 2320 1054 2386 est,
1077 2309 1153 2388 quod

166 2395 202 2454 de
215 2394 359 2455 rhetorice
375 2399 487 2455 nomine
507 2398 567 2456 eius
582 2397 764 2471 inscribitur,
785 2399 863 2472 sive,
886 2406 916 2456 ut
939 2395 1077 2456 creditum
1097 2403 1152 2470 est,

165 2478 291 2538 Aristo
301 2480 409 2555 telis,
424 2483 523 2559 inquo
537 2490 592 2557 est,
608 2482 692 2541 linem
707 2499 774 2540 esse
794 2480 954 2541 rhetorices
970 2482 1084 2540 ducere
1104 2479 1153 2539 lto

123 2566 258 2625 llmines
280 2565 410 2626 dicendo
428 2566 461 2625 in
480 2566 532 2642 id,
554 2567 637 2644 quod
657 2574 745 2626 octor
764 2567 843 2629 oetr't.
885 2565 943 2625 Sed
962 2582 998 2623 ne
1013 2563 1070 2622 hoo
1092 2563 1153 2639 qui·

165 2647 229 2706 dem
247 2649 315 2707 satis
335 2654 380 2708 est
399 2650 652 2727 comprehensum:
674 2649 848 2728 persuadent
868 2650 941 2709 enim
961 2646 1083 2709 dicendo
1103 2645 1155 2705 vel

164 2731 270 2791 ducunt
284 2733 312 2792 in
329 2733 356 2792 id
371 2733 447 2810 quod
462 2733 562 2793 volunt
584 2733 633 2793 alii
648 2750 780 2812 quoque,
803 2742 834 2791 ut
848 2735 1034 2807 meretrices,
1057 2729 1153 2791 adula-

164 2823 254 2891 tores,
274 2826 468 2894 oorruptores.
504 2817 543 2876 At
558 2827 657 2878 contra
671 2834 729 2877 non
743 2818 898 2896 persuadet
912 2833 1027 2894 semper
1041 2823 1152 2890 orator:

164 2909 195 2958 ut
213 2902 324 2960 interim
343 2919 401 2960 non
423 2903 460 2961 sit
481 2905 616 2979 proprius
638 2903 684 2962 hic
705 2903 767 2962 linis
786 2904 865 2977 eius,
886 2902 999 2961 interim
1018 2901 1055 2958 sit
1077 2915 1152 2958 oom-

124 2986 254 3045 lhmunis
276 3003 337 3045 cum
362 2985 423 3061 his,
446 2988 494 3063 qui
517 2985 552 3045 ab
575 2995 691 3045 oratore
712 2986 815 3064 procul
835 2984 947 3045 absunt.
984 2983 1072 3060 Atqui
1096 2998 1153 3041 uon

164 3069 280 3128 multum
300 3068 335 3128 ab
356 3068 412 3129 hoc
428 3070 483 3129 line
504 3069 587 3129 abest
600 3069 871 3148 Apollodorus,
894 3070 993 3130 dicens
1013 3066 1152 3126 iudicialis

165 3154 301 3212 orationis
314 3155 432 3230 primum
448 3164 477 3213 et
491 3171 579 3231 super
594 3156 687 3213 omnia
708 3172 775 3212 esse
794 3154 988 3232 persuadere
1006 3152 1104 3212 iudici
1123 3157 1152 3211 et

162 3239 341 3297 sententiam
357 3238 422 3298 eius
437 3240 552 3300 docere
565 3240 598 3298 io
610 3239 645 3299 id
653 3281 662 3314 ,
685 3240 767 3316 qood
780 3239 868 3307 velim
885 3256 947 3296 nam
962 3244 991 3296 et
1010 3237 1074 3312 ipse
1090 3251 1151 3293 ora·

164 3329 255 3380 torem
269 3321 400 3380 fortunae
418 3321 547 3397 subiicit,
569 3330 614 3396 ut,
633 3324 658 3380 si
672 3339 729 3381 non
742 3323 934 3400 persuaserit,
955 3336 1058 3379 nomen
1073 3335 1151 3377 suum

123 3407 287 3467 liretinere
307 3422 364 3465 non
386 3408 489 3484 possit.
525 3405 645 3479 Quidam
664 3415 850 3465 recesserunt
872 3405 907 3465 ab
931 3412 1053 3488 eventu,
1079 3403 1150 3461 sicut

163 3490 400 3552 Aristoteles
415 3490 497 3550 dicit:
518 3491 671 3552 rhetor-tce
692 3500 736 3553 est
758 3492 805 3552 cis
817 3491 990 3555 inveniendi
1006 3485 1149 3551 omoioio
