2434 3925
96 152 111 189 e
155 223 214 284 140
455 236 492 283 ir.
512 234 589 282 rsa.
609 234 827 294 Qumnrnmrn

153 390 282 466 dedant,
308 404 481 467 quanquam
500 390 633 468 perituri
655 391 730 464 sint,
757 389 818 449 nisi
832 388 980 467 fecerim&
1010 398 1039 449 et
1055 389 1138 450 ntilia

150 472 281 549 honestis
305 471 508 551 praeferimus,
534 481 564 531 ut
588 489 651 531 cnm
675 472 843 546 suademus,
868 480 901 532 ut
922 473 998 534 bello
1020 471 1136 536 Punico

111 561 144 616 31
153 558 235 617 servi
254 564 419 617 armentur.
463 555 520 615 Sed
545 573 639 632 neque
662 554 710 614 bie
730 555 816 633 plane
841 555 1054 615 concedendum
1079 565 1136 633 est,

154 657 221 698 esse
242 638 271 698 id
289 636 485 715 inhonestum,
498 638 614 698 ‘liberos
638 639 712 697 enim
734 647 833 697 natura
857 634 956 697 omnes
980 648 1009 698 et
1027 640 1137 700 eisdem

154 731 287 782 constare
309 722 458 781 elementis
483 731 512 781 et
535 723 660 781 fortasse
684 722 805 798 antiquis
824 722 907 780 etiam
926 721 1068 783 nobilibus
1087 741 1135 783 or·

153 815 216 880 tos,
236 805 292 864 dici
310 815 423 884 potest;
443 814 472 864 et
488 805 559 880 illie,
577 803 625 862 ubi
642 804 820 863 manifestum
834 805 992 882 perieulum
1007 815 1061 882 est,
1081 823 1134 885 op·

153 889 285 968 ponenda
307 889 380 965 alia,
400 898 430 947 ut
453 888 596 947 crudelius
621 889 705 947 etiam
730 889 872 967 perituros
898 887 1086 965 affirmemus,
1111 892 1136 948 si

154 991 187 1032 se
205 972 372 1045 dediderint,
391 973 453 1031 sive
473 971 563 1030 hostis
581 988 638 1029 non
656 972 815 1030 servaverit
833 970 926 1046 iidem,
945 975 1007 1030 sive
1026 970 1137 1033 Caesar

113 1057 270 1130 dtvicerit,
288 1050 365 1133 quod
385 1073 451 1115 esse
467 1071 538 1113 vero
558 1055 685 1113 similius.
714 1053 793 1119 llaec
811 1063 916 1129 autem,
937 1073 1011 1134 quae
1029 1065 1136 1116 tantum

85 1147 96 1175 t
155 1141 228 1199 inter
241 1157 273 1197 se
288 1147 429 1217 pugnant,
445 1138 613 1216 plerumque
628 1138 785 1197 nominibus
799 1137 914 1197 deflecti
930 1139 1033 1199 solent.
1063 1139 1136 1198 Nam

155 1232 184 1282 et
202 1222 309 1282 utilitas
333 1223 395 1300 ipsa
414 1230 593 1300 expugnatur
616 1220 651 1280 ab
670 1221 730 1295 his,
754 1222 802 1298 qui
825 1221 936 1297 dicunt,
962 1239 1018 1281 non
1042 1223 1137 1282 solum

153 1307 267 1385 potiora
285 1323 351 1364 esse
368 1306 488 1366 honesta
505 1322 589 1382 quam
607 1303 685 1363 utilia
705 1305 810 1364 sedne
828 1305 907 1364 utilia
925 1306 1039 1382 quidem
1056 1324 1136 1380 esse,

155 1406 229 1468 quae
246 1405 303 1448 non
320 1390 375 1448 sint
394 1388 528 1455 honesta;
552 1396 582 1446 et
605 1396 720 1463 contra,
740 1388 816 1465 quod
834 1405 887 1446 nos
906 1388 1072 1464 honestum,
1093 1391 1137 1450 illi

153 1490 273 1546 vanum,
292 1470 493 1546 ambitiosum,
509 1471 659 1546 stolidum,
683 1471 778 1530 verbis
797 1489 881 1549 qnam
904 1490 935 1530 re
958 1472 1137 1550 probabilius

113 1553 268 1616 birotam.
308 1554 370 1635 Nec
388 1564 493 1615 tantum
511 1555 654 1614 inutilibus
674 1565 877 1632 comparantur
889 1556 968 1615 utilia
992 1557 1044 1616 sed
1061 1558 1139 1615 inter

153 1658 187 1701 se
205 1656 319 1718 quoque
339 1640 417 1716 ipsa,
442 1649 473 1698 ut
490 1639 514 1698 si
538 1657 575 1697 ex
597 1637 707 1698 duobus
732 1637 887 1715 eligamus,
913 1640 941 1696 in
958 1638 1051 1698 altero
1069 1639 1138 1717 quid

154 1725 191 1782 sit
214 1723 321 1799 magis,
345 1723 373 1780 in
398 1723 490 1782 altero
515 1721 581 1800 quid
605 1723 642 1781 sit
668 1723 768 1780 minus.
815 1719 929 1780 Crescit
951 1721 1007 1782 hoc
1032 1722 1136 1781 adbuc.

153 1806 225 1866 Nam
239 1807 349 1865 interim
365 1806 494 1884 triplices
510 1807 593 1865 etiam
607 1805 755 1864 suasoriae
770 1804 909 1864 incidunt:
929 1814 959 1863 nt
974 1824 1038 1865 cum
1051 1804 1136 1867 Pom·

150 1892 239 1971 peius
255 1890 459 1966 deliberabat,
482 1889 611 1951 Portitor
627 1908 668 1950 on
683 1886 822 1967 Africam
842 1904 884 1949 un
897 1886 1062 1968 Aeppptum
1078 1907 1137 1968 pe-

155 1984 237 2036 teret.
270 1973 315 2034 lta¹
336 1991 393 2033 non
409 1983 531 2049 tantum,
550 1983 642 2033 utrum
660 1972 760 2032 melius
783 1973 835 2032 sed
853 1973 919 2051 qnid
936 1974 972 2032 sit
989 1974 1136 2050 optimum,

112 2053 317 2137 Quaeritur,
339 2059 463 2136 itemque
481 2067 590 2117 contra.
626 2056 688 2116 Nec
704 2073 826 2133 unquam
843 2055 949 2115 incidet
965 2058 993 2114 in
1010 2056 1066 2115 hoe
1084 2074 1136 2132 ge·

154 2160 223 2200 nere
240 2142 376 2200 materiae
392 2141 528 2200 dubitatio
546 2142 604 2215 rei,
626 2158 699 2220 quae
714 2139 837 2217 undique
853 2140 1007 2199 seeundum
1020 2157 1073 2198 nos
1088 2140 1134 2197 sit.

154 2225 225 2284 Nam
250 2223 297 2283 nbi
322 2223 538 2284 contradictioni
564 2221 646 2283 locus
671 2240 727 2282 non
753 2232 814 2299 est,
845 2241 919 2301 qnae
943 2232 1040 2300 potest
1068 2240 1136 2281 esse

155 2325 241 2368 cansa
256 2304 421 2367 dubitandi?
444 2305 485 2366 lta
500 2308 562 2367 lere
574 2308 664 2366 omnis
680 2308 808 2365 suasoria
822 2306 890 2365 nihil
906 2315 950 2364 est
966 2305 1039 2365 aliud
1052 2323 1135 2384 quam

155 2392 346 2468 comparatio,
370 2390 595 2469 videndumque,
621 2390 687 2470 quid
712 2391 893 2450 consecuturi
918 2390 1005 2448 simus
1031 2399 1059 2449 et
1082 2406 1136 2466 per

155 2474 237 2553 qnid;
257 2482 288 2533 ut
305 2474 447 2532 aestimari
464 2477 570 2551 possit,
590 2475 654 2553 plns
674 2476 701 2531 in
720 2492 756 2532 eo
776 2474 851 2552 qnod
866 2473 986 2550 petimus
1004 2473 1040 2532 sit
1057 2488 1136 2531 com·
1171 2527 1180 2533 ,

111 2558 246 2633 35m0di,
270 2574 305 2616 an
328 2574 398 2616 vero
423 2558 450 2616 in
476 2575 512 2617 eo
533 2576 587 2637 per
611 2557 687 2636 qnod
710 2559 830 2635 petimus
854 2556 1034 2616 incommodi.
1081 2553 1136 2614 Est

151 2641 280 2700 utilitatis
301 2650 330 2700 et
347 2642 375 2699 in
392 2650 522 2720 tempore
539 2643 686 2720 quaestio,
706 2642 828 2719 expedit
843 2642 899 2700 sed
913 2660 972 2701 non
985 2659 1085 2707 nuum·
1105 2648 1136 2698 et

152 2726 180 2783 in
196 2724 273 2799 loeo,
288 2744 348 2806 mon
363 2725 432 2792 diet
448 2734 476 2784 et
491 2726 519 2783 in
534 2742 669 2803 persona,
684 2743 744 2785 non
757 2724 853 2799 nobis,
867 2742 928 2784 non
942 2733 1048 2785 eontra
1062 2723 1136 2791 bose

153 2818 183 2868 et
198 2809 226 2867 in
244 2826 353 2885 genere
369 2808 487 2885 agendi,
513 2828 572 2869 non
585 2811 650 2879 eie;
674 2816 703 2867 et
720 2809 748 2866 in
764 2807 864 2880 modo,
884 2826 943 2868 non
956 2810 989 2869 ἐπ
1009 2813 1134 2867 tontum.

236 2892 293 2952 Sed
313 2910 398 2972 pers
409 2908 510 2951 onam
529 2894 643 2970 saepius
659 2891 772 2951 decoris
788 2890 880 2968 gratia
894 2891 1043 2964 intuemur,
1060 2906 1135 2966 quae

110 2983 182 3039 etet
198 2977 226 3034 in
241 2975 324 3034 nobis
340 2984 369 3034 et
385 2976 413 3033 in
429 2975 488 3051 his,
511 2976 559 3052 qui
574 2974 749 3050 deliberant,
772 2974 928 3053 spectanda
944 2982 997 3033 est.
1016 3041 1018 3044 ¹
1034 2971 1135 3049 ltaque

154 3060 280 3137 quamuis
302 3059 433 3136 exempla
457 3058 606 3136 plurimum
626 3059 654 3117 in
676 3057 802 3118 consiliis
823 3059 950 3135 possint,
973 3057 1038 3135 qnia
1053 3055 1134 3115 iacil-

152 3142 219 3203 lime
236 3141 270 3201 ad
286 3142 518 3201 consentiendum
539 3141 667 3201 homines
687 3142 826 3201 ducuntur
845 3141 1064 3218 experimentis:
1088 3156 1134 3197 re·

153 3226 210 3285 lert
225 3233 328 3299 tamen,
345 3242 463 3303 quornm
478 3227 634 3285 auctoritas
650 3234 679 3284 et
694 3223 795 3302 quibus
811 3223 986 3283 adhibeatur.
1019 3220 1135 3281 Diversi

110 3316 218 3372 orsum
234 3310 307 3367 enim
323 3308 538 3369 deliberantium
555 3310 654 3384 animi,
674 3307 781 3386 duplex
801 3307 942 3367 condicio.
980 3305 1051 3366 Nam
1067 3322 1134 3364 eon·

154 3392 258 3453 sultant
284 3399 331 3451 aut
351 3391 449 3469 plures
470 3401 518 3451 aut
540 3392 657 3469 singulm
687 3390 739 3450 sed
763 3392 791 3448 in
815 3391 943 3468 utrisque
964 3389 1134 3465 differentia,

154 3479 219 3557 quia
235 3477 305 3560 etin
320 3474 448 3554 pluribus
463 3475 579 3535 multum
593 3477 727 3552 interest,
748 3482 872 3535 semotus
887 3476 927 3535 sit
940 3492 982 3534 on
992 3473 1135 3554 populus,
