2434 3925
339 220 747 303 msnonnnonnrsks.
999 225 1037 288 19

33 395 183 454 rationem
196 391 322 452 siderum
336 392 462 468 ignoret,
478 400 581 469 poetas
596 391 749 468 intelligat,
766 392 814 470 qui
830 391 943 469 (utalia
955 395 1035 453 omit

33 480 113 557 mm)
130 478 238 536 totiens
258 485 321 534 ortu
337 477 669 552 occasuque·signorum
682 476 710 534 in
725 475 905 535 declarandis
925 486 1035 555 tempo·

33 560 119 620 ribus
133 568 264 627 utuntur;
279 576 335 618 nec
347 561 445 635 ignara
461 558 673 637 philosophiae,
690 577 753 618 curn
763 568 884 637 propter
897 560 1035 638 plurimos

33 645 64 704 in
82 642 219 703 omnibus
235 641 298 701 iere
313 641 482 702 carminibus
498 642 581 702 locos
598 661 635 701 en
649 644 745 701 intima
762 643 931 703 naturalium
948 663 1035 722 quae·

35 730 168 788 stionum
189 725 346 786 subtilitate
365 728 524 804 repetitos,
548 735 606 785 tum
629 726 678 786 vel
698 735 819 804 propter
837 726 1036 804 Empedoclen

35 813 66 871 in
82 811 224 886 Graccis,
239 809 399 869 Varronem
414 826 448 869 ac
463 809 626 869 Lucretium
640 812 669 869 in
683 808 799 884 Latinis,
816 812 863 887 qui
878 821 1036 890 praecepta

36 895 206 973 sapientiae
221 893 353 952 versibus
368 892 554 953 tradiderunt.
588 892 762 971 Eloquentia
777 910 893 971 quoque
907 912 964 953 non
978 909 1061 961 me·5

37 979 135 1037 diocri
152 986 198 1036 est
213 994 304 1055 opus,
326 985 356 1036 ut
370 977 407 1036 de
420 994 591 1056 unaquaque
606 994 719 1053 earum,
739 993 809 1055 quas
831 976 1036 1038 demonstravi·

38 1081 121 1137 mus,
143 1079 240 1120 rerum
260 1060 335 1120 dieat
356 1061 474 1138 proprie
496 1070 525 1120 et
547 1064 679 1140 copiose.
720 1060 784 1134 Quo
803 1062 894 1120 minus
915 1071 979 1121 sunt
994 1064 1037 1123 ie·

38 1146 142 1221 rendi,
163 1146 211 1222 qui
232 1144 305 1204 hanc
325 1153 415 1203 artem
434 1153 471 1203 ut.
483 1154 597 1204 tenuem
612 1153 699 1222 atque
719 1146 841 1203 ieiunam
857 1145 1037 1223 cavillantur,

40 1247 119 1307 quae
135 1229 191 1287 nisi
209 1230 331 1287 oratoris
351 1229 438 1288 iuturi
458 1228 639 1290 fundamenta
654 1228 778 1288 fideliter
794 1229 878 1303 iecit,
901 1229 1038 1307 quidquid

40 1312 290 1391 superstruxeris,
307 1320 437 1379 corrnet;
458 1314 624 1372 necessaria
639 1314 754 1390 pueris,
772 1312 893 1372 iucunda
909 1313 1037 1390 senibus,

41 1395 138 1456 dulcis
156 1404 334 1455 secretorum
350 1412 447 1456 comes
463 1404 491 1455 et
506 1414 580 1474 quae
594 1396 644 1457 vel
661 1396 724 1455 sola
741 1397 771 1455 in
786 1397 861 1456 omni
880 1397 1038 1457 studiorum

41 1497 156 1557 genere
171 1479 235 1557 plus
250 1478 354 1539 habeat
369 1481 468 1557 operis
484 1496 567 1558 quam
582 1481 792 1539 ostentationis.

129 1560 175 1622 Ne
193 1564 256 1640 quis
271 1565 359 1639 igitur
372 1571 504 1641 tanquam
518 1581 606 1642 parua
622 1564 746 1623 fastidiat
760 1565 959 1641 grammatices
976 1564 1064 1640 ele-6

42 1655 157 1720 menta,
177 1663 234 1705 non
257 1648 323 1724 quia
337 1665 457 1723 magnae
473 1649 509 1708 sit
524 1664 633 1725 operae
649 1657 840 1707 consonantes
857 1665 873 1708 a
887 1648 1038 1708 vocalibus

43 1733 215 1792 discernere
229 1732 365 1808 ipsasque
381 1749 431 1790 eas
447 1732 475 1789 in
490 1733 705 1791 semivocalium
724 1749 870 1790 numerum
889 1741 1039 1792 mutarum·

46 1834 104 1895 que
119 1814 238 1892 partiri,
261 1814 312 1873 sed
335 1816 400 1893 quia
417 1815 555 1875 interiora
569 1815 649 1875 uelut
670 1816 745 1874 sacri
765 1815 849 1874 huius
870 1815 1039 1886 adeuntibus

45 1897 198 1978 apparebit
217 1897 304 1957 multa
318 1916 414 1958 rerum
432 1894 590 1973 subtilitas,
613 1916 687 1978 quac
701 1915 758 1957 non
775 1898 860 1957 modo
877 1915 983 1958 acuere
997 1901 1038 1958 in·

46 1985 132 2061 genia
147 1982 270 2062 puerilia
290 1982 343 2043 sed
365 2001 508 2043 exercere
528 1983 693 2043 altissimam
714 1987 838 2061 quoque*
850 1982 1040 2042 eruditionem

46 2086 82 2131 ac
99 2067 249 2127 scientiam
264 2068 366 2144 possit.
401 2066 447 2126 An
462 2065 616 2126 cuiuslibet
636 2067 711 2127 auris
727 2073 772 2126 est
795 2066 915 2143 exigere
931 2066 1062 2132 littera-t

47 2169 110 2210 rum
128 2145 239 2210 sonosl
266 2167 323 2210 non
338 2150 458 2211 hercule
477 2152 568 2227 magis
584 2167 668 2228 quam
682 2167 844 2210 nervorum.
871 2150 929 2209 Aut
944 2167 1037 2227 gram·

47 2234 143 2295 matici
165 2234 267 2294 saltem
286 2250 384 2294 ornnes
403 2237 432 2294 in
452 2233 526 2294 hanc
546 2234 725 2294 descendent
745 2251 841 2294 rernm
860 2235 1037 2309 tenultatem,

49 2320 178 2379 desintne
190 2318 304 2395 aliquae
315 2317 398 2377 nobis
410 2319 593 2379 necessariae
606 2319 773 2394 litterarum,
785 2334 844 2376 non
855 2336 918 2377 cnm
929 2316 1040 2378 Graeca

50 2402 199 2462 scribimus
214 2401 288 2479 (tum
302 2403 376 2461 enim
391 2401 426 2462 ab
440 2402 541 2462 iisdem
554 2402 625 2462 duas
637 2403 809 2480 mutuamur)
825 2400 877 2461 sed
890 2404 1038 2480 propriae,

50 2488 77 2545 in
95 2486 219 2560 Latinis,
238 2493 269 2543 ut
289 2486 318 2544 in
338 2485 382 2545 his
401 2505 515 2547 seruus
533 2494 562 2545 et
576 2487 687 2561 culpus
706 2485 858 2545 Aeolicum
879 2485 1065 2562 digammon8

52 2570 245 2643 desideratur,
260 2577 291 2628 ut
306 2569 415 2629 medius
432 2570 602 2648 estquidam
617 2569 643 2629 U
658 2578 687 2628 et
702 2568 715 2629 l
730 2570 844 2630 litterae
858 2586 962 2638 sonus;
982 2586 1039 2628 non
1158 2567 1162 2571 ’

54 2655 123 2713 enim
139 2654 181 2712 sic
199 2653 342 2731 optimum
357 2652 475 2712 dicimus
495 2661 526 2713 ut
546 2655 693 2732 matum,
716 2662 746 2712 ct
767 2655 795 2711 in
815 2654 888 2714 ltere
905 2652 1039 2730 nequeE

54 2736 136 2814 plane
152 2754 247 2813 neque
262 2734 275 2793 l
290 2736 416 2804 auditum
433 2755 581 2796 aurursus
597 2738 672 2796 aliae
685 2737 860 2811 redundent,
876 2746 993 2815 practer
1006 2737 1064 2796 il=9

55 2820 106 2880 lans
116 2821 308 2899 aspirationis,
323 2820 414 2897 (quae
426 2823 449 2880 si
460 2822 626 2880 necessaria
638 2828 693 2897 est,
707 2823 791 2881 etiam
802 2823 972 2880 contrariam
985 2820 1039 2879 sibi

55 2906 160 2984 poscit)
180 2913 208 2963 et
224 2901 265 2977 ll,
285 2921 358 2982 quae
375 2913 404 2963 et
418 2906 481 2983 ipsa
497 2905 672 2982 quorundam
686 2907 828 2964 nominum
841 2913 907 2963 nota
923 2913 984 2979 est,
1010 2913 1040 2963 et

55 2987 89 3063 Q,
105 2989 182 3047 cuius
197 2987 297 3047 similis
313 2988 418 3048 ellectu
434 2991 602 3066 specieque,
618 2989 672 3048 nisi
687 2988 763 3067 quod
778 2988 892 3066 paulum
905 3006 921 3048 a
933 2990 1039 3047 nostris

54 3070 228 3149 obliquatur,
254 3069 358 3150 Koppa
383 3072 458 3149 apud
480 3072 608 3132 Graecos
633 3089 708 3131 nunc
734 3081 840 3132 tantum
864 3073 892 3130 in
920 3088 1038 3131 numero

53 3163 162 3231 manet,
183 3164 212 3214 et
225 3165 386 3214 nostrarum
400 3156 515 3229 ultima,
538 3174 593 3233 qua
609 3165 666 3215 tam
681 3173 782 3215 carcre
798 3157 940 3233 potuimus
956 3172 1039 3233 quam

54 3251 144 3314 onon
157 3235 340 3316 quaerimus?
363 3238 460 3318 Atque
475 3241 560 3299 etiam
572 3240 601 3298 in
616 3241 687 3316 ipsis
701 3239 852 3299 vocalibus
865 3238 1041 3315 grammatici
1050 3249 1084 3299 10

55 3330 99 3381 est
111 3322 219 3398 nidere,
235 3341 271 3382 an
286 3322 396 3400 aliquas
410 3340 463 3401 pro
480 3323 702 3383 consonantibus
718 3341 787 3381 usus
802 3324 959 3400 acceperit,
976 3322 1041 3399 quia

54 3408 114 3468 inm
127 3407 200 3466 sicut
214 3416 276 3468 tam
290 3405 425 3466 scribitur
444 3416 474 3466 et
487 3424 563 3486 quos
576 3415 607 3466 ut
621 3425 683 3468 cos.
718 3405 757 3465 At
779 3424 852 3485 quae
874 3415 904 3465 ut
921 3400 1071 3464 vocales*

56 3492 205 3569 iunguntur
224 3498 272 3549 aut
291 3507 374 3550 unam
394 3489 510 3568 longam
529 3491 652 3565 iaciunt,
674 3498 705 3549 ut
723 3498 841 3550 veteres
850 3490 1043 3630 2spripsernnt
