2434 3925
155 158 216 222 228
460 172 496 219 u.
518 170 597 220 ssa.
620 170 840 231 oumummur

100 337 207 393 latmo
220 324 419 403 antisophiste,
435 333 507 405 quot
517 326 600 386 acilio
613 344 760 404 passuum
775 327 998 389 declamasset?
1018 328 1172 410 Praecipi

156 422 185 471 et
200 410 268 470 illud
284 412 363 485 scio,
387 428 424 469 ne
440 409 619 469 ambulantes
634 418 796 470 avertamur
811 427 827 468 a
849 410 1007 487 iudicibus,
1030 415 1094 474 sed
1113 416 1171 474 siut

155 494 265 572 obliqui
280 494 372 572 pedes
387 492 423 553 ad
436 493 585 552 consilium
599 491 684 552 nobis
698 493 931 571 respicientibus.
957 495 991 556 ld
1001 496 1073 555 lieri
1094 500 1170 559 iudi-

156 580 208 639 ciis
224 578 342 656 privatis
358 594 415 635 non
429 584 537 655 potest.
569 576 678 637 Verum
694 586 723 636 ot
737 576 873 637 breviora
889 587 952 638 suut
967 580 1088 657 spatia,
1109 600 1167 642 neo

155 662 251 722 aversi
266 661 312 721 diu
324 679 428 720 sumus.
454 660 570 719 Interim
583 669 677 720 tamen
690 661 833 721 recedere
848 663 954 721 sensim
968 662 1063 723 datur.
1094 664 1166 739 Qui·

98 746 219 810 128dam
237 754 266 805 et
280 746 426 820 resiliunt,
445 744 521 823 quod
537 753 582 805 est
597 744 682 823 plane
698 744 857 805 ridiculum.
889 744 974 807 Pedis
997 748 1165 826 supplosio

154 841 185 889 ut
202 830 269 889 loco
284 837 329 888 est
345 838 523 907 opportuna,
546 838 576 887 ut
600 830 640 889 ait
655 825 778 904 Cicero,
801 830 830 888 iu
854 831 1098 891 contentionibus
1120 842 1167 893 aut

154 914 325 992 incipiendis
341 921 387 973 aut
402 913 548 973 liniendis:
578 913 617 972 ita
637 912 740 972 crebra
764 921 793 972 et
813 915 903 991 inepti
925 923 970 973 est
984 913 1122 976 bominis
1138 925 1166 976 et

155 998 259 1058 desinit
272 997 396 1057 iudicem
407 997 435 1055 iu
450 1014 482 1055 se
500 1005 683 1056 convertere.
707 994 761 1056 Est
775 1006 805 1057 et
820 997 869 1057 illa
884 997 1023 1058 indecora
1039 999 1072 1057 in
1087 1001 1164 1060 dex·

154 1091 227 1141 trum
242 1100 278 1141 ac
294 1082 407 1141 laevum
424 1080 498 1141 latus
511 1080 658 1142 vacillatio
678 1080 796 1141 alternis
812 1079 935 1158 pedibus
950 1082 1163 1143 insistentium.

153 1165 332 1243 Longissima
357 1164 493 1241 fugienda
520 1164 616 1224 mollis
641 1165 731 1240 actio,
758 1165 873 1242 qualem
898 1166 927 1224 in
950 1163 1024 1224 Titio
1042 1163 1164 1229 Cicero

154 1250 222 1309 dicit
237 1249 344 1326 luisse,
368 1247 443 1307 uude
461 1249 545 1308 etiam
560 1247 718 1308 saltationis
736 1248 878 1325 quoddam
892 1267 985 1326 genus
1001 1247 1110 1312 Titius
1125 1253 1163 1310 sit

97 1332 338 1411 129appellatum.
370 1331 624 1410 Reprehendenda
648 1342 677 1391 et
693 1331 742 1392 illa
758 1331 897 1411 frequens
915 1342 944 1392 et
961 1335 1115 1395 concitata
1133 1336 1162 1395 in

152 1426 300 1494 utramque
318 1424 429 1495 partem
445 1417 562 1493 nutatio,
579 1434 662 1494 quam
676 1416 705 1475 in
720 1412 846 1475 Curione
862 1426 943 1494 patre
958 1418 1046 1476 irrisit
1062 1428 1098 1478 et
1114 1419 1159 1480 lu·

153 1499 224 1575 lius,
248 1518 406 1577 quaerens,
425 1501 494 1578 pois
514 1501 547 1561 im
560 1502 650 1561 lintre
664 1492 853 1578 apameam,
877 1510 906 1561 et
923 1501 1060 1569 Sicinius;
1088 1521 1159 1563 nam

153 1602 227 1659 cum,
244 1585 388 1644 assidente
405 1584 531 1660 collega,
550 1585 598 1663 qui
614 1592 677 1644 erat
688 1592 810 1662 propter
823 1583 1015 1644 valetudinem
1032 1594 1062 1644 et
1080 1586 1157 1646 deli·

152 1677 235 1745 gatus
252 1677 281 1726 et
295 1668 422 1746 plurimis
437 1668 652 1729 medicamentis
665 1667 819 1742 delibutus,
835 1668 950 1728 multum
962 1686 994 1728 se
1009 1666 1105 1728 Curio
1118 1689 1157 1730 ex

151 1768 232 1811 more
249 1753 396 1828 iactasset,
411 1750 585 1829 Numquam,
603 1753 703 1831 inquit,
722 1748 843 1828 Oetooc',
862 1754 995 1829 eollepoe
1008 1760 1061 1814 tuo
1071 1773 1153 1832 pra·

151 1837 225 1896 tium
240 1837 374 1917 referes,
395 1837 449 1914 poi
461 1837 522 1897 nisi
534 1837 657 1914 fuisset,
678 1836 768 1897 bodie
782 1844 812 1897 le
824 1838 893 1897 istie
905 1854 1032 1897 muscae
1047 1857 1151 1899 corae·

96 1935 146 1991 130
154 1919 277 1982 dissent.
306 1919 450 1981 lactantur
472 1930 502 1981 et
522 1919 645 1988 humeri;
669 1920 746 1999 quod
760 1919 858 1981 vitium
872 1919 1089 1982 Demosthenes
1114 1924 1150 1983 itu
1202 1950 1203 2010 p

153 2005 256 2065 dicitur
271 2005 457 2079 emendasse,
474 2014 519 2081 ut,
537 2023 600 2065 oum
617 2006 646 2063 in
662 2006 923 2084 augustoquodam
939 2005 1050 2084 pulpito
1068 2016 1149 2067 stans
1202 2027 1203 2036 ¹

152 2089 281 2165 diceret,
304 2090 385 2149 hasta
405 2089 524 2150 bumero
546 2088 717 2167 dependens
738 2089 913 2166 immineret,
936 2098 983 2165 ut,
1005 2091 1030 2148 si
1046 2089 1147 2150 calore

153 2173 266 2233 dicendi
281 2174 373 2233 vitare
388 2173 416 2233 id
435 2173 608 2249 excidisset,
631 2173 822 2233 ollensatione
838 2173 887 2233 illa
903 2184 1145 2234 commoneretur.

152 2256 351 2317 Ambulantem
367 2257 446 2335 loqui
460 2258 498 2317 ita
522 2258 634 2318 demum
650 2266 783 2334 oportet,
808 2258 832 2316 si
853 2258 883 2316 in
900 2260 993 2318 causis
1008 2256 1145 2332 publicis,
1202 2271 1203 2278 ¹

151 2341 179 2398 in
205 2340 306 2418 quibus
329 2340 493 2400 multisunt
517 2339 644 2416 iudices,
669 2342 747 2418 quod
769 2341 905 2418 dicimus,
927 2343 1009 2419 quasi
1024 2342 1145 2418 singulis

93 2423 296 2494 131inculcare
324 2423 511 2502 peculiariter
535 2425 666 2484 velimus.
704 2424 779 2485 lllud
804 2443 877 2485 vero
901 2443 959 2485 non
982 2425 1144 2500 ferendum,

152 2507 375 2586 quodquidam,
398 2510 508 2568 reiecta
526 2510 555 2567 in
571 2508 719 2568 humerum
741 2518 826 2587 toga,
850 2527 913 2569 cum
935 2509 1037 2569 dextra
1053 2510 1143 2569 sinum

152 2610 242 2669 usque
261 2591 297 2651 ad
313 2591 425 2651 lumbos
440 2592 631 2667 reduxerunt,
654 2594 768 2653 sinistra
785 2603 899 2670 gestum
919 2593 1060 2654 iacientes
1077 2612 1143 2672 spa·

150 2677 254 2735 tiantur
270 2684 299 2736 et
314 2674 491 2750 labulantur,
515 2695 579 2735 cum
600 2677 685 2737 etiam
705 2676 818 2736 laevam
838 2680 1015 2755 restringere
1030 2677 1144 2755 prolata

149 2760 262 2837 longius
275 2760 376 2820 dextra
391 2760 427 2819 sit
442 2760 582 2820 odiosum.
608 2758 714 2820 Moneo
730 2778 857 2840 quoque,
874 2761 919 2839 (ιι
933 2780 970 2821 ne
984 2761 1012 2821 id
1027 2761 1143 2839 quidem

149 2846 309 2922 transeam)
326 2845 503 2922 ineptissime
519 2844 592 2919 lieri,
609 2864 673 2905 cum
690 2846 764 2904 inter
777 2862 873 2905 moras
889 2845 1080 2905 laudationum
1097 2854 1143 2905 aut

150 2928 289 2988 inaurem
308 2929 426 2988 alicuius
448 2928 601 3006 loquuntur
621 2938 670 2989 aut
690 2946 753 2988 cum
778 2928 925 3002 sodalibus
949 2930 1079 2988 iocantur
1095 2937 1142 2989 aut
1202 2965 1203 2970 κ

149 3029 348 3091 nonnunquam
370 3013 406 3073 ad
428 3013 563 3073 librarios
589 3029 658 3071 suos
680 3014 719 3072 ita
741 3013 917 3091 respiciunt,
940 3021 970 3073 ut
985 3012 1140 3091 sportulam
1202 3023 1203 3026 ’

92 3094 259 3160 132diotare
274 3097 433 3156 videantur.
469 3094 603 3156 Inclinari
618 3096 655 3157 ad
669 3096 809 3172 iudicem,
828 3114 892 3159 cum
909 3098 1027 3172 doceas,
1044 3097 1139 3175 utique

149 3178 173 3236 si
188 3178 228 3253 id,
246 3180 283 3239 de
299 3197 356 3259 quo
371 3180 508 3257 loquaris,
526 3181 562 3240 sit
578 3180 740 3255 obscurius,
753 3179 834 3240 licet.
865 3179 1035 3242 Incumbere
1053 3180 1138 3240 advo-

150 3270 215 3321 cato
240 3263 370 3322 adversis
391 3263 539 3323 subselliis
561 3264 689 3338 sedenti,
717 3264 962 3325 contumeliosum.
993 3263 1138 3330 Reclinari

149 3346 285 3405 etiamad
305 3364 374 3405 suos
392 3355 421 3407 et
439 3348 570 3407 manibus
588 3341 740 3423 sustineri,
765 3349 819 3407 nisi
841 3348 927 3426 plane
949 3349 1021 3408 iusta
1038 3348 1136 3425 latiga-

147 3429 242 3506 tione,
256 3437 313 3489 est
335 3429 504 3498 delicatum
532 3433 605 3491 sicut
626 3432 720 3510 palam
740 3433 866 3509 moneri,
892 3433 1067 3509 excidentis,
1091 3441 1136 3491 aut
