2434 3925
177 217 215 281 14
437 175 440 178 ι
491 231 529 280 m.
542 229 620 279 aaa.
634 187 855 291 Qumammnr

132 397 232 452 ustum
253 386 338 446 feret.
367 379 434 445 Nou
454 387 527 445 enim
547 404 606 446 vox
626 387 676 446 illa
691 385 893 465 praeceptoris
915 391 946 443 ut
969 402 1061 446 coena
1081 381 1178 448 minna

174 470 304 549 pluribus
326 470 447 546 scilicit,
471 470 523 529 sed
543 480 574 530 ut
595 471 642 530 sol
658 472 800 530 universis
820 470 896 529 idem
917 469 989 530 lucis
1007 469 1177 547 calorisque

175 556 303 632 largitur.
346 548 549 614 Grammaticus
571 572 688 634 quoque
709 557 734 614 si
760 555 796 614 de
818 553 956 632 loquendi
981 554 1095 614 ratione
1116 554 1177 612 dis·

174 647 268 714 serat,
289 640 313 697 si
339 641 525 716 quaestiones
550 639 694 717 explicet,
714 638 849 697 historias
872 648 1014 715 exponat,
1037 644 1176 715 poemata

132 734 165 786 15
175 732 304 783 enarret:
328 731 371 781 tot
392 723 442 783 illa
456 723 569 782 discent
585 733 655 800 quot
670 723 794 783 audient.
827 723 866 781 At
886 724 960 780 enim
982 721 1177 781 emendationi

174 807 423 887 praelectionique
452 825 587 865 uumerus
617 806 722 866 obstat.
768 808 812 865 Sit
837 806 1062 882 incommodum,
1092 804 1176 882 (uam

173 891 240 970 quid
266 891 328 951 lere
350 892 474 969 undique
496 888 631 971 placetl)
659 908 726 950 mox
753 889 824 949 illud
844 889 1072 967 comparabimus
1095 907 1174 948 com·

172 976 273 1036 modis.
303 975 366 1035 Nec
381 992 438 1051 ego
454 983 548 1034 tamen
564 992 600 1034 eo
615 978 686 1034 mitti
702 993 821 1053 puerum
835 974 916 1049 volo,
933 973 981 1033 ubi
996 973 1174 1050 negligatur.

173 1060 231 1119 Sed
246 1078 341 1137 neque
357 1069 533 1138 praeceptor
548 1059 641 1118 bonus
655 1061 764 1118 maiore
782 1076 816 1117 se
830 1058 924 1132 turba,
941 1076 1025 1135 quam
1040 1067 1071 1117 ut
1086 1059 1173 1117 susti·

172 1163 243 1204 uere
261 1163 323 1203 eam
341 1146 451 1221 possit,
472 1145 650 1209 oneraverit;
675 1145 747 1202 etin
763 1144 860 1221 primis
876 1141 1007 1202 babenda
1030 1159 1099 1201 cura
1115 1152 1172 1215 est,

174 1239 204 1288 ut
220 1231 245 1288 is
264 1229 442 1287 omnimodo
460 1228 509 1286 liat
525 1227 610 1287 nobis
630 1227 809 1287 familiariter
825 1229 950 1301 amicus,
969 1244 1024 1286 nec
1044 1225 1172 1285 cilicium

131 1315 202 1372 16iu
226 1313 358 1372 docendo
386 1319 500 1389 spectet
524 1313 576 1372 sed
597 1312 741 1371 allectum.
782 1309 825 1370 lta
851 1328 992 1387 nunquam
1017 1312 1124 1369 erimus
1146 1313 1173 1369 in

174 1397 265 1457 turba.
306 1395 369 1454 Nec
394 1414 463 1455 sane
486 1398 636 1474 quisquam
662 1396 766 1455 litteris
791 1395 893 1454 saltem
918 1395 1022 1454 leviter
1047 1393 1171 1453 imbutus

174 1500 255 1556 eum,
277 1482 305 1539 in
321 1497 378 1557 quo
396 1481 518 1540 studium
531 1482 737 1557 ingeniumque
752 1482 954 1557 perspexerit,
974 1496 1032 1538 nou
1046 1480 1075 1537 iu
1092 1497 1172 1537 suam

175 1582 290 1643 quoque
314 1563 436 1641 gloriam
453 1564 642 1642 peculiariter
658 1562 778 1623 fovebit.
815 1563 874 1622 Sed
888 1572 919 1621 ut
937 1563 1094 1640 fugiendae
1115 1566 1172 1621 sint

173 1667 294 1725 magnae
309 1647 429 1707 scholae
453 1648 514 1726 (cui
530 1667 567 1707 ne
586 1649 643 1726 ipsi
659 1649 773 1725 quidem
787 1649 830 1707 rei
846 1649 1005 1722 assentior,
1028 1649 1052 1705 si
1067 1647 1104 1707 ad
1119 1647 1169 1706 ali·

174 1751 258 1811 quem
276 1734 378 1792 merito
401 1733 626 1810 concurritur,):
648 1750 705 1791 non
723 1741 817 1791 tamen
834 1732 891 1791 boc
912 1748 948 1791 eo
963 1732 1057 1806 valet,
1075 1740 1108 1789 ut
1128 1731 1169 1791 fu·

173 1818 295 1894 giendae
321 1818 377 1875 siut
401 1819 515 1876 omnino
539 1816 670 1876 scholae.
711 1815 797 1875 Aliud
821 1826 867 1876 est
891 1818 966 1876 euim
989 1818 1082 1875 vitare
1108 1834 1168 1890 eas,

174 1902 250 1961 aliud
271 1902 392 1979 eligere.

132 1993 164 2048 lt
255 1987 292 2046 Et
307 1989 332 2045 si
344 1986 528 2045 refutavimus
545 2004 620 2064 quae
636 1995 737 2046 contra
753 1986 895 2061 dicuntur,
911 1985 966 2044 iam
978 1983 1168 2062 explicemus,

131 2072 239 2150 18quid
267 2073 322 2150 ipsi
347 2088 510 2147 sequamur.
556 2067 633 2130 Ante
660 2072 754 2130 omnia
780 2069 892 2129 futurus
921 2078 1036 2142 orator,
1070 2070 1119 2127 cui
1144 2069 1170 2135 ia

172 2157 293 2215 maxima
314 2154 484 2213 celebritate
503 2162 532 2212 et
552 2155 581 2212 iu
601 2154 694 2213 media
712 2153 908 2232 reipublicae
930 2154 995 2214 luce
1016 2153 1169 2212 vivendum

174 2248 236 2314 est,
259 2246 409 2297 assuescat
423 2239 479 2296 iam
493 2254 509 2295 a
524 2245 626 2296 tenero
641 2255 700 2296 non
720 2237 909 2297 reformidare
928 2237 1058 2296 homines
1072 2254 1169 2314 neque

173 2323 301 2382 solitaria
319 2330 348 2380 et
361 2320 614 2381 velutumbratica
628 2324 687 2381 vita
702 2323 879 2400 pallescere.
915 2321 1074 2393 Excitauda
1089 2337 1168 2380 meus

174 2416 204 2467 et
226 2406 384 2466 attollenda
409 2422 526 2483 semper
546 2414 606 2480 est,
633 2424 707 2484 quae
733 2409 761 2465 in
785 2406 946 2466 huiusmodi
970 2407 1095 2464 secretis
1123 2411 1169 2464 aut

173 2492 336 2568 languescit
351 2498 381 2548 et
395 2489 536 2568 quendam
549 2489 630 2549 velut
644 2493 673 2549 iu
688 2508 781 2569 opaco
798 2493 882 2550 situm
896 2491 988 2564 ducit,
1005 2498 1053 2548 aut
1068 2498 1168 2548 contm

173 2575 306 2634 tumescit
321 2574 396 2633 inani
412 2576 617 2651 persuasioue;
639 2593 763 2634 necesse
780 2585 825 2634 est
846 2576 920 2634 euim
935 2575 1048 2632 nimium
1063 2574 1169 2633 tribuat

131 2659 246 2734 19sibi,
271 2660 319 2737 qui
334 2676 367 2717 se
382 2659 486 2716 nemini
504 2667 661 2736 comparat.
695 2659 807 2720 Deinde
829 2677 893 2718 cum
913 2657 1090 2735 proferenda
1106 2665 1171 2716 saut

173 2743 282 2818 studia,
306 2742 411 2819 caligat
431 2744 460 2801 ln
475 2742 540 2801 sole
563 2752 592 2802 et
607 2744 700 2801 omnia
721 2761 796 2803 nova
817 2743 954 2816 offendit,
976 2750 1007 2800 ut
1022 2742 1070 2819 qui
1087 2742 1169 2801 solus

130 2837 166 2890 20
174 2827 306 2887 didicerit
327 2826 403 2905 quod
423 2828 498 2885 iuter
515 2827 621 2886 multos
642 2827 803 2886 laciendum
825 2835 880 2885 est.
915 2825 996 2885 Mitto
1018 2827 1168 2899 amicitias,

173 2929 248 2990 quac
268 2911 302 2971 ad
324 2919 503 2970 senectutem
523 2929 615 2989 usque
635 2911 794 2970 firmissime
816 2910 916 2970 durant
937 2910 1078 2986 religiosa
1103 2927 1169 2988 qua·

173 2996 237 3055 dam
256 2996 471 3055 necessitudine
491 2994 625 3054 imbutae.
660 2994 763 3073 Neque
780 2997 854 3054 enlm
871 3004 917 3054 est
934 2996 1061 3053 sanctius
1076 2996 1169 3053 sacris

172 3079 274 3140 iisdem
296 3096 379 3158 quam
399 3080 499 3139 studiis
518 3080 630 3139 initiari.
665 3080 787 3138 Sensum
807 3081 914 3158 ipsum,
941 3080 989 3155 qui
1013 3080 1169 3137 communis
1191 3144 1192 3148 η

172 3164 293 3239 dicitur,
313 3161 362 3223 ubi
378 3163 486 3238 discet,
509 3181 572 3222 cum
587 3182 620 3222 se
638 3179 654 3223 a
674 3181 853 3239 congressu,
875 3164 922 3241 qui
937 3180 995 3221 non
1009 3161 1168 3221 hominibus

173 3248 266 3307 solum
281 3247 333 3306 sed
346 3249 430 3306 mutis
446 3264 562 3326 quoque
577 3247 744 3307 animalibus
760 3248 896 3307 naturalis
913 3256 969 3321 est,
985 3242 1168 3323 segregarit?

130 3339 163 3392 tl
172 3332 256 3391 Adde
279 3331 355 3410 quod
376 3331 452 3390 domi
474 3350 508 3391 ea
529 3331 593 3391 sola
614 3332 729 3391 discere
745 3340 859 3409 potest,
887 3349 961 3409 quae
983 3331 1039 3408 ipsi
1057 3332 1167 3409 praeci·

173 3418 301 3495 pientur,
331 3416 360 3474 in
382 3415 485 3475 schola
506 3417 591 3474 etiam
616 3433 690 3493 quae
710 3415 784 3474 aliis.
824 3415 930 3482 Audiet
951 3414 1039 3474 multa
1064 3416 1167 3473 cotidie

172 3500 290 3580 probari
311 3498 398 3559 multa
428 3501 550 3576 corrigi;
578 3499 708 3577 proderit
732 3499 853 3559 alicuius
876 3499 1027 3580 obiurgata
1049 3498 1165 3570 desidia,
