2434 3925
166 201 227 266 226
482 215 842 291 mumoomopmsm

147 358 314 451 ³pecuniam
327 388 406 431 snam
420 370 548 448 pluribus
564 371 700 447 largitur,
723 371 777 446 ita,
800 388 875 448 quae
894 370 1022 432 formam.
1058 371 1164 434 Verba

165 466 230 516 sunt
244 457 272 514 in
286 456 331 515 his
347 455 449 514 similia
462 457 619 516 uetustatis
634 464 663 514 ot
677 456 862 533 largitionis,
879 456 923 513 vis
938 458 1054 535 quidem
1068 458 1164 535 longe

123 548 156 606 bt
164 540 278 600 diversa
291 541 451 618 [pecuniae
463 547 491 597 et
503 539 680 616 amicitiacl.
703 537 804 615 ltaque
816 540 844 597 in
854 538 911 598 hoo
919 558 1028 616 genere
1034 544 1163 602 maxime

165 624 325 701 quaeritur,
348 641 383 682 an
400 623 492 682 simile
507 625 561 698 sit,
582 622 659 700 quod
674 620 805 681 infertur.
844 620 938 682 Etiam
953 626 981 683 in
996 626 1054 685 illis
1069 627 1162 685 inter·

164 705 361 784 rogationibus
383 707 528 780 Socratis,
556 718 675 785 quarum
696 705 782 783 paulo
803 714 868 764 ante
891 706 949 766 ieci
971 711 1161 784 mentionem,

165 791 337 865 cavendum,
364 808 400 848 ne
422 791 537 849 incaute
558 783 753 867 respondeas:
783 797 813 847 ut
832 789 907 867 apud
922 788 1090 853 Aeschinen
1106 795 1161 852 So·

164 873 395 933 oratioum'male
415 874 565 951 respondit
583 871 726 951 Aspasiae
747 871 949 951 Xenophontis
964 894 1055 952 uxor,
1080 876 1160 956 quod

109 948 156 1020 '28
164 955 268 1017 Cicero
285 959 328 1017 his
343 957 441 1017 verbis
457 956 609 1019 transfert:
630 955 691 1017 Dic
704 958 794 1031 stibi,
810 974 937 1035 quaeso,
954 958 1161 1039 Xenophontis

124 1072 129 1099 t
162 1059 251 1117 umor,
267 1044 295 1103 33·
310 1043 412 1102 cicino
429 1050 481 1102 too
497 1042 602 1102 scoliam
617 1041 729 1101 babeat
744 1060 871 1118 aarum,
890 1059 981 1119 quom
996 1054 1027 1106 tu
1042 1045 1160 1125 babes.-

162 1134 302 1186 utrumne
323 1127 407 1186 iltius
425 1144 466 1186 33
488 1134 571 1186 tcum
590 1126 700 1184 molis?
741 1122 845 1201 illics,
874 1128 981 1204 inquit.
1026 1126 1111 1201 outo
1131 1129 1160 1188 ri

162 1216 275 1270 vestem
286 1217 314 1271 et
325 1215 457 1270 ceterum
468 1217 608 1271 coactum
618 1208 792 1269 muliebrem
799 1212 893 1288 pretii
902 1213 1159 1287 maioriobabeat,

163 1309 254 1371 quom
275 1301 307 1354 tu
325 1293 436 1353 bobes:
459 1301 581 1354 tuumne
596 1309 638 1352 oo
653 1293 736 1352 iilius
750 1295 861 1354 malis?
894 1292 982 1355 lilius
995 1315 1083 1370 cero,
1105 1315 1158 1355 re-

152 1377 294 1456 spondit.
337 1372 376 1435 At
397 1377 487 1452 cedo,
509 1377 622 1453 inquit,
644 1378 672 1436 si
686 1377 784 1435 cirum
798 1379 853 1438 illo
866 1381 1019 1440 meliorem
1034 1381 1158 1455 babeat,

122 1467 255 1538 3933333
270 1468 301 1521 tu
316 1459 425 1520 bobes:
446 1467 585 1520 utrumne
600 1468 682 1520 tuum
694 1461 794 1520 cirum
808 1463 897 1522 molis
913 1482 954 1522 33
969 1464 1071 1524 iltius?
1103 1461 1158 1521 llic

162 1543 264 1603 mulier
286 1543 414 1618 erubuit,
438 1544 554 1612 merito;
582 1543 658 1603 male
683 1544 756 1601 enim
777 1546 983 1621 responderat,
1010 1566 1045 1608 33
1064 1548 1157 1608 molle

162 1630 295 1690 clientum
309 1647 419 1689 aarum
436 1644 527 1707 quam
541 1646 647 1698 suom·
669 1644 732 1687 nam
748 1635 793 1685 est
809 1628 837 1687 id
853 1629 1022 1707 improbum.
1057 1628 1112 1705 At,
1131 1632 1156 1688 si

161 1713 376 1790 respondisset,
401 1713 492 1775 mollo
509 1730 544 1773 33
565 1730 676 1772 aurum
691 1730 778 1771 soum
793 1714 854 1775 tole
869 1733 951 1789 csse,
974 1715 1064 1791 quote
1077 1715 1156 1775 illud

162 1804 258 1872 osset,
281 1798 424 1874 potuisset
444 1797 548 1875 pudice
564 1796 760 1874 respondere,
788 1797 879 1858 malle
898 1817 932 1858 33
949 1800 1048 1858 cirum
1066 1817 1155 1857 soum

162 1881 250 1940 lolem
266 1899 349 1956 3333,
371 1881 470 1957 qualis
484 1881 588 1940 melior
602 1889 690 1941 esset.

75 1990 78 1998 1
119 1966 154 2019 30
245 1966 313 2025 Scio
328 1965 467 2043 quosdam
483 1967 557 2023 inani
572 1965 720 2041 diligentia
736 1984 790 2044 per
804 1964 1004 2025 minutissimas
1019 1967 1073 2025 ista
1088 1982 1152 2043 par-

161 2056 206 2107 tes
226 2050 374 2123 secuisse,
405 2058 434 2107 et
451 2066 518 2107 esse
538 2048 645 2125 aliquid
660 2050 750 2107 minus
771 2050 881 2123 simile,
903 2058 933 2108 ut
950 2051 1029 2109 simia
1047 2050 1152 2108 bomini

157 2133 190 2190 'ct
212 2149 351 2191 marmora
374 2132 532 2191 deformata
557 2134 646 2209 prima
667 2150 765 2206 manu,
794 2129 901 2211 aliquid
921 2133 1002 2211 plus,
1024 2142 1056 2192 ut
1071 2133 1152 2206 illud,

160 2213 228 2275 Nom
247 2234 335 2276 ocum
355 2222 417 2276 tam
430 2217 527 2277 simile
542 2234 615 2283 ooo,·
637 2224 666 2273 et
681 2215 864 2276 dissimilibus
882 2219 978 2275 inesse
993 2216 1102 2289 simile,
1123 2225 1153 2275 ut

159 2297 297 2357 formicae
314 2307 343 2357 et
359 2299 513 2377 elephanto
529 2316 636 2375 genus,
656 2300 721 2376 quia
733 2300 955 2367 sunt.animalia;
974 2310 1003 2359 et
1014 2300 1153 2359 similibus

161 2381 312 2456 dissimile,
334 2390 365 2439 ut
377 2417 418 2429 -
434 2380 568 2444 Canibus
584 2384 700 2444 catulos
715 2392 743 2444 et
759 2386 908 2445 matribus
922 2385 1050 2459 boedos,
1073 2383 1152 2443 dilic-

118 2472 224 2525 3trunt
245 2467 318 2524 enirn
338 2474 450 2533 aetate:
480 2468 687 2527 contrariorum
702 2484 821 2544 quoque
838 2469 922 2527 aliter
943 2469 1037 2545 accipi
1061 2484 1151 2544 oppo-

160 2551 230 2622 sita,
253 2557 284 2607 ut
298 2558 412 2608 noctem
429 2551 504 2625 lrtci,
526 2550 611 2611 aliter
628 2553 732 2625 noxia,
754 2560 785 2608 ut
801 2551 1049 2628 aquamfrigidam
1066 2550 1152 2625 febri,

160 2632 244 2692 aliter
260 2636 464 2710 repugnantia,
486 2644 517 2693 ut
531 2651 631 2692 verum
646 2634 740 2710 falso,
764 2635 847 2694 aliter
862 2635 1022 2713 disparata,
1041 2644 1071 2693 ut
1084 2634 1153 2693 dura

159 2734 216 2775 non
237 2716 329 2783 duris;
356 2717 425 2792 sed,
454 2718 520 2794 quid
541 2717 615 2776 haec
637 2717 827 2796 adpraesens
842 2720 1021 2796 propositum
1036 2734 1152 2794 magno·

159 2819 231 2879 pere
248 2803 423 2878 pertineant,
447 2818 504 2860 non
517 2802 646 2878 reperio.

117 2892 152 2948 32
243 2883 317 2943 lllud
337 2894 382 2943 est
403 2886 592 2944 annotandum
613 2886 721 2961 magis,
753 2894 919 2961 argumenta
941 2884 1006 2945 duci
1027 2902 1065 2943 ex
1091 2885 1153 2943 iure

159 2968 257 3027 simili:
286 2977 316 3027 ut
332 2967 437 3029 Cicero
461 2971 489 3028 in
510 2968 643 3046 Topicis,
675 2965 732 3043 lii,
758 2971 810 3029 cui
825 2970 931 3030 domus
947 2987 1021 3029 3333
1033 2969 1154 3047 semotus

158 3053 283 3112 relictam
298 3054 352 3127 sit,
374 3072 434 3114 333
449 3055 655 3113 restituturum
669 3053 829 3128 heredem,
850 3054 879 3113 si
894 3054 1063 3127 corruerit,
1081 3053 1153 3129 potio

148 3154 218 3197 mon
232 3138 371 3197 restituat
384 3155 523 3212 servum,
544 3139 572 3196 si
586 3137 615 3195 is
630 3138 797 3197 decesserit
802 3159 816 3205 ,·
836 3154 874 3195 ex
888 3138 1048 3195 contrario:
1072 3134 1154 3197 Nibil

158 3220 272 3292 obstat,
290 3235 348 3296 quo
358 3223 456 3281 minos
466 3223 576 3281 iustum
585 3222 806 3281 matrimonium
815 3222 856 3280 sit
866 3229 962 3281 mento
974 3221 1152 3295 coeuntium,

159 3304 277 3366 etiamsi
293 3303 416 3364 tabulae
429 3306 569 3382 sipootoc
582 3322 642 3364 333
656 3305 782 3382 fuerint.
825 3302 908 3365 Nilu'l
924 3306 1001 3365 entim
1015 3306 1154 3383 proderit

159 3389 300 3468 33933333
322 3387 459 3462 tubulas,
487 3390 516 3448 si
535 3396 662 3449 mentem
684 3390 867 3449 matrimonii
887 3408 948 3449 333
966 3389 1065 3468 fuisse
1081 3407 1152 3448 ooo-

119 3472 265 3544 3333333
283 3489 321 3530 ex
337 3469 482 3547 dissimili,
500 3471 586 3549 qualo
602 3480 647 3530 est
662 3469 812 3531 Ciceronis
827 3489 881 3550 pro
898 3470 1037 3533 Caecina:
1063 3469 1110 3547 Ut,
1124 3473 1153 3533 ri

1210 173 1212 215 l

1211 228 1212 257 ι
