<?xml version="1.0" encoding="UTF-8"?>
<!DOCTYPE html PUBLIC "-//W3C//DTD XHTML 1.0 Transitional//EN"
    "http://www.w3.org/TR/xhtml1/DTD/xhtml1-transitional.dtd">
<html xmlns="http://www.w3.org/1999/xhtml" xml:lang="en" lang="en">
 <head>
  <title>
</title>
<meta http-equiv="Content-Type" content="text/html;charset=utf-8" />
  <meta name='ocr-system' content='tesseract 3.04.00' />
  <meta name='ocr-capabilities' content='ocr_page ocr_carea ocr_par ocr_line ocrx_word'/>
</head>
<body>
  <div class='ocr_page' id='page_1' title='image "./mfabiiquintilia08bonngoog_0491.png"; bbox 0 0 2434 3925; ppageno 0'>
   <div class='ocr_carea' id='block_1_1' title="bbox 363 188 1093 263">
    <p class='ocr_par' dir='ltr' id='par_1_1' title="bbox 363 188 1093 263">
     <span class='ocr_line' id='line_1_1' title="bbox 363 188 1093 263; baseline 0.01 -22"><span class='ocrx_word' id='word_1_1' title='bbox 363 192 828 263; x_wconf 72' lang='lat' dir='ltr'><strong>lusr.osuuos.u113.t⁷111,6.</strong></span> <span class='ocrx_word' id='word_1_2' title='bbox 1054 188 1093 251; x_wconf 83' lang='lat'><strong>85</strong></span> 
     </span>
    </p>
   </div>
   <div class='ocr_carea' id='block_1_2' title="bbox 34 347 1138 3509">
    <p class='ocr_par' dir='ltr' id='par_1_2' title="bbox 34 347 1133 844">
     <span class='ocr_line' id='line_1_2' title="bbox 98 347 1095 434; baseline 0.01 -27"><span class='ocrx_word' id='word_1_3' title='bbox 98 347 176 426; x_wconf 86' lang='lat' dir='ltr'><strong>quod</strong></span> <span class='ocrx_word' id='word_1_4' title='bbox 194 349 287 407; x_wconf 84' lang='lat' dir='ltr'><strong>oratio</strong></span> <span class='ocrx_word' id='word_1_5' title='bbox 304 365 484 426; x_wconf 84' lang='lat' dir='ltr'><strong>nequequam</strong></span> <span class='ocrx_word' id='word_1_6' title='bbox 498 349 630 426; x_wconf 80' lang='lat' dir='ltr'><strong>recipiet.</strong></span> <span class='ocrx_word' id='word_1_7' title='bbox 667 349 707 409; x_wconf 78' lang='lat' dir='ltr'><strong>At</strong></span> <span class='ocrx_word' id='word_1_8' title='bbox 723 351 751 410; x_wconf 94' lang='lat' dir='ltr'><strong>id</strong></span> <span class='ocrx_word' id='word_1_9' title='bbox 766 351 880 429; x_wconf 84' lang='lat' dir='ltr'><strong>quidem</strong></span> <span class='ocrx_word' id='word_1_10' title='bbox 895 362 955 430; x_wconf 85' lang='lat' dir='ltr'><strong>est,</strong></span> <span class='ocrx_word' id='word_1_11' title='bbox 972 366 1095 434; x_wconf 90' lang='lat' dir='ltr'><strong>propter</strong></span> 
     </span>
     <span class='ocr_line' id='line_1_3' title="bbox 34 430 1093 511; baseline 0.01 -22"><span class='ocrx_word' id='word_1_12' title='bbox 34 440 38 445; x_wconf 83' lang='lat'>&#39;</span> <span class='ocrx_word' id='word_1_13' title='bbox 98 430 176 510; x_wconf 83' lang='lat' dir='ltr'><strong>quod</strong></span> <span class='ocrx_word' id='word_1_14' title='bbox 197 431 254 491; x_wconf 92' lang='lat' dir='ltr'><strong>dici</strong></span> <span class='ocrx_word' id='word_1_15' title='bbox 269 440 371 509; x_wconf 87' lang='lat' dir='ltr'><strong>tropus</strong></span> <span class='ocrx_word' id='word_1_16' title='bbox 393 434 502 510; x_wconf 79' lang='lat' dir='ltr'><strong>possit,</strong></span> <span class='ocrx_word' id='word_1_17' title='bbox 519 433 817 511; x_wconf 79' lang='lat' dir='ltr'><strong>quiscumpoueudus</strong></span> <span class='ocrx_word' id='word_1_18' title='bbox 833 445 878 495; x_wconf 84' lang='lat' dir='ltr'><strong>est</strong></span> <span class='ocrx_word' id='word_1_19' title='bbox 895 455 912 496; x_wconf 93' lang='lat' dir='ltr'><strong>e</strong></span> <span class='ocrx_word' id='word_1_20' title='bbox 927 438 1038 498; x_wconf 89' lang='lat' dir='ltr'><strong>duobus</strong></span> <span class='ocrx_word' id='word_1_21' title='bbox 1053 442 1093 500; x_wconf 91' lang='lat' dir='ltr'><strong>in·</strong></span> 
     </span>
     <span class='ocr_line' id='line_1_4' title="bbox 97 514 1133 593; baseline 0.008 -18"><span class='ocrx_word' id='word_1_22' title='bbox 97 515 246 575; x_wconf 89' lang='lat' dir='ltr'><strong>tellectus.</strong></span> <span class='ocrx_word' id='word_1_23' title='bbox 282 514 417 592; x_wconf 82' lang='lat' dir='ltr'><strong>Alioqui,</strong></span> <span class='ocrx_word' id='word_1_24' title='bbox 433 515 481 575; x_wconf 90' lang='lat' dir='ltr'><strong>uhi</strong></span> <span class='ocrx_word' id='word_1_25' title='bbox 495 515 564 574; x_wconf 85' lang='lat' dir='ltr'>nihil</span> <span class='ocrx_word' id='word_1_26' title='bbox 579 533 617 575; x_wconf 79' lang='lat' dir='ltr'><strong>ex</strong></span> <span class='ocrx_word' id='word_1_27' title='bbox 631 517 840 593; x_wconf 81' lang='lat' dir='ltr'><strong>significatione</strong></span> <span class='ocrx_word' id='word_1_28' title='bbox 854 530 989 581; x_wconf 84' lang='lat' dir='ltr'><strong>mutatum</strong></span> <span class='ocrx_word' id='word_1_29' title='bbox 1005 533 1050 582; x_wconf 90' lang='lat' dir='ltr'><strong>est</strong></span> <span class='ocrx_word' id='word_1_30' title='bbox 1067 532 1133 589; x_wconf 74' lang='lat' dir='ltr'><strong>etet</strong></span> 
     </span>
     <span class='ocr_line' id='line_1_5' title="bbox 97 598 1093 685; baseline 0.006 -24"><span class='ocrx_word' id='word_1_31' title='bbox 97 607 242 661; x_wconf 77' lang='lat' dir='ltr'>structura</span> <span class='ocrx_word' id='word_1_32' title='bbox 261 599 326 658; x_wconf 85' lang='lat' dir='ltr'><strong>sole</strong></span> <span class='ocrx_word' id='word_1_33' title='bbox 345 600 487 674; x_wconf 82' lang='lat' dir='ltr'><strong>varietur,</strong></span> <span class='ocrx_word' id='word_1_34' title='bbox 510 598 601 675; x_wconf 77' lang='lat' dir='ltr'><strong>figura</strong></span> <span class='ocrx_word' id='word_1_35' title='bbox 616 603 714 678; x_wconf 90' lang='lat' dir='ltr'><strong>potius</strong></span> <span class='ocrx_word' id='word_1_36' title='bbox 732 601 886 661; x_wconf 85' lang='lat' dir='ltr'><strong>verbumm</strong></span> <span class='ocrx_word' id='word_1_37' title='bbox 906 605 962 664; x_wconf 90' lang='lat' dir='ltr'><strong>dici</strong></span> <span class='ocrx_word' id='word_1_38' title='bbox 984 615 1093 685; x_wconf 79' lang='lat' dir='ltr'><strong>potest,</strong></span> 
     </span>
     <span class='ocr_line' id='line_1_6' title="bbox 98 681 1094 764; baseline 0.009 -23"><span class='ocrx_word' id='word_1_39' title='bbox 98 683 173 741; x_wconf 90' lang='lat' dir='ltr'><strong>sicut</strong></span> <span class='ocrx_word' id='word_1_40' title='bbox 195 681 276 741; x_wconf 88' lang='lat' dir='ltr'><strong>multi</strong></span> <span class='ocrx_word' id='word_1_41' title='bbox 300 684 506 742; x_wconf 83' lang='lat' dir='ltr'><strong>existimarunt.</strong></span> <span class='ocrx_word' id='word_1_42' title='bbox 542 681 650 759; x_wconf 84' lang='lat' dir='ltr'><strong>Longis</strong></span> <span class='ocrx_word' id='word_1_43' title='bbox 669 693 764 744; x_wconf 83' lang='lat' dir='ltr'><strong>autem</strong></span> <span class='ocrx_word' id='word_1_44' title='bbox 784 685 953 764; x_wconf 77' lang='lat' dir='ltr'><strong>hyperbatis</strong></span> <span class='ocrx_word' id='word_1_45' title='bbox 975 699 1006 750; x_wconf 86' lang='lat' dir='ltr'><strong>et</strong></span> <span class='ocrx_word' id='word_1_46' title='bbox 1026 709 1094 753; x_wconf 90' lang='lat' dir='ltr'><strong>con·</strong></span> 
     </span>
     <span class='ocr_line' id='line_1_7' title="bbox 97 766 811 844; baseline 0.003 -19"><span class='ocrx_word' id='word_1_47' title='bbox 97 766 170 825; x_wconf 81' lang='lat' dir='ltr'><strong>susis</strong></span> <span class='ocrx_word' id='word_1_48' title='bbox 189 782 262 844; x_wconf 83' lang='lat' dir='ltr'><strong>quae</strong></span> <span class='ocrx_word' id='word_1_49' title='bbox 278 768 346 828; x_wconf 83' lang='lat' dir='ltr'><strong>vitiu</strong></span> <span class='ocrx_word' id='word_1_50' title='bbox 361 766 511 842; x_wconf 81' lang='lat' dir='ltr'><strong>accidunt,</strong></span> <span class='ocrx_word' id='word_1_51' title='bbox 527 782 580 825; x_wconf 90' lang='lat' dir='ltr'><strong>suu</strong></span> <span class='ocrx_word' id='word_1_52' title='bbox 596 767 665 827; x_wconf 90' lang='lat' dir='ltr'><strong>loco</strong></span> <span class='ocrx_word' id='word_1_53' title='bbox 681 768 811 827; x_wconf 82' lang='lat' dir='ltr'><strong>diximus.</strong></span> 
     </span>
    </p>

    <p class='ocr_par' dir='ltr' id='par_1_3' title="bbox 97 847 1135 1184">
     <span class='ocr_line' id='line_1_8' title="bbox 180 847 1092 936; baseline 0.011 -28"><span class='ocrx_word' id='word_1_54' title='bbox 180 847 421 928; x_wconf 77' lang='lat' dir='ltr'><strong>Hyperboieu</strong></span> <span class='ocrx_word' id='word_1_55' title='bbox 445 850 607 910; x_wconf 82' lang='lat' dir='ltr'><strong>audacioris</strong></span> <span class='ocrx_word' id='word_1_56' title='bbox 631 860 747 911; x_wconf 86' lang='lat' dir='ltr'><strong>ornatus</strong></span> <span class='ocrx_word' id='word_1_57' title='bbox 776 870 885 913; x_wconf 88' lang='lat' dir='ltr'><strong>summo</strong></span> <span class='ocrx_word' id='word_1_58' title='bbox 911 853 979 914; x_wconf 89' lang='lat' dir='ltr'><strong>loco</strong></span> <span class='ocrx_word' id='word_1_59' title='bbox 999 861 1092 936; x_wconf 86' lang='lat' dir='ltr'><strong>posui.</strong></span> 
     </span>
     <span class='ocr_line' id='line_1_9' title="bbox 97 929 1094 1020; baseline 0.01 -29"><span class='ocrx_word' id='word_1_60' title='bbox 97 929 152 992; x_wconf 86' lang='lat' dir='ltr'><strong>Est</strong></span> <span class='ocrx_word' id='word_1_61' title='bbox 166 931 240 992; x_wconf 82' lang='lat' dir='ltr'><strong>haec</strong></span> <span class='ocrx_word' id='word_1_62' title='bbox 255 934 364 993; x_wconf 81' lang='lat' dir='ltr'><strong>decens</strong></span> <span class='ocrx_word' id='word_1_63' title='bbox 380 934 443 993; x_wconf 84' lang='lat' dir='ltr'><strong>veri</strong></span> <span class='ocrx_word' id='word_1_64' title='bbox 459 934 647 1011; x_wconf 90' lang='lat' dir='ltr'><strong>superiectio.</strong></span> <span class='ocrx_word' id='word_1_65' title='bbox 673 935 771 996; x_wconf 77' lang='lat' dir='ltr'><strong>Virtus</strong></span> <span class='ocrx_word' id='word_1_66' title='bbox 787 938 848 996; x_wconf 88' lang='lat' dir='ltr'><strong>eius</strong></span> <span class='ocrx_word' id='word_1_67' title='bbox 863 956 901 997; x_wconf 84' lang='lat' dir='ltr'><strong>ex</strong></span> <span class='ocrx_word' id='word_1_68' title='bbox 912 939 1027 1000; x_wconf 86' lang='lat' dir='ltr'><strong>diverso</strong></span> <span class='ocrx_word' id='word_1_69' title='bbox 1042 960 1094 1020; x_wconf 87' lang='lat' dir='ltr'><strong>per</strong></span> 
     </span>
     <span class='ocr_line' id='line_1_10' title="bbox 98 1015 1135 1103; baseline 0.01 -29"><span class='ocrx_word' id='word_1_70' title='bbox 98 1016 222 1092; x_wconf 72' lang='lat' dir='ltr'><strong>augendi</strong></span> <span class='ocrx_word' id='word_1_71' title='bbox 237 1026 324 1096; x_wconf 83' lang='lat' dir='ltr'><strong>utque</strong></span> <span class='ocrx_word' id='word_1_72' title='bbox 338 1017 490 1077; x_wconf 87' lang='lat' dir='ltr'><strong>minuendi.</strong></span> <span class='ocrx_word' id='word_1_73' title='bbox 525 1015 570 1077; x_wconf 85' lang='lat' dir='ltr'><strong>Fit</strong></span> <span class='ocrx_word' id='word_1_74' title='bbox 584 1018 714 1096; x_wconf 92' lang='lat' dir='ltr'><strong>pluribus</strong></span> <span class='ocrx_word' id='word_1_75' title='bbox 733 1020 834 1080; x_wconf 91' lang='lat' dir='ltr'><strong>modis.</strong></span> <span class='ocrx_word' id='word_1_76' title='bbox 869 1020 926 1080; x_wconf 84' lang='lat' dir='ltr'><strong>Aut</strong></span> <span class='ocrx_word' id='word_1_77' title='bbox 941 1025 1013 1083; x_wconf 88' lang='lat' dir='ltr'><strong>euim</strong></span> <span class='ocrx_word' id='word_1_78' title='bbox 1030 1025 1135 1103; x_wconf 72' lang='lat' dir='ltr'><strong>plures</strong></span> 
     </span>
     <span class='ocr_line' id='line_1_11' title="bbox 97 1098 1094 1184; baseline 0.012 -25"><span class='ocrx_word' id='word_1_79' title='bbox 97 1098 177 1162; x_wconf 84' lang='lat' dir='ltr'><strong>iectu</strong></span> <span class='ocrx_word' id='word_1_80' title='bbox 194 1100 328 1160; x_wconf 86' lang='lat' dir='ltr'><strong>dicimus:</strong></span> <span class='ocrx_word' id='word_1_81' title='bbox 351 1110 381 1160; x_wconf 93' lang='lat' dir='ltr'><strong>ut</strong></span> <span class='ocrx_word' id='word_1_82' title='bbox 400 1098 528 1162; x_wconf 77' lang='lat' dir='ltr'><strong>Vomano</strong></span> <span class='ocrx_word' id='word_1_83' title='bbox 541 1102 651 1179; x_wconf 80' lang='lat' dir='ltr'><strong>frustis</strong></span> <span class='ocrx_word' id='word_1_84' title='bbox 670 1105 830 1166; x_wconf 80' lang='lat' dir='ltr'><strong>esculentis</strong></span> <span class='ocrx_word' id='word_1_85' title='bbox 843 1108 992 1184; x_wconf 86' lang='lat' dir='ltr'><strong>yreminm</strong></span> <span class='ocrx_word' id='word_1_86' title='bbox 1007 1126 1094 1170; x_wconf 81' lang='lat' dir='ltr'><strong>cnam</strong></span> 
     </span>
    </p>

    <p class='ocr_par' dir='ltr' id='par_1_4' title="bbox 64 1185 1135 1679">
     <span class='ocr_line' id='line_1_12' title="bbox 96 1185 602 1264; baseline 0.002 -20"><span class='ocrx_word' id='word_1_87' title='bbox 96 1191 127 1244; x_wconf 87' lang='lat' dir='ltr'><strong>et</strong></span> <span class='ocrx_word' id='word_1_88' title='bbox 143 1191 237 1245; x_wconf 83' lang='lat' dir='ltr'><strong>tatum</strong></span> <span class='ocrx_word' id='word_1_89' title='bbox 253 1185 389 1247; x_wconf 79' lang='lat' dir='ltr'><strong>tribunal</strong></span> <span class='ocrx_word' id='word_1_90' title='bbox 400 1186 551 1264; x_wconf 63' lang='lat' dir='ltr'><strong>impleam</strong></span> <span class='ocrx_word' id='word_1_91' title='bbox 572 1195 602 1245; x_wconf 89' lang='lat' dir='ltr'><strong>et</strong></span> 
     </span>
     <span class='ocr_line' id='line_1_13' title="bbox 64 1268 1038 1353; baseline 0.011 -28"><span class='ocrx_word' id='word_1_92' title='bbox 64 1293 66 1296; x_wconf 55' lang='grc'>’</span> <span class='ocrx_word' id='word_1_93' title='bbox 226 1301 263 1311; x_wconf 96' lang='grc'>-</span> <span class='ocrx_word' id='word_1_94' title='bbox 279 1268 454 1346; x_wconf 77' lang='lat' dir='ltr'><strong>Geminique</strong></span> <span class='ocrx_word' id='word_1_95' title='bbox 475 1270 631 1331; x_wconf 73' lang='lat' dir='ltr'><strong>minamm·</strong></span> <span class='ocrx_word' id='word_1_96' title='bbox 651 1269 689 1331; x_wconf 84' lang='lat' dir='ltr'><strong>dn</strong></span> <span class='ocrx_word' id='word_1_97' title='bbox 705 1271 970 1353; x_wconf 78' lang='lat' dir='ltr'><strong>coelnmtcopaii;</strong></span> <span class='ocrx_word' id='word_1_98' title='bbox 1034 1295 1038 1302; x_wconf 90' lang='lat'><em>·</em></span> 
     </span>
     <span class='ocr_line' id='line_1_14' title="bbox 97 1352 703 1434; baseline 0 -20"><span class='ocrx_word' id='word_1_99' title='bbox 97 1359 210 1414; x_wconf 84' lang='lat' dir='ltr'><strong>autres</strong></span> <span class='ocrx_word' id='word_1_100' title='bbox 225 1368 280 1434; x_wconf 89' lang='lat' dir='ltr'><strong>per</strong></span> <span class='ocrx_word' id='word_1_101' title='bbox 300 1352 511 1412; x_wconf 89' lang='lat' dir='ltr'><strong>similitudinem</strong></span> <span class='ocrx_word' id='word_1_102' title='bbox 531 1354 703 1415; x_wconf 82' lang='lat' dir='ltr'><strong>attollimus:</strong></span> 
     </span>
     <span class='ocr_line' id='line_1_15' title="bbox 261 1433 909 1520; baseline 0.009 -23"><span class='ocrx_word' id='word_1_103' title='bbox 261 1472 304 1483; x_wconf 91' lang='lat'><strong>—-</strong></span> <span class='ocrx_word' id='word_1_104' title='bbox 320 1433 441 1500; x_wconf 77' lang='lat' dir='ltr'><strong>Credas</strong></span> <span class='ocrx_word' id='word_1_105' title='bbox 453 1438 565 1498; x_wconf 85' lang='lat' dir='ltr'><strong>innare</strong></span> <span class='ocrx_word' id='word_1_106' title='bbox 577 1438 720 1501; x_wconf 80' lang='lat' dir='ltr'><strong>recuieac</strong></span> <span class='ocrx_word' id='word_1_107' title='bbox 734 1436 909 1520; x_wconf 70' lang='lat' dir='ltr'><strong>Cycludace</strong></span> 
     </span>
     <span class='ocr_line' id='line_1_16' title="bbox 97 1523 1135 1601; baseline -0.001 -20"><span class='ocrx_word' id='word_1_108' title='bbox 97 1529 147 1581; x_wconf 86' lang='lat' dir='ltr'><strong>eut</strong></span> <span class='ocrx_word' id='word_1_109' title='bbox 162 1523 490 1601; x_wconf 84' lang='lat' dir='ltr'><strong>percomperutionem,</strong></span> <span class='ocrx_word' id='word_1_110' title='bbox 507 1529 538 1580; x_wconf 89' lang='lat' dir='ltr'><strong>ut</strong></span> <span class='ocrx_word' id='word_1_111' title='bbox 1101 1537 1135 1590; x_wconf 84' lang='lat'><strong>69</strong></span> 
     </span>
     <span class='ocr_line' id='line_1_17' title="bbox 386 1604 796 1679; baseline 0.005 -13"><span class='ocrx_word' id='word_1_112' title='bbox 386 1640 429 1653; x_wconf 89' lang='lat'><strong>—</strong></span> <span class='ocrx_word' id='word_1_113' title='bbox 446 1604 593 1667; x_wconf 78' lang='lat' dir='ltr'><strong>Fuiminis</strong></span> <span class='ocrx_word' id='word_1_114' title='bbox 612 1607 696 1668; x_wconf 88' lang='lat' dir='ltr'><strong>ocior</strong></span> <span class='ocrx_word' id='word_1_115' title='bbox 717 1607 796 1679; x_wconf 60' lang='lat' dir='ltr'><strong>clia·</strong></span> 
     </span>
    </p>

    <p class='ocr_par' dir='ltr' id='par_1_5' title="bbox 98 1689 543 1768">
     <span class='ocr_line' id='line_1_18' title="bbox 98 1689 543 1768; baseline 0.002 -20"><span class='ocrx_word' id='word_1_116' title='bbox 98 1697 147 1749; x_wconf 87' lang='lat' dir='ltr'><strong>eut</strong></span> <span class='ocrx_word' id='word_1_117' title='bbox 161 1689 250 1766; x_wconf 77' lang='lat' dir='ltr'><strong>siguis</strong></span> <span class='ocrx_word' id='word_1_118' title='bbox 263 1691 344 1768; x_wconf 84' lang='lat' dir='ltr'><strong>qussi</strong></span> <span class='ocrx_word' id='word_1_119' title='bbox 359 1689 543 1768; x_wconf 84' lang='lat' dir='ltr'><strong>quibusdum:</strong></span> 
     </span>
    </p>

    <p class='ocr_par' dir='ltr' id='par_1_6' title="bbox 182 1772 932 1854">
     <span class='ocr_line' id='line_1_19' title="bbox 182 1772 932 1854; baseline 0.003 -21"><span class='ocrx_word' id='word_1_120' title='bbox 182 1772 243 1835; x_wconf 81' lang='lat' dir='ltr'><strong>dila</strong></span> <span class='ocrx_word' id='word_1_121' title='bbox 259 1774 309 1834; x_wconf 83' lang='lat' dir='ltr'><strong>eei</strong></span> <span class='ocrx_word' id='word_1_122' title='bbox 328 1776 463 1835; x_wconf 86' lang='lat' dir='ltr'><strong>intactae</strong></span> <span class='ocrx_word' id='word_1_123' title='bbox 479 1775 589 1852; x_wconf 83' lang='lat' dir='ltr'><strong>seyetis</strong></span> <span class='ocrx_word' id='word_1_124' title='bbox 606 1792 666 1854; x_wconf 85' lang='lat' dir='ltr'><strong>per</strong></span> <span class='ocrx_word' id='word_1_125' title='bbox 685 1792 802 1836; x_wconf 74' lang='lat' dir='ltr'><strong>nummu</strong></span> <span class='ocrx_word' id='word_1_126' title='bbox 815 1775 932 1837; x_wconf 80' lang='lat' dir='ltr'><strong>coloret</strong></span> 
     </span>
    </p>

    <p class='ocr_par' dir='ltr' id='par_1_7' title="bbox 96 1857 1138 3441">
     <span class='ocr_line' id='line_1_20' title="bbox 182 1857 943 1927; baseline 0.001 -10"><span class='ocrx_word' id='word_1_127' title='bbox 182 1857 329 1919; x_wconf 85' lang='lat' dir='ltr'><strong>Gramina</strong></span> <span class='ocrx_word' id='word_1_128' title='bbox 343 1877 400 1919; x_wconf 90' lang='lat' dir='ltr'><strong>nec</strong></span> <span class='ocrx_word' id='word_1_129' title='bbox 415 1865 537 1920; x_wconf 78' lang='lat' dir='ltr'><strong>tenerae</strong></span> <span class='ocrx_word' id='word_1_130' title='bbox 553 1877 648 1919; x_wconf 78' lang='lat' dir='ltr'><strong>carra</strong></span> <span class='ocrx_word' id='word_1_131' title='bbox 661 1858 800 1920; x_wconf 75' lang='lat' dir='ltr'><strong>laesisset</strong></span> <span class='ocrx_word' id='word_1_132' title='bbox 809 1860 943 1927; x_wconf 77' lang='lat' dir='ltr'><strong>aristae,-</strong></span> 
     </span>
     <span class='ocr_line' id='line_1_21' title="bbox 96 1939 1136 2020; baseline -0.004 -17"><span class='ocrx_word' id='word_1_133' title='bbox 96 1940 146 2003; x_wconf 83' lang='lat' dir='ltr'><strong>rel</strong></span> <span class='ocrx_word' id='word_1_134' title='bbox 160 1940 362 2017; x_wconf 81' lang='lat' dir='ltr'><strong>translatione,</strong></span> <span class='ocrx_word' id='word_1_135' title='bbox 378 1951 409 2001; x_wconf 91' lang='lat' dir='ltr'><strong>ut</strong></span> <span class='ocrx_word' id='word_1_136' title='bbox 422 1942 514 2020; x_wconf 91' lang='lat' dir='ltr'><strong>ipsum</strong></span> <span class='ocrx_word' id='word_1_137' title='bbox 531 1940 600 2001; x_wconf 90' lang='lat' dir='ltr'><strong>illud</strong></span> <span class='ocrx_word' id='word_1_138' title='bbox 615 1943 740 2004; x_wconf 79' lang='lat' dir='ltr'><strong>volaret.</strong></span> <span class='ocrx_word' id='word_1_139' title='bbox 785 1939 897 2002; x_wconf 78' lang='lat' dir='ltr'><strong>Crescit</strong></span> <span class='ocrx_word' id='word_1_140' title='bbox 916 1940 1027 2000; x_wconf 90' lang='lat' dir='ltr'><strong>iuterim</strong></span> <span class='ocrx_word' id='word_1_141' title='bbox 1041 1939 1091 2015; x_wconf 78' lang='lat' dir='ltr'><strong>hy·</strong></span> <span class='ocrx_word' id='word_1_142' title='bbox 1102 1951 1136 2008; x_wconf 66' lang='grc' dir='ltr'><strong>πο</strong></span> 
     </span>
     <span class='ocr_line' id='line_1_22' title="bbox 97 2023 1091 2105; baseline -0.003 -19"><span class='ocrx_word' id='word_1_143' title='bbox 97 2025 222 2105; x_wconf 90' lang='lat' dir='ltr'><strong>perbole</strong></span> <span class='ocrx_word' id='word_1_144' title='bbox 247 2026 302 2086; x_wconf 86' lang='lat' dir='ltr'><strong>elie</strong></span> <span class='ocrx_word' id='word_1_145' title='bbox 323 2028 442 2103; x_wconf 88' lang='lat' dir='ltr'><strong>insuper</strong></span> <span class='ocrx_word' id='word_1_146' title='bbox 464 2026 575 2100; x_wconf 82' lang='lat' dir='ltr'><strong>addite,</strong></span> <span class='ocrx_word' id='word_1_147' title='bbox 605 2024 760 2086; x_wconf 65' lang='lat' dir='ltr'><strong>ut&#39;Cicero</strong></span> <span class='ocrx_word' id='word_1_148' title='bbox 787 2027 816 2084; x_wconf 93' lang='lat' dir='ltr'><strong>iu</strong></span> <span class='ocrx_word' id='word_1_149' title='bbox 830 2025 984 2084; x_wconf 78' lang='lat' dir='ltr'><strong>Antonium</strong></span> <span class='ocrx_word' id='word_1_150' title='bbox 1008 2023 1091 2083; x_wconf 88' lang='lat' dir='ltr'><strong>dicit:</strong></span> 
     </span>
     <span class='ocr_line' id='line_1_23' title="bbox 99 2107 1095 2190; baseline -0.002 -20"><span class='ocrx_word' id='word_1_151' title='bbox 99 2107 189 2183; x_wconf 82' lang='lat' dir='ltr'><strong>Quae</strong></span> <span class='ocrx_word' id='word_1_152' title='bbox 210 2107 383 2190; x_wconf 72' lang='lat' dir='ltr'><strong>Charybdis</strong></span> <span class='ocrx_word' id='word_1_153' title='bbox 405 2117 467 2171; x_wconf 82' lang='lat' dir='ltr'><strong>uam</strong></span> <span class='ocrx_word' id='word_1_154' title='bbox 485 2111 606 2170; x_wconf 73' lang='lat' dir='ltr'><strong>coraci</strong></span> <span class='ocrx_word' id='word_1_155' title='bbox 647 2107 823 2189; x_wconf 71' lang='lat' dir='ltr'><strong>Charybdin</strong></span> <span class='ocrx_word' id='word_1_156' title='bbox 849 2110 941 2172; x_wconf 69' lang='lat' dir='ltr'><strong>dico?</strong></span> <span class='ocrx_word' id='word_1_157' title='bbox 968 2109 1095 2186; x_wconf 75' lang='lat' dir='ltr'><strong>quaeri</strong></span> 
     </span>
     <span class='ocr_line' id='line_1_24' title="bbox 96 2189 1094 2273; baseline -0.002 -19"><span class='ocrx_word' id='word_1_158' title='bbox 96 2194 174 2273; x_wconf 72' lang='lat' dir='ltr'><strong>fruit,</strong></span> <span class='ocrx_word' id='word_1_159' title='bbox 189 2194 248 2272; x_wconf 82' lang='lat' dir='ltr'><strong>fnit</strong></span> <span class='ocrx_word' id='word_1_160' title='bbox 261 2194 377 2256; x_wconf 66' lang='lat' dir='ltr'><strong>animm</strong></span> <span class='ocrx_word' id='word_1_161' title='bbox 389 2211 501 2254; x_wconf 80' lang='lat' dir='ltr'><strong>artam:</strong></span> <span class='ocrx_word' id='word_1_162' title='bbox 525 2189 684 2269; x_wconf 71' lang='lat' dir='ltr'><strong>Oceanus,</strong></span> <span class='ocrx_word' id='word_1_163' title='bbox 706 2192 824 2253; x_wconf 80' lang='lat' dir='ltr'><strong>medias</strong></span> <span class='ocrx_word' id='word_1_164' title='bbox 842 2192 952 2271; x_wconf 76' lang='lat' dir='ltr'><strong>fidiae,</strong></span> <span class='ocrx_word' id='word_1_165' title='bbox 974 2192 1029 2252; x_wconf 81' lang='lat' dir='ltr'><strong>cic</strong></span> <span class='ocrx_word' id='word_1_166' title='bbox 1047 2193 1094 2251; x_wconf 88' lang='lat' dir='ltr'><strong>ci-</strong></span> 
     </span>
     <span class='ocr_line' id='line_1_25' title="bbox 99 2275 1123 2355; baseline -0.002 -17"><span class='ocrx_word' id='word_1_167' title='bbox 99 2279 325 2353; x_wconf 73' lang='lat' dir='ltr'><strong>detortam,</strong></span> <span class='ocrx_word' id='word_1_168' title='bbox 347 2286 408 2338; x_wconf 87' lang='lat' dir='ltr'><strong>tam</strong></span> <span class='ocrx_word' id='word_1_169' title='bbox 424 2277 606 2355; x_wconf 76' lang='lat' dir='ltr'><strong>dissipatae,</strong></span> <span class='ocrx_word' id='word_1_170' title='bbox 628 2284 690 2337; x_wconf 87' lang='lat' dir='ltr'><strong>tam</strong></span> <span class='ocrx_word' id='word_1_171' title='bbox 707 2277 889 2338; x_wconf 78' lang='lat' dir='ltr'><strong>distantibus</strong></span> <span class='ocrx_word' id='word_1_172' title='bbox 902 2278 934 2336; x_wconf 91' lang='lat' dir='ltr'><strong>in</strong></span> <span class='ocrx_word' id='word_1_173' title='bbox 948 2275 1023 2336; x_wconf 73' lang='lat' dir='ltr'><strong>iocis</strong></span> <span class='ocrx_word' id='word_1_174' title='bbox 1036 2293 1093 2353; x_wconf 71' lang='lat' dir='ltr'><strong>pa</strong></span> <span class='ocrx_word' id='word_1_175' title='bbox 1121 2318 1123 2321; x_wconf 29' lang='grc' dir='ltr'>ψ</span> 
     </span>
     <span class='ocr_line' id='line_1_26' title="bbox 97 2358 1133 2439; baseline -0.001 -17"><span class='ocrx_word' id='word_1_176' title='bbox 97 2362 191 2436; x_wconf 79' lang='lat' dir='ltr'><strong>ritae,</strong></span> <span class='ocrx_word' id='word_1_177' title='bbox 206 2369 268 2422; x_wconf 85' lang='lat' dir='ltr'><strong>tam</strong></span> <span class='ocrx_word' id='word_1_178' title='bbox 279 2363 336 2423; x_wconf 89' lang='lat' dir='ltr'><strong>cito</strong></span> <span class='ocrx_word' id='word_1_179' title='bbox 350 2361 516 2422; x_wconf 79' lang='lat' dir='ltr'><strong>absorbere</strong></span> <span class='ocrx_word' id='word_1_180' title='bbox 526 2360 672 2437; x_wconf 79' lang='lat' dir='ltr'><strong>potuisse.</strong></span> <span class='ocrx_word' id='word_1_181' title='bbox 696 2358 874 2439; x_wconf 80' lang='lat' dir='ltr'><strong>Exquisitem</strong></span> <span class='ocrx_word' id='word_1_182' title='bbox 888 2376 959 2419; x_wconf 87' lang='lat' dir='ltr'><strong>vero</strong></span> <span class='ocrx_word' id='word_1_183' title='bbox 976 2359 1095 2436; x_wconf 83' lang='lat' dir='ltr'><strong>figuram</strong></span> <span class='ocrx_word' id='word_1_184' title='bbox 1101 2366 1133 2421; x_wconf 84' lang='grc'><strong>71</strong></span> 
     </span>
     <span class='ocr_line' id='line_1_27' title="bbox 99 2442 1138 2525; baseline -0.003 -21"><span class='ocrx_word' id='word_1_185' title='bbox 99 2444 182 2504; x_wconf 89' lang='lat' dir='ltr'><strong>huius</strong></span> <span class='ocrx_word' id='word_1_186' title='bbox 197 2445 240 2502; x_wconf 93' lang='lat' dir='ltr'><strong>rei</strong></span> <span class='ocrx_word' id='word_1_187' title='bbox 255 2442 481 2522; x_wconf 81' lang='lat' dir='ltr'><strong>deprehendisse</strong></span> <span class='ocrx_word' id='word_1_188' title='bbox 498 2443 572 2522; x_wconf 85' lang='lat' dir='ltr'><strong>apud</strong></span> <span class='ocrx_word' id='word_1_189' title='bbox 587 2444 746 2525; x_wconf 86' lang='lat' dir='ltr'><strong>principem</strong></span> <span class='ocrx_word' id='word_1_190' title='bbox 763 2442 929 2518; x_wconf 75' lang='lat' dir='ltr'><strong>Lyricorum</strong></span> <span class='ocrx_word' id='word_1_191' title='bbox 944 2442 1093 2503; x_wconf 82' lang='lat' dir='ltr'><strong>Pindarum</strong></span> <span class='ocrx_word' id='word_1_192' title='bbox 1132 2443 1138 2460; x_wconf 89' lang='lat'><em>&#39;</em></span> 
     </span>
     <span class='ocr_line' id='line_1_28' title="bbox 98 2520 1093 2607; baseline -0.004 -20"><span class='ocrx_word' id='word_1_193' title='bbox 98 2526 202 2587; x_wconf 81' lang='lat' dir='ltr'><strong>videor</strong></span> <span class='ocrx_word' id='word_1_194' title='bbox 217 2528 245 2586; x_wconf 90' lang='lat' dir='ltr'><strong>iu</strong></span> <span class='ocrx_word' id='word_1_195' title='bbox 262 2527 352 2602; x_wconf 85' lang='lat' dir='ltr'><strong>libro,</strong></span> <span class='ocrx_word' id='word_1_196' title='bbox 369 2545 453 2605; x_wconf 86' lang='lat' dir='ltr'><strong>quem</strong></span> <span class='ocrx_word' id='word_1_197' title='bbox 469 2527 616 2605; x_wconf 85' lang='lat' dir='ltr'><strong>inscripsit</strong></span> <span class='ocrx_word' id='word_1_198' title='bbox 629 2520 747 2603; x_wconf 75' lang='grc' dir='ltr'><strong><em>ὕμνους.</em></strong></span> <span class='ocrx_word' id='word_1_199' title='bbox 780 2527 807 2586; x_wconf 90' lang='lat' dir='ltr'><strong>ls</strong></span> <span class='ocrx_word' id='word_1_200' title='bbox 822 2546 944 2607; x_wconf 84' lang='lat' dir='ltr'><strong>numque</strong></span> <span class='ocrx_word' id='word_1_201' title='bbox 959 2525 1093 2585; x_wconf 87' lang='lat' dir='ltr'><strong>Herculis</strong></span> 
     </span>
     <span class='ocr_line' id='line_1_29' title="bbox 99 2607 1093 2689; baseline -0.003 -20"><span class='ocrx_word' id='word_1_202' title='bbox 99 2611 235 2688; x_wconf 86' lang='lat' dir='ltr'><strong>impetum</strong></span> <span class='ocrx_word' id='word_1_203' title='bbox 251 2610 389 2671; x_wconf 81' lang='lat' dir='ltr'><strong>adversus</strong></span> <span class='ocrx_word' id='word_1_204' title='bbox 404 2610 557 2689; x_wconf 86' lang='lat' dir='ltr'><strong>Meropus,</strong></span> <span class='ocrx_word' id='word_1_205' title='bbox 584 2611 632 2689; x_wconf 90' lang='lat' dir='ltr'><strong>qui</strong></span> <span class='ocrx_word' id='word_1_206' title='bbox 653 2610 789 2670; x_wconf 84' lang='lat' dir='ltr'><strong>ininsula</strong></span> <span class='ocrx_word' id='word_1_207' title='bbox 807 2608 869 2671; x_wconf 83' lang='lat' dir='ltr'><strong>Coo</strong></span> <span class='ocrx_word' id='word_1_208' title='bbox 894 2612 1025 2670; x_wconf 91' lang='lat' dir='ltr'><strong>dicuntur</strong></span> <span class='ocrx_word' id='word_1_209' title='bbox 1043 2607 1093 2666; x_wconf 87' lang='lat' dir='ltr'><strong>he-</strong></span> 
     </span>
     <span class='ocr_line' id='line_1_30' title="bbox 99 2692 1093 2771; baseline -0.005 -18"><span class='ocrx_word' id='word_1_210' title='bbox 99 2692 224 2769; x_wconf 75' lang='lat' dir='ltr'><strong>ditasse,</strong></span> <span class='ocrx_word' id='word_1_211' title='bbox 247 2710 304 2753; x_wconf 87' lang='lat' dir='ltr'><strong>uon</strong></span> <span class='ocrx_word' id='word_1_212' title='bbox 322 2696 380 2771; x_wconf 86' lang='lat' dir='ltr'><strong>igni</strong></span> <span class='ocrx_word' id='word_1_213' title='bbox 395 2696 557 2754; x_wconf 75' lang='lat' dir='ltr'><strong>nectentis</strong></span> <span class='ocrx_word' id='word_1_214' title='bbox 575 2712 630 2753; x_wconf 89' lang='lat' dir='ltr'><strong>nec</strong></span> <span class='ocrx_word' id='word_1_215' title='bbox 644 2696 715 2754; x_wconf 85' lang='lat' dir='ltr'><strong>meri</strong></span> <span class='ocrx_word' id='word_1_216' title='bbox 735 2693 788 2753; x_wconf 89' lang='lat' dir='ltr'><strong>sed</strong></span> <span class='ocrx_word' id='word_1_217' title='bbox 807 2695 915 2755; x_wconf 79' lang='lat' dir='ltr'><strong>fulmini</strong></span> <span class='ocrx_word' id='word_1_218' title='bbox 933 2693 1000 2752; x_wconf 89' lang='lat' dir='ltr'><strong>dicit</strong></span> <span class='ocrx_word' id='word_1_219' title='bbox 1018 2692 1093 2749; x_wconf 90' lang='lat' dir='ltr'><strong>simi-</strong></span> 
     </span>
     <span class='ocr_line' id='line_1_31' title="bbox 101 2775 1135 2856; baseline 0.001 -21"><span class='ocrx_word' id='word_1_220' title='bbox 101 2776 158 2835; x_wconf 88' lang='lat' dir='ltr'><strong>lem</strong></span> <span class='ocrx_word' id='word_1_221' title='bbox 172 2778 279 2850; x_wconf 78' lang='lat' dir='ltr'><strong>iuisse,</strong></span> <span class='ocrx_word' id='word_1_222' title='bbox 301 2787 333 2837; x_wconf 90' lang='lat' dir='ltr'><strong>ut</strong></span> <span class='ocrx_word' id='word_1_223' title='bbox 359 2778 409 2838; x_wconf 85' lang='lat' dir='ltr'><strong>ille</strong></span> <span class='ocrx_word' id='word_1_224' title='bbox 430 2779 555 2854; x_wconf 84' lang='lat' dir='ltr'><strong>minora,</strong></span> <span class='ocrx_word' id='word_1_225' title='bbox 580 2778 639 2837; x_wconf 89' lang='lat' dir='ltr'><strong>hoc</strong></span> <span class='ocrx_word' id='word_1_226' title='bbox 664 2795 717 2856; x_wconf 85' lang='lat' dir='ltr'><strong>per</strong></span> <span class='ocrx_word' id='word_1_227' title='bbox 738 2787 826 2837; x_wconf 90' lang='lat' dir='ltr'><strong>esset.</strong></span> <span class='ocrx_word' id='word_1_228' title='bbox 869 2775 953 2850; x_wconf 80' lang='lat' dir='ltr'><strong>Quod</strong></span> <span class='ocrx_word' id='word_1_229' title='bbox 970 2775 1135 2836; x_wconf 68' lang='lat' dir='ltr'><strong>imitatusti</strong></span> 
     </span>
     <span class='ocr_line' id='line_1_32' title="bbox 101 2856 1093 2939; baseline -0.001 -19"><span class='ocrx_word' id='word_1_230' title='bbox 101 2856 222 2920; x_wconf 79' lang='lat' dir='ltr'><strong>Cicero:</strong></span> <span class='ocrx_word' id='word_1_231' title='bbox 249 2860 298 2922; x_wconf 84' lang='lat' dir='ltr'><strong>illa</strong></span> <span class='ocrx_word' id='word_1_232' title='bbox 327 2864 488 2939; x_wconf 84' lang='lat' dir='ltr'><strong>composuit</strong></span> <span class='ocrx_word' id='word_1_233' title='bbox 510 2863 538 2920; x_wconf 89' lang='lat' dir='ltr'><strong>iu</strong></span> <span class='ocrx_word' id='word_1_234' title='bbox 557 2861 681 2921; x_wconf 85' lang='lat' dir='ltr'><strong>Verrem</strong></span> <span class='ocrx_word' id='word_1_235' title='bbox 708 2860 897 2923; x_wconf 78' lang='lat' dir='ltr'><strong>Versabatur</strong></span> <span class='ocrx_word' id='word_1_236' title='bbox 920 2861 954 2919; x_wconf 89' lang='lat' dir='ltr'><strong>in</strong></span> <span class='ocrx_word' id='word_1_237' title='bbox 984 2856 1093 2920; x_wconf 83' lang='lat' dir='ltr'><strong>Sicilia</strong></span> 
     </span>
     <span class='ocr_line' id='line_1_33' title="bbox 99 2942 1094 3024; baseline -0.003 -18"><span class='ocrx_word' id='word_1_238' title='bbox 99 2945 187 3023; x_wconf 82' lang='lat' dir='ltr'><strong>ionyo</strong></span> <span class='ocrx_word' id='word_1_239' title='bbox 199 2945 359 3007; x_wconf 80' lang='lat' dir='ltr'><strong>intervallo</strong></span> <span class='ocrx_word' id='word_1_240' title='bbox 372 2963 432 3005; x_wconf 88' lang='lat' dir='ltr'><strong>non</strong></span> <span class='ocrx_word' id='word_1_241' title='bbox 440 2944 605 3024; x_wconf 82' lang='lat' dir='ltr'><strong>Dionysiae</strong></span> <span class='ocrx_word' id='word_1_242' title='bbox 617 2946 669 3007; x_wconf 84' lang='lat' dir='ltr'><strong>iiie</strong></span> <span class='ocrx_word' id='word_1_243' title='bbox 678 2962 735 3006; x_wconf 85' lang='lat' dir='ltr'><strong>nec</strong></span> <span class='ocrx_word' id='word_1_244' title='bbox 748 2943 905 3017; x_wconf 73' lang='lat' dir='ltr'><strong>Phalaris,</strong></span> <span class='ocrx_word' id='word_1_245' title='bbox 921 2942 1002 3021; x_wconf 84' lang='lat' dir='ltr'><strong>(tabit</strong></span> <span class='ocrx_word' id='word_1_246' title='bbox 1016 2942 1094 3003; x_wconf 88' lang='lat' dir='ltr'><strong>enim</strong></span> 
     </span>
     <span class='ocr_line' id='line_1_34' title="bbox 98 3027 1093 3106; baseline -0.003 -17"><span class='ocrx_word' id='word_1_247' title='bbox 98 3029 154 3090; x_wconf 83' lang='lat' dir='ltr'><strong>iiia</strong></span> <span class='ocrx_word' id='word_1_248' title='bbox 169 3029 321 3105; x_wconf 80' lang='lat' dir='ltr'><strong>qnondam</strong></span> <span class='ocrx_word' id='word_1_249' title='bbox 330 3030 431 3090; x_wconf 80' lang='lat' dir='ltr'><strong>insula</strong></span> <span class='ocrx_word' id='word_1_250' title='bbox 442 3029 550 3090; x_wconf 80' lang='lat' dir='ltr'><strong>multoe</strong></span> <span class='ocrx_word' id='word_1_251' title='bbox 560 3038 589 3090; x_wconf 86' lang='lat' dir='ltr'><strong>et</strong></span> <span class='ocrx_word' id='word_1_252' title='bbox 600 3029 743 3090; x_wconf 75' lang='lat' dir='ltr'><strong>crudeles</strong></span> <span class='ocrx_word' id='word_1_253' title='bbox 753 3027 912 3106; x_wconf 81' lang='lat' dir='ltr'><strong>tyrannos)</strong></span> <span class='ocrx_word' id='word_1_254' title='bbox 927 3027 984 3088; x_wconf 85' lang='lat' dir='ltr'><strong>sed</strong></span> <span class='ocrx_word' id='word_1_255' title='bbox 997 3027 1093 3104; x_wconf 82' lang='lat' dir='ltr'><strong>qnod-</strong></span> 
     </span>
     <span class='ocr_line' id='line_1_35' title="bbox 101 3111 1094 3187; baseline 0.001 -15"><span class='ocrx_word' id='word_1_256' title='bbox 101 3112 173 3172; x_wconf 86' lang='lat' dir='ltr'><strong>dum</strong></span> <span class='ocrx_word' id='word_1_257' title='bbox 188 3130 297 3173; x_wconf 84' lang='lat' dir='ltr'><strong>nocam</strong></span> <span class='ocrx_word' id='word_1_258' title='bbox 310 3122 473 3174; x_wconf 68' lang='lat' dir='ltr'><strong>moranum</strong></span> <span class='ocrx_word' id='word_1_259' title='bbox 488 3130 528 3172; x_wconf 77' lang='lat' dir='ltr'><strong>ec</strong></span> <span class='ocrx_word' id='word_1_260' title='bbox 541 3121 643 3175; x_wconf 85' lang='lat' dir='ltr'><strong>cetere</strong></span> <span class='ocrx_word' id='word_1_261' title='bbox 660 3111 717 3173; x_wconf 86' lang='lat' dir='ltr'><strong>iiia</strong></span> <span class='ocrx_word' id='word_1_262' title='bbox 736 3112 937 3187; x_wconf 84' lang='lat' dir='ltr'><strong>immanitate,</strong></span> <span class='ocrx_word' id='word_1_263' title='bbox 962 3126 1041 3187; x_wconf 82' lang='lat' dir='ltr'><strong>qnae</strong></span> <span class='ocrx_word' id='word_1_264' title='bbox 1061 3111 1094 3173; x_wconf 86' lang='lat' dir='ltr'><strong>in</strong></span> 
     </span>
     <span class='ocr_line' id='line_1_36' title="bbox 100 3192 1094 3274; baseline -0.003 -19"><span class='ocrx_word' id='word_1_265' title='bbox 100 3195 208 3256; x_wconf 77' lang='lat' dir='ltr'><strong>iisdem</strong></span> <span class='ocrx_word' id='word_1_266' title='bbox 232 3204 358 3258; x_wconf 69' lang='lat' dir='ltr'><strong>carata</strong></span> <span class='ocrx_word' id='word_1_267' title='bbox 378 3197 452 3257; x_wconf 81' lang='lat' dir='ltr'><strong>tocie</strong></span> <span class='ocrx_word' id='word_1_268' title='bbox 474 3197 599 3258; x_wconf 82' lang='lat' dir='ltr'><strong>dicitur.</strong></span> <span class='ocrx_word' id='word_1_269' title='bbox 640 3193 708 3257; x_wconf 89' lang='lat' dir='ltr'><strong>Non</strong></span> <span class='ocrx_word' id='word_1_270' title='bbox 726 3196 806 3257; x_wconf 86' lang='lat' dir='ltr'><strong>enirn</strong></span> <span class='ocrx_word' id='word_1_271' title='bbox 832 3192 1009 3274; x_wconf 75' lang='lat' dir='ltr'><strong>Charybdin</strong></span> <span class='ocrx_word' id='word_1_272' title='bbox 1033 3202 1094 3253; x_wconf 84' lang='lat' dir='ltr'><strong>tam</strong></span> 
     </span>
     <span class='ocr_line' id='line_1_37' title="bbox 100 3277 1094 3358; baseline -0.004 -19"><span class='ocrx_word' id='word_1_273' title='bbox 100 3277 242 3357; x_wconf 74' lang='lat' dir='ltr'><strong>iniectam</strong></span> <span class='ocrx_word' id='word_1_274' title='bbox 252 3295 351 3355; x_wconf 81' lang='lat' dir='ltr'><strong>neque</strong></span> <span class='ocrx_word' id='word_1_275' title='bbox 361 3278 496 3355; x_wconf 71' lang='lat' dir='ltr'><strong>Sopbiam</strong></span> <span class='ocrx_word' id='word_1_276' title='bbox 505 3280 638 3341; x_wconf 81' lang='lat' dir='ltr'><strong>naoibar</strong></span> <span class='ocrx_word' id='word_1_277' title='bbox 648 3296 740 3356; x_wconf 82' lang='lat' dir='ltr'><strong>qnam</strong></span> <span class='ocrx_word' id='word_1_278' title='bbox 749 3278 838 3338; x_wconf 80' lang='lat' dir='ltr'><strong>istum</strong></span> <span class='ocrx_word' id='word_1_279' title='bbox 852 3280 884 3339; x_wconf 89' lang='lat' dir='ltr'><strong>in</strong></span> <span class='ocrx_word' id='word_1_280' title='bbox 899 3279 1003 3339; x_wconf 80' lang='lat' dir='ltr'><strong>eodeni</strong></span> <span class='ocrx_word' id='word_1_281' title='bbox 1015 3277 1094 3358; x_wconf 75' lang='lat' dir='ltr'><strong>freto</strong></span> 
     </span>
     <span class='ocr_line' id='line_1_38' title="bbox 100 3360 1135 3441; baseline -0.005 -17"><span class='ocrx_word' id='word_1_282' title='bbox 100 3360 196 3441; x_wconf 73' lang='lat' dir='ltr'><strong>fnisse</strong></span> <span class='ocrx_word' id='word_1_283' title='bbox 210 3362 355 3424; x_wconf 83' lang='lat' dir='ltr'><strong>arbitror·</strong></span> <span class='ocrx_word' id='word_1_284' title='bbox 381 3363 452 3422; x_wconf 85' lang='lat' dir='ltr'><strong>¹Nec</strong></span> <span class='ocrx_word' id='word_1_285' title='bbox 468 3364 603 3439; x_wconf 82' lang='lat' dir='ltr'><strong>pauciore</strong></span> <span class='ocrx_word' id='word_1_286' title='bbox 619 3370 683 3422; x_wconf 86' lang='lat' dir='ltr'><strong>sunt</strong></span> <span class='ocrx_word' id='word_1_287' title='bbox 703 3379 813 3438; x_wconf 79' lang='lat' dir='ltr'><strong>genere</strong></span> <span class='ocrx_word' id='word_1_288' title='bbox 834 3362 991 3423; x_wconf 87' lang='lat' dir='ltr'><strong>minuendi:</strong></span> <span class='ocrx_word' id='word_1_289' title='bbox 1102 3364 1135 3420; x_wconf 81' lang='lat'><strong>73</strong></span> 
     </span>
    </p>

    <p class='ocr_par' dir='ltr' id='par_1_8' title="bbox 401 3444 796 3509">
     <span class='ocr_line' id='line_1_39' title="bbox 401 3444 796 3509; baseline 0.003 -4"><span class='ocrx_word' id='word_1_290' title='bbox 401 3479 443 3490; x_wconf 92' lang='lat'><em>—</em></span> <span class='ocrx_word' id='word_1_291' title='bbox 460 3444 650 3509; x_wconf 69' lang='lat' dir='ltr'><strong>Visceribus</strong></span> <span class='ocrx_word' id='word_1_292' title='bbox 662 3446 796 3507; x_wconf 86' lang='lat' dir='ltr'><strong>haerent.</strong></span> 
     </span>
    </p>
   </div>
   <div class='ocr_carea' id='block_1_3' title="bbox 0 0 1222 3925">
    <p class='ocr_par' dir='ltr' id='par_1_9' title="bbox 0 0 1222 3925">
     <span class='ocr_line' id='line_1_40' title="bbox 0 0 1222 3925; baseline 0 0"><span class='ocrx_word' id='word_1_293' title='bbox 0 0 1222 3925; x_wconf 95' lang='lat' dir='ltr'><strong> </strong></span> 
     </span>
    </p>
   </div>
  </div>
 </body>
</html>
