2434 3925
140 237 142 242 ,
178 180 219 247 68
491 195 528 242 m.
541 193 619 241 aaa·
633 175 851 253 consummat

136 361 170 417 27
262 347 333 409 Nam
351 349 433 408 locos
450 349 578 427 quidem,
597 348 699 427 quales
717 357 782 408 sunt
799 347 836 407 de
853 347 991 427 testibus,
1009 368 1163 430 semperne

178 434 443 508 discredendum,
462 442 490 492 et
507 433 542 493 de
561 435 751 510 argumentis,
772 449 814 493 on
827 434 971 495 babendo
987 437 1076 495 eliam
1088 453 1162 513 por-

178 522 225 581 ois
245 518 340 597 fides,
370 518 443 578 adeo
465 517 645 576 manifestum
668 527 713 577 est
734 518 769 577 ad
796 517 929 576 forenses
950 520 1079 578 actiones
1101 536 1162 597 per-

179 606 287 677 tinere,
311 611 341 661 ut
362 602 475 680 quidam
496 620 589 679 neque
608 601 752 679 ignobiles
775 602 802 660 in
820 602 924 660 officiis
947 603 1078 662 civilibus
1095 604 1162 662 scri·
1212 579 1214 696 Ι

179 697 245 767 ptos
268 704 319 747 eos
342 688 555 763 memoriaeque
576 686 793 763 diligentissime
816 687 963 745 mandatos
983 688 1011 745 in
1033 692 1162 765 promptu

179 771 344 845 habuerint,
366 775 397 829 ut
418 771 551 848 quotiens
573 779 652 829 esset
671 772 806 844 occasio,
832 771 1047 848 extemporales
1068 788 1163 829 eorum
1212 765 1213 830 l

136 857 319 916 28diotiones
341 853 385 913 his
407 855 487 914 velut
510 853 688 914 emblematis
711 863 928 913 exornarentur.
969 855 1033 928 Quo
1054 857 1163 933 quidem

179 941 288 1019 (neque
312 940 384 998 enim
408 940 469 997 eius
497 941 539 998 rei
567 940 700 998 iudicium
722 938 838 1000 dilierre
861 940 1005 1019 sustineo)
1033 957 1165 998 summam

177 1024 348 1085 videbantur
369 1023 435 1081 mibi
459 1023 648 1082 infirmitatem
669 1024 705 1083 de
727 1040 760 1081 se
783 1023 924 1084 confiteri.
958 1022 1030 1083 Nam
1052 1022 1118 1101 quid
1139 1022 1165 1081 hi

178 1110 291 1187 possint
313 1109 341 1165 in
365 1107 475 1182 causis,
499 1125 616 1186 quarum
634 1108 712 1166 varia
729 1114 759 1165 et
776 1124 851 1167 nova
869 1125 985 1186 semper
1002 1115 1047 1167 est
1064 1108 1165 1186 iacies,

177 1193 326 1272 proprium
353 1193 495 1259 invenire;
524 1190 669 1269 quomodo
694 1193 851 1269 propositis
880 1209 917 1251 ex
942 1201 1024 1270 parte
1046 1191 1167 1250 adversa

178 1276 374 1354 respondere,
395 1275 629 1336 altercationibus
647 1276 790 1335 velociter
806 1293 979 1351 occurrere,
998 1285 1101 1335 testem
1121 1292 1166 1333 ro·
1207 1319 1211 1331 .

180 1378 266 1437 gare:
290 1361 336 1439 qui
359 1360 443 1419 etiam
461 1360 489 1418 in
506 1359 566 1434 his,
590 1377 664 1438 quae
683 1369 748 1419 sunt
766 1361 924 1420 communia
946 1369 974 1419 et
994 1361 1022 1418 in
1040 1359 1167 1437 plurimis

182 1445 277 1504 causis
306 1452 478 1520 tractantur,
505 1444 719 1521 vulgatissimos
747 1462 851 1503 sensus
878 1444 976 1503 verbis
1005 1445 1059 1503 nisi
1087 1451 1166 1503 tanto

137 1534 246 1589 29ante
269 1525 447 1607 praeparatis
472 1529 609 1606 prosequi
633 1525 799 1607 nequeant?
835 1528 898 1587 Neo
920 1546 992 1587 vero
1018 1528 1078 1604 liis,
1105 1545 1168 1588 oum

181 1612 281 1673 eadem
301 1612 412 1671 iudiciis
430 1612 559 1691 pluribus
580 1613 692 1688 dicunt,
716 1621 763 1671 aut
779 1613 922 1672 fastidium
939 1620 1072 1672 moveant
1090 1610 1168 1670 velut

180 1696 276 1773 frigidi
304 1704 333 1755 et
358 1698 479 1775 repositi
507 1695 580 1772 cibi,
612 1705 659 1756 aut
686 1697 825 1775 pudorem
852 1697 1033 1776 deprebensa
1062 1696 1168 1754 totiens

180 1781 351 1842 audientium
368 1781 505 1841 memoria
525 1780 625 1840 inlelix
644 1780 794 1859 supellex,
819 1799 892 1860 quae
915 1782 990 1841 sicut
1006 1780 1080 1859 apud
1099 1798 1168 1857 pau·

180 1884 267 1944 peres
294 1864 460 1924 ambitiosos
488 1864 618 1943 pluribus
649 1874 678 1925 et
705 1865 826 1924 diversis
849 1865 953 1924 officiis
982 1860 1169 1925 conteratur?

138 1948 251 2015 docum
278 1968 313 2010 eo
337 1950 451 2028 quidem
473 1950 550 2029 quod
572 1950 624 2009 vix
647 1949 722 2011 ullus
745 1957 790 2009 est
810 1959 867 2010 tam
895 1950 1051 2010 communis
1073 1947 1168 2023 locus,

181 2036 229 2113 qui
251 2035 344 2113 possit
365 2034 524 2095 cohaerere
543 2052 606 2093 cum
629 2053 715 2095 causa
730 2035 784 2093 nisi
806 2034 902 2113 aliquo
923 2035 1058 2112 propriae
1080 2050 1169 2110 quae·

181 2120 282 2177 ationis
310 2118 425 2177 vinculo
451 2118 619 2196 copulatus,
648 2128 844 2196 appareatque
873 2137 937 2178 eum
961 2135 1018 2176 non
1046 2126 1104 2176 tam
1128 2117 1169 2175 in-

140 2210 288 2264 31sertum
307 2219 390 2279 quam
409 2203 589 2280 applicitum:
612 2203 662 2262 vel
679 2204 755 2281 quod
772 2203 916 2262 dissimilis
935 2210 980 2261 est
998 2203 1104 2265 ceteris
1122 2200 1171 2259 vel

182 2285 258 2364 quod
280 2285 449 2364 plerumque
471 2287 576 2346 assumi
597 2289 682 2347 etiam
696 2282 802 2364 ‘parum
821 2296 887 2366 apte
909 2287 999 2360 solet,
1024 2302 1081 2344 uon
1104 2286 1172 2362 quia

182 2370 361 2429 desideratur
384 2370 436 2429 sed
459 2371 523 2448 quia
544 2380 661 2448 paratus
684 2381 738 2430 est.
772 2370 810 2430 Ut
832 2371 944 2448 quidam
966 2370 1174 2428 sententiarum

182 2454 274 2530 gratia
295 2452 517 2513 verbosissimos
539 2455 623 2515 locos
647 2464 813 2528 arcessunt,
837 2474 899 2514 cum
916 2474 954 2515 ex
972 2454 1047 2513 locis
1063 2453 1174 2512 debeat

139 2539 262 2601 dinasci
284 2539 435 2598 sententia.
467 2538 509 2598 lta
531 2549 595 2599 sunt
612 2548 706 2599 autem
728 2540 863 2616 speciosa
881 2538 954 2599 haec
975 2546 1004 2597 et
1025 2538 1124 2610 utilia,
1150 2538 1175 2597 si
1212 2614 1213 2623 ἵ

183 2623 310 2682 oriuntur
327 2641 365 2683 ex
380 2641 482 2690 causa;
502 2632 629 2683 ceterum
647 2622 804 2702 quamlibet
818 2623 938 2702 pulchra
955 2623 1100 2696 elocutio,
1117 2623 1176 2680 nisi
1212 2634 1213 2663 ³

183 2706 218 2766 ad
242 2707 391 2766 victoriam
412 2707 517 2781 tendit,
544 2709 642 2786 utique
670 2725 849 2786 supervacua
877 2708 929 2768 sed
952 2707 1063 2766 iuterim
1086 2706 1177 2765 etiam

183 2791 326 2851 contraria
349 2799 402 2851 est.
435 2789 542 2850 Verum
563 2791 702 2851 hacteuus
721 2793 838 2867 evagari
858 2793 928 2852 satis
948 2791 1042 2850 luerit.

140 2882 175 2937 33
240 2873 791 2954 .Legumlausacvituperatio
817 2877 871 2934 iam
887 2877 1010 2936 maiores
1026 2892 1061 2933 ac
1075 2891 1177 2953 prope

181 2959 296 3017 summis
313 2958 450 3038 operibus
471 2959 641 3019 suffecturas
658 2961 735 3019 vires
756 2958 935 3036 desiderant3
959 2977 1033 3037 quae
1054 2959 1177 3036 quidem

181 3044 319 3101 suasoriis
331 3062 366 3102 an
382 3044 587 3103 controversiis
603 3044 693 3120 magis
706 3045 920 3103 accommodata
935 3045 972 3103 sit
987 3044 1177 3116 exercitatio,

183 3128 389 3187 consuetudine
413 3136 442 3187 et
462 3129 524 3186 iure
540 3128 684 3187 civitatum
706 3127 809 3187 differt.
848 3126 933 3205 Apud
951 3127 1081 3187 Graecos
1098 3129 1179 3186 euim

183 3209 257 3289 lator
282 3228 379 3270 earum
399 3212 434 3272 ad
455 3212 576 3273 iudicem
597 3211 773 3286 vocabatur,
800 3211 936 3271 Romanis
958 3228 1012 3290 pro
1035 3212 1179 3271 contione

181 3293 304 3353 suadere
315 3312 349 3354 ac
360 3295 528 3365 dissuadere
544 3296 631 3354 moris
646 3294 707 3356 tuit.
729 3294 859 3374 Utroque
871 3304 965 3355 autem
979 3294 1065 3354 modo
1078 3312 1181 3372 pauca

181 3377 217 3437 de
233 3377 276 3437 his
289 3386 318 3437 et
333 3379 395 3439 lere
408 3388 487 3438 certa
504 3379 644 3439 dicuntur.
668 3378 739 3438 Nam
750 3387 779 3438 et
789 3397 898 3455 genera
914 3388 979 3439 sunt
993 3379 1063 3454 tria,
1082 3379 1179 3453 sacri,

139 3461 299 3541 caputiis,
316 3463 419 3542 privati
435 3464 512 3522 iuris.
542 3463 624 3538 Quae
638 3464 740 3524 divisio
756 3464 792 3523 ad
810 3463 922 3525 laudem
938 3464 1028 3540 magis
1043 3471 1181 3541 spectat,
