2434 3925
148 160 211 222 258
478 166 842 229 nunnunquam

148 345 231 403 uum,
252 327 319 405 quia
334 324 377 385 llti
390 323 456 405 ipse
470 341 529 384 uon
545 323 668 399 suflicit,
684 330 732 382 aut
747 321 852 399 aliquis
868 338 906 380 ex
921 337 959 380 eo
974 338 1102 398 genere
1119 321 1166 382 ad·

147 420 328 485 vocatorum,
346 410 395 487 qui
406 427 440 468 se
450 426 509 469 non
519 426 612 489 posse
624 424 715 484 agere
727 407 912 473 confitentum
928 405 1038 465 deiude
1050 406 1167 467 faciut

147 497 178 556 id
192 496 270 575 quod
285 503 332 554 est
346 496 375 553 iu
392 494 506 571 agendo
523 492 732 553 difficillimum.
761 488 834 549 Nam
849 492 898 569 qui
912 490 1072 566 iudicare,
1100 492 1166 569 quid
1194 542 1195 551 ,

148 579 312 655 dicendum,
328 578 396 657 quid
410 577 661 651 dissimulandum,
680 576 749 655 quid
764 574 964 634 declinandum
977 577 1166 647 mutandum,

149 664 314 741 lingendum
329 663 415 722 etiarn
425 664 473 737 sit,
489 670 598 742 potest,
614 678 668 720 eur
677 676 736 718 nou
747 659 784 718 sit
799 668 915 719 orator:
929 659 1066 737 quando,
1087 659 1165 740 quoi

121 748 294 816 odiiiicilius
312 755 375 822 est,
402 755 549 806 oratorem
569 741 662 806 iacit?
692 743 729 803 lli
751 760 841 822 porro
861 760 919 802 non
938 752 1051 803 tanturn
1072 763 1164 804 uoce

149 841 229 908 rent,
251 834 277 891 si
289 832 383 891 omnia
396 830 577 905 scriberent,
593 830 635 889 uti
650 838 736 905 gesta
753 837 827 887 suut.
857 826 941 887 Nunc
955 829 1127 888 eonsilium
1141 838 1165 887 et

150 917 269 978 colores
286 916 422 976 adiiciunt
439 924 469 975 et
485 915 584 992 aliqua
604 914 708 992 peiora
721 914 820 987 veris,
845 930 920 990 quae
935 912 1082 990 plerique
1102 933 1165 973 cun

149 1007 345 1080 acceperunt,
366 1008 476 1059 mutare
491 998 574 1058 nefas
590 997 700 1057 babent
717 1005 747 1057 et
761 997 843 1056 velut
858 997 982 1057 themata
997 999 1030 1055 in
1046 998 1165 1059 sobolis

150 1087 245 1164 posita
260 1083 434 1144 custodiunt.
465 1082 580 1142 Deinde
596 1081 853 1160 deprehenduntur
866 1091 896 1141 et
911 1092 1048 1157 causam,
1075 1101 1165 1162 φιαιιι

149 1170 265 1230 discere
281 1187 320 1227 ex
331 1169 391 1227 suis
402 1167 594 1245 litigatoribus
606 1167 771 1241 noluerunt,
788 1184 827 1225 ex
841 1165 1017 1226 adversariis
1031 1167 1164 1226 discunt

122 1253 281 1319 ibiberum
295 1254 383 1329 igitur
397 1252 497 1311 demus
512 1260 579 1310 aute
596 1252 691 1311 omnia
706 1252 758 1325 iis,
780 1267 902 1328 qnorum
920 1249 1076 1326 negotium
1097 1254 1163 1323 erit
1194 1272 1195 1295 ι

149 1347 263 1416 tempus
278 1355 313 1396 ac
331 1337 443 1411 locun,
465 1335 709 1414 exhortemurque
726 1334 819 1409 ultro,
837 1343 867 1392 nt
885 1335 978 1393 omnia
995 1335 1164 1410 quamlibet
1194 1340 1195 1389 1

149 1420 277 1481 verbose
293 1429 323 1479 et
337 1421 414 1480 unde
427 1420 528 1479 volent
541 1421 668 1497 repetita
685 1438 724 1478 ex
744 1429 877 1496 tempore
899 1427 1058 1494 exponant.
1097 1419 1163 1479 Non
1194 1424 1195 1441 ³

107 1519 115 1536 ·
151 1507 225 1564 enirn
246 1513 303 1565 tam
325 1504 411 1563 obest
432 1504 532 1564 audire
551 1522 734 1582 supervacua
751 1521 835 1580 quam
855 1505 991 1579 ignorare
1014 1521 1162 1563 neeessa-

122 1592 203 1655 8ria.
232 1587 415 1667 Frequenter
436 1598 529 1649 autem
552 1597 582 1647 et
602 1589 707 1648 vulnus
725 1597 753 1647 et
775 1586 932 1647 remedium
947 1586 1033 1645 in-iis
1056 1598 1162 1647 orator

150 1675 296 1747 inveniet,
313 1691 389 1751 quae
409 1674 548 1749 litigatori
568 1674 597 1732 in
618 1682 747 1732 neutram
762 1681 875 1750 partem
895 1669 1003 1730 habere
1026 1689 1160 1733 momen·

150 1768 208 1817 tum
226 1756 406 1817 videbantur.
435 1756 499 1817 Nec
522 1766 600 1816 tanta
622 1759 658 1817 sit
680 1766 780 1816 acturo
798 1756 957 1815 memoriae
978 1754 1111 1833 fiducia,
1132 1767 1160 1816 ut

151 1841 337 1902 subscribere
353 1843 449 1902 audita
465 1843 574 1919 pigeat.

235 1925 299 1986 Nec
313 1926 405 1987 semel
421 1925 537 1987 audisse
552 1925 691 1994 sileatis:
713 1924 865 2003 cogendus
880 1924 982 1985 eadem
999 1926 1112 1985 iterum
1127 1944 1159 1987 ae

152 2013 270 2089 saepius
284 2012 385 2071 dicere
397 2012 537 2087 litigator,
553 2026 612 2071 uon
623 2010 718 2070 solum
728 2013 796 2089 quia
807 2010 938 2087 effugere
951 2010 1050 2087 aliqua
1064 2013 1158 2088 prima

152 2098 335 2174 expositione
361 2104 535 2174 potuerunt,
568 2097 741 2174 praesertim
766 2094 911 2154 hominem
937 2094 1038 2173 (qnod
1064 2113 1157 2175 saepe

152 2181 263 2257 evenit)
286 2182 464 2258 imperitum,
485 2180 540 2239 sed
562 2181 647 2239 etiam
668 2188 700 2238 ut
721 2181 862 2254 sciamus,
887 2197 922 2238 an
943 2179 1046 2238 eadem
1067 2180 1155 2240 dicat.

122 2263 266 2326 9Plnri1ui
291 2266 365 2323 enim
387 2267 560 2324 mentiuntur
581 2273 627 2339 et,
657 2272 790 2342 tanquam
813 2281 871 2323 non
891 2264 1014 2323 doceant
1037 2281 1156 2323 causan

151 2347 205 2407 sed
220 2357 322 2425 agant,
338 2365 396 2407 non
411 2359 443 2408 ut
459 2368 523 2409 cum
539 2358 662 2426 patrono
678 2350 731 2407 sed
746 2357 778 2407 ut
793 2367 856 2407 curn
874 2348 968 2407 iudice
985 2348 1154 2425 loquuntur.

152 2431 338 2510 Quapropter
352 2451 495 2511 nunqnam
509 2433 756 2493 satiscredendum
768 2441 823 2507 est,
837 2432 889 2492 sed
901 2432 1054 2509 agitandus
1065 2434 1154 2491 omni·

110 2514 205 2579 robus
227 2514 319 2575 modis
341 2526 370 2576 et
391 2517 548 2577 turbandus
566 2527 595 2576 ct
613 2518 789 2577 evocandus.
821 2514 894 2576 Nam
911 2526 942 2575 nt
957 2516 1080 2575 medicis
1099 2534 1155 2575 uon

151 2601 321 2680 apparentia
344 2601 431 2660 modo
458 2604 526 2660 vitia
548 2603 673 2661 curanda
700 2610 766 2661 sunt
792 2601 954 2660 sedetiam
981 2602 1155 2661 invenienda

152 2702 227 2763 qnae
243 2685 351 2761 latent,
372 2703 463 2764 saepe
479 2687 550 2764 ipsis
566 2704 618 2761 ea,
640 2688 687 2764 qui
703 2686 820 2745 sanandi
835 2694 918 2760 sunt,
936 2684 1153 2744 occulentibus:

151 2771 190 2829 ita
211 2768 368 2829 advocatus
384 2770 482 2848 plura,
504 2788 588 2847 quarn
603 2771 810 2844 ostenduntur,
835 2771 969 2847 aspiciat.
999 2767 1073 2828 Naru
1090 2788 1154 2829 cun

152 2855 222 2913 satis
243 2855 271 2913 in
294 2854 436 2914 audiendo
458 2855 614 2932 patientiae
636 2853 825 2933 impenderit:
848 2857 877 2914 in
898 2854 983 2913 aliam
1003 2871 1107 2913 rursus
1129 2856 1153 2913 ei

152 2955 308 3015 personam
323 2939 525 3004 transeundum
540 2948 600 3014 est,
622 2940 811 3017 agendusque
825 2939 1025 3012 adversarius,
1044 2955 1152 3018 propo·

152 3022 276 3082 nendum
292 3024 428 3102 quidquid
444 3026 557 3082 omuino
580 3024 743 3099 excogitari
761 3033 861 3083 contra
876 3031 988 3101 potest,
1014 3022 1152 3101 quidquid

153 3107 258 3183 recipit
274 3107 303 3165 iu
315 3108 455 3167 eiusmodi
470 3108 683 3186 disceptatione
695 3115 804 3167 natura.
830 3106 1058 3183 interrogandus
1070 3125 1152 3185 quan

114 3199 144 3251 ll
154 3187 339 3249 infestissime
355 3210 390 3251 ac
405 3192 588 3270 premendus.
619 3189 692 3250 Nam
706 3192 772 3251 dum
786 3193 879 3250 omnia
895 3192 1078 3269 quaerimus,
1102 3192 1150 3251 ali·

155 3273 269 3350 quando
286 3275 321 3334 ad
335 3293 452 3351 uerum,
468 3275 516 3334 ubi
530 3277 644 3335 minime
660 3277 894 3354 expectavimus,
910 3276 1107 3354 pervenimus.

239 3355 272 3416 ln
288 3375 400 3418 >summa
421 3361 545 3437 optimus
560 3369 605 3420 est
621 3362 648 3418 in
662 3359 801 3419 discendo
817 3368 955 3438 patronus
975 3358 1148 3419 incredulus

156 3439 296 3503 Promittit
311 3443 386 3501 enim
401 3442 529 3519 litigator
545 3446 649 3521 omnia,
666 3452 772 3504 testem
787 3444 936 3523 populum,
955 3444 1149 3522 paratissimas
