2434 3925
199 233 260 295 246
307 312 310 323 Ι
507 246 544 296 n.
557 245 636 292 aaa.
650 242 867 304 pumannum

167 400 309 468 evidetur
323 400 352 459 in
366 400 555 478 possessione
569 417 666 460 earum
680 416 775 459 rerum
795 398 895 458 inisse.
923 396 1004 459 Hinc
1027 403 1130 461 etiarn
1148 400 1193 462 illul

198 494 259 559 est,
283 483 361 561 quod
377 481 480 543 Cicero
500 483 629 562 pluribus
646 491 674 542 et
688 482 769 542 libris
788 490 817 541 et
837 481 973 559 epistolis
990 493 1153 561 testatur,
1171 486 1193 544 di

197 567 281 628 cendi
300 567 467 626 facultatem
487 585 525 627 ex
543 568 648 627 intimis
663 567 822 645 sapientiae
836 565 963 625 tontibus
982 567 1114 649 liuere,
1137 569 1191 629 ideo

197 669 253 729 que
285 651 457 729 aliquamdiu
479 660 689 730 praeceptores
711 649 830 710 eosdem
854 649 945 708 luisse
969 668 1105 713 morum
1130 658 1193 731 atqui

196 733 320 796 dicendi.
357 733 543 814 Quapropter
561 734 637 795 baec
660 733 823 794 exhortatio
845 750 908 792 mea
922 749 983 792 nou
1006 753 1049 794 eo
1070 740 1193 815 pertua

127 819 132 829 '
195 829 227 878 nt
241 837 309 878 esse
326 827 471 877 oratorem
491 818 697 897 philosophum
712 818 815 893 velim,
837 817 949 896 quando
967 835 1032 877 non
1052 821 1124 881 alia
1139 823 1189 879 ritu

196 911 278 963 secta
302 902 416 978 longius
438 919 455 961 a
470 901 602 961 civilibus
618 902 723 962 officiis
740 911 827 979 atque
841 900 876 960 ab
899 903 975 961 omni
994 920 1135 964 munere
1150 923 1189 964 ora

167 988 268 1046 ‘ltoris
289 987 423 1045 recessit.
459 984 532 1045 Nam
553 987 617 1064 quis
637 985 878 1065 pbilosophorum
893 986 986 1044 autin
1008 988 1141 1048 iudiciis
1154 989 1189 1049 tn

197 1087 288 1149 quens
309 1078 357 1128 aut
378 1068 474 1129 clarus
495 1071 523 1129 in
546 1069 727 1129 contionibus
742 1065 816 1128 fuit?
844 1068 914 1143 Quis
930 1068 1070 1148 denique
1089 1075 1122 1131 in
1138 1074 1188 1151 ipsa

197 1171 280 1232 quam
295 1155 416 1212 maxime
432 1153 566 1231 plerique
581 1155 778 1232 praecipiunt,
800 1154 844 1211 rei
859 1151 994 1231 publicae
1017 1155 1187 1215 administra

196 1239 274 1297 tioue
290 1246 424 1296 versatus
442 1234 509 1296 est?
539 1236 628 1315 Atqui
643 1255 700 1314 ego
720 1237 817 1313 illum,
833 1255 918 1315 quem
935 1238 1084 1315 instituo,
1103 1239 1186 1300 llonu

196 1339 261 1380 num
284 1321 424 1397 quendam
442 1320 530 1379 velim
553 1339 621 1380 esse
643 1322 818 1401 sapientem,
843 1322 969 1399 quinon
990 1324 1186 1384 secretisdis

195 1403 389 1483 putationibus
416 1403 468 1464 sed
494 1422 589 1464 rerum
618 1406 822 1483 experimentis
846 1414 932 1483 atque
960 1405 1115 1482 operibus
1136 1425 1186 1466 verr

166 1488 311 1559 &civilem
325 1489 416 1547 virum
434 1487 579 1548 exhibeat.
610 1489 669 1549 Sed
684 1490 751 1568 quia
769 1489 885 1549 deserta
897 1488 940 1547 ab
955 1488 1019 1564 bis,
1046 1493 1105 1568 qui
1120 1510 1153 1551 se
1165 1494 1184 1548 al

196 1571 390 1650 eloquentiam
416 1572 614 1648 contulerunt,
635 1572 728 1633 studia
749 1573 908 1651 sapientiae
929 1588 985 1631 non
1003 1574 1065 1633 iam
1090 1578 1121 1635 in
1136 1584 1183 1635 acu

196 1672 250 1715 suo
270 1663 357 1733 atque
377 1657 406 1715 in
426 1654 481 1714 bac
503 1657 559 1716 lori
581 1656 648 1716 luce
665 1666 818 1716 versantur
838 1656 891 1716 sed
911 1657 940 1715 in
960 1659 1103 1735 porticus
1124 1661 1183 1719 etin

195 1741 342 1816 gymnasia
356 1741 491 1817 primum,
507 1756 575 1800 mou
589 1742 618 1799 in
635 1750 793 1801 conventus
808 1738 972 1800 scholarum
986 1752 1182 1803 recesserunt

194 1823 241 1898 id,
258 1823 335 1901 quod
351 1832 396 1882 est
416 1826 524 1883 oratori
540 1825 738 1884 necessarium
752 1843 808 1884 nec
823 1841 840 1884 a
855 1823 969 1885 dicendi
989 1828 1181 1906 praeceptori

196 1906 250 1967 bus
268 1908 406 1983 traditur,
427 1906 463 1967 ab
480 1908 515 1967 iis
530 1918 634 1987 petere
648 1911 776 1970 nimirum
794 1925 918 1969 necesse
940 1917 1002 1985 est,
1025 1911 1110 1987 apud
1124 1927 1180 1990 quos

196 1994 347 2068 remansit,
364 1992 533 2052 evolvendis
545 1994 659 2071 penitus
675 1992 850 2069 auctoribus,
870 1996 919 2071 qui
933 1993 970 2053 de
983 1995 1099 2054 virtute
1114 2013 1180 2075 prae

197 2077 320 2153 cipiunt;
350 2085 381 2134 ut
405 2078 528 2136 oratoris
550 2079 609 2136 vita
634 2095 699 2137 cum
718 2078 839 2136 scientia
857 2077 1014 2137 divinarum
1034 2095 1136 2138 rerum
1156 2080 1180 2137 sit

167 2158 435 2238 9humanarumque
458 2162 618 2219 coniuncta.
658 2160 740 2235 Quae
761 2162 844 2238 ipsae
872 2170 977 2239 quanto
1003 2164 1135 2223 maiores
1156 2179 1179 2221 a·

196 2241 378 2321 pulchriores
393 2243 576 2319 viderentur,
597 2245 623 2303 si
638 2243 703 2304 illas
718 2245 737 2303 il
753 2244 902 2320 docerent,
922 2245 970 2322 qui
989 2247 1080 2305 etiam
1097 2247 1178 2325 eloqui

148 2350 150 2352 >
196 2328 441 2404 praestantissime
457 2324 598 2406 possent?
618 2326 788 2405 Utinamque
804 2329 841 2387 sit
854 2338 966 2407 tempus
980 2346 1120 2407 unquam,
1135 2346 1177 2408 quc

196 2409 345 2487 perfe‘ctns
367 2410 486 2489 aliquis,
510 2411 624 2489 qualem
640 2420 788 2490 optamus,
820 2421 918 2472 orator
934 2411 1008 2472 banc
1032 2423 1127 2474 artem
1143 2432 1177 2472 su·

196 2492 288 2571 perbc
304 2495 417 2553 nornine
440 2495 566 2553 et'vitir's
584 2496 761 2573 quorundam
779 2495 854 2555 bona
872 2497 933 2555 eius
949 2499 1176 2576 corrumpentiun

196 2578 316 2636 invisam
329 2576 456 2636 vindicet
470 2578 524 2638 sihi
540 2597 585 2652 ac,
602 2579 683 2639 velut
697 2578 785 2638 rebus
799 2581 942 2659 repetitis,
960 2581 989 2638 in
1003 2596 1118 2659 corpus
1130 2582 1175 2641 elo

146 2663 330 2740 ‘loquentiae
351 2661 482 2721 adducat.
517 2661 599 2736 Quae
620 2664 733 2740 quidem
754 2682 818 2722 cunr
836 2665 873 2724 sit
894 2665 922 2723 in
942 2662 1108 2727 trisdivisa
1127 2684 1175 2744 par

196 2756 258 2822 tes,
281 2744 503 2821 naturalem,
527 2746 717 2822 moralem,
738 2748 970 2808 rationalem:
998 2765 1054 2825 qua
1076 2749 1175 2810 tandeu

195 2837 314 2890 nonest
329 2848 392 2890 cum
408 2831 532 2889 oratoris
547 2846 638 2909 opere
655 2828 826 2890 coniuncta?

279 2913 352 2973 Nam
367 2923 397 2973 ut
412 2914 541 2974 ordinem
555 2922 635 2974 retro
651 2931 779 2991 agamus,
794 2914 830 2975 de
844 2913 940 2975 ultima
957 2915 1022 2989 illa,
1038 2932 1117 2993 quae
1130 2924 1173 2976 tou

195 3007 328 3058 versatur
340 2998 369 3055 in
382 2997 495 3075 verbis,
511 3014 597 3057 nerno
613 2997 795 3074 dubitaverit,
811 3000 880 3059 siet
895 3001 1093 3077 proprietates
1107 3000 1172 3060 voci

197 3082 336 3160 cuiusque
359 3083 448 3140 nosse
470 3091 499 3141 et
524 3080 655 3158 ambigua
677 3082 791 3159 aperire
805 3090 843 3158 ‚et
858 3082 999 3160 perplexa
1019 3082 1170 3143 discemeu
1192 3159 1193 3164 η

197 3163 278 3223 etde
294 3164 376 3224 falsis
397 3165 524 3225 iudicare
546 3174 575 3224 et
590 3165 733 3242 colligere
753 3184 789 3224 ac
807 3166 976 3241 resolvere,
1003 3183 1079 3244 quae
1102 3167 1168 3226 velis
1192 3217 1193 3220 ,

155 3256 188 3309 ll
197 3256 343 3307 oratorum
366 3257 420 3308 est.
454 3248 621 3326 Quanquam
637 3267 672 3309 ea
687 3258 815 3309 nontam
837 3259 882 3309 est
894 3252 999 3308 minute
1015 3259 1103 3328 atque
1118 3267 1167 3310 cou-

197 3332 258 3391 cise
275 3333 303 3390 in
319 3332 477 3393 actionibus
493 3333 627 3393 utendum
644 3350 729 3411 quarn
744 3334 772 3392 in
786 3331 1033 3413 disputationibus,
1050 3335 1166 3412 quianon

197 3405 307 3475 docere
323 3415 408 3475 inodo
420 3417 472 3475 sed
488 3433 606 3475 movere
621 3418 704 3476 etiam
720 3434 754 3476 ac
769 3415 917 3477 delectare
934 3416 1082 3477 audientes
1098 3417 1165 3477 debet

198 3508 312 3577 orator,
339 3499 374 3559 ad
397 3500 473 3577 quod
494 3502 601 3578 impetu
627 3518 743 3581 quoque
768 3519 803 3563 ac
824 3500 933 3561 viribus
956 3510 985 3561 et
1010 3499 1116 3563 decore
1135 3507 1166 3561 est
