2434 3925
305 228 394 276 lusu.
409 228 557 278 onaron.
572 230 642 279 ura.
660 232 734 297 v111,
749 226 775 281 ε.
1001 218 1041 280 59

21 383 197 447 contrariis
211 382 373 442 virtutibus.
416 382 488 443 Nam
508 384 629 462 primum
644 393 746 461 acuto,
771 386 927 445 seeundum
941 386 1039 463 nitido,
1136 423 1138 428 ·

19 470 160 530 tertium
181 468 320 547 copioso,
344 466 483 547 deinceps
508 467 607 544 hilari,
629 469 771 546 iucundo,
796 477 931 530 aeeurato
947 471 1041 532 diver-

21 571 108 612 sum
125 560 179 610 εει.

130 634 253 696 Vitanda
273 644 302 694 et
326 635 491 712 μείωσις,
514 652 577 695 oum
597 637 722 695 sermoni
737 636 821 695 deest
839 636 961 713 aliquid,
984 650 1083 715 quoto

27 721 138 779 minus
153 718 256 796 plenus
274 720 325 787 sit;
342 736 502 796 quanquam
516 718 545 777 id
561 717 703 779 obscurae
715 721 811 798 potius
828 738 911 797 quam
927 722 1039 780 inorna-

24 813 93 864 tae
109 804 247 861 orationis
258 803 357 861 vitium
370 810 424 861 est.
452 801 511 862 Sed
528 802 585 861 hoo
602 819 729 881 quoque,
744 822 807 862 oum
823 822 839 863 a
854 803 1040 881 prudentibus

26 887 92 958 fit,
116 886 233 950 schema
254 887 309 946 diei
331 886 422 961 solet,
444 888 518 945 siout
533 888 772 965 ταυτολογία,
798 887 826 946 id
849 896 893 948 εει
912 888 1039 947 eiusdem

28 968 128 1031 verbi
144 979 192 1029 aut
207 971 348 1029 sermonis
363 971 487 1029 iteratio
528 968 607 1029 Haeo
623 973 712 1045 enim,
737 988 896 1048 quanquam
911 988 968 1030 non
981 990 1040 1032 ma·
1048 984 1081 1035 51

31 1071 178 1133 gnopere
200 1071 217 1113 a
238 1054 352 1113 summis
375 1052 539 1112 auctoribus
562 1055 666 1129 vitata,
693 1056 805 1114 interim
831 1056 927 1113 vitium
948 1054 1039 1113 videri

37 1147 162 1219 potest,
178 1139 206 1197 in
222 1137 299 1215 quod
313 1155 403 1216 saepe
422 1138 521 1195 incidit
536 1139 621 1196 etiarn
639 1136 743 1197 Cicero
761 1156 880 1197 securus
902 1148 958 1197 tam
975 1156 1038 1215 par-

39 1240 100 1282 vae
116 1221 343 1282 observationis:
364 1223 438 1280 sieut
457 1220 514 1279 hoo
536 1217 621 1297 Ιοεο,
643 1219 710 1283 Non
733 1222 829 1285 solum
848 1224 942 1301 ipitur
961 1222 1040 1284 iliud

37 1307 193 1367 iudicium
206 1306 315 1366 iudicii
330 1306 437 1379 orote,
452 1302 591 1380 ludaeos,
614 1325 673 1368 non
693 1307 760 1385 fuit.
798 1304 912 1365 interim
931 1314 1038 1364 mutato

38 1391 161 1449 nomine
181 1382 364 1466 ἐπανάληψις
385 1389 503 1463 dicitur,
525 1397 612 1467 atque
633 1398 678 1448 est
702 1399 732 1449 et
752 1391 845 1486 ipsum
866 1392 940 1449 inter
955 1389 1038 1449 sohe-

39 1482 135 1541 mata;
146 1487 266 1550 quorum
277 1471 409 1573 exempla
418 1472 469 1530 illo
483 1473 551 1532 loco
559 1473 735 1550 quaerenda,
748 1490 804 1551 quo
813 1474 933 1532 virtutes
946 1482 1071 1532 erunt.

131 1556 218 1616 Peior
237 1556 292 1616 hae
315 1548 516 1634 ὁμοιολογί
520 1578 553 1632 α,
579 1574 653 1634 quae
673 1556 752 1617 nulla
773 1557 921 1616 varietatis
946 1559 1080 1634 gratiosa

39 1639 126 1702 levat
142 1640 265 1700 taedium
290 1648 375 1718 atque
399 1648 444 1698 est
463 1647 522 1697 tota
540 1638 648 1699 eoloris
663 1641 767 1739 unius,
779 1657 835 1717 qua
851 1642 973 1699 maxime
989 1640 1038 1700 de·

38 1723 234 1804 prehenditur
249 1741 350 1783 carens
366 1731 427 1783 arte
444 1724 584 1790 oratoria;
606 1741 699 1800 eaque
715 1724 767 1782 et
758 1741 787 1782 ru
800 1725 948 1782 sententiis
964 1726 1019 1781 ει
1010 1742 1039 1781 m

39 1809 147 1885 figuris
163 1810 235 1867 etin
256 1807 400 1885 positione
415 1806 503 1882 longe
518 1823 575 1864 non
590 1808 688 1866 animis
704 1806 797 1865 solum
820 1806 973 1866 sedetiam
989 1824 1037 1865 au·

43 1892 126 1951 ribus
141 1901 187 1951 est
208 1892 409 1968 ingratissima.
451 1888 574 1950 Vitanda
595 1890 841 1970 μακρολογια,
862 1890 891 1948 id
913 1899 957 1949 est
977 1889 1080 1953 lon-53

43 1977 114 2054 gior
134 1994 217 2054 quam
243 1984 359 2055 oportet
378 1991 488 2034 sermo:
510 1982 540 2033 ut
558 1973 633 2053 apud
655 1973 688 2034 Τ
710 1972 833 2049 Livium,
855 1970 965 2052 Lepatt'
975 1992 1038 2035 non

41 2063 208 2138 impetrato
229 2078 311 2160 paee
330 2068 412 2120 retro
432 2060 566 2133 domum,
593 2058 1036 2132 undantemundantem.

42 2144 106 2204 Sed
126 2143 192 2203 huic
213 2145 306 2203 vieina
327 2141 503 2222 periphrasis
517 2143 608 2201 virtus
630 2140 760 2201 habetur.
803 2140 857 2201 Est
878 2149 907 2199 et
927 2145 1036 2200 πλεο-

42 2218 184 2304 νασμὸς
205 2227 321 2301 vitium,
346 2245 409 2286 eum
433 2227 632 2324 supervacuis·
641 2224 739 2284 verbis
768 2226 859 2285 oratio
885 2233 1035 2283 oneratur:

43 2308 93 2390 Ep
94 2329 112 2371 o
132 2311 229 2373 oeulis
251 2313 327 2372 ηιείε
345 2311 433 2378 oidi;
455 2319 499 2369 sat
519 2318 565 2368 est
586 2307 1080 2371 enimoidi.1imendavith0054

45 2395 132 2453 etiam
154 2393 291 2453 urbane
283 2413 311 2453 m
332 2393 423 2452 Hirtio
449 2391 569 2469 Cicero,
591 2394 655 2471 qui,
677 2410 740 2452 eum
762 2393 791 2452 in
805 2391 924 2452 Pansam
939 2392 1065 2451 decla-t

42 2496 124 2537 mans
146 2477 241 2554 fitium
262 2496 283 2539 a
302 2486 401 2538 matre
421 2479 526 2539 decem
541 2478 695 2539 mensibus
714 2478 747 2537 in
760 2484 846 2538 utero
860 2477 955 2536 lotum
969 2494 1037 2537 esee

43 2560 175 2636 dixisset,
195 2558 297 2632 Quid?
313 2562 411 2638 oliae,
425 2562 529 2638 inquit,
545 2562 578 2621 in
588 2561 703 2641 penula
717 2562 812 2622 soient
823 2560 929 2638 ferre?
958 2559 1035 2619 Nou·

42 2662 186 2722 nunquam
206 2653 301 2704 tamen
323 2643 394 2704 illud
419 2662 527 2720 genus,
553 2647 633 2704 euius
660 2644 822 2723 exemplum
845 2644 943 2722 priore
967 2642 1035 2701 loco

43 2730 140 2807 posui,
158 2728 354 2788 affirmationis
369 2730 461 2804 gratie
476 2727 645 2787 adhibetur·

261 2847 302 2859 —-
322 2809 489 2889 Vereorque
510 2812 557 2871 iaie
569 2812 698 2874 (sumbus
715 2811 814 2873 taust
883 2816 886 2821 “

44 2893 84 2955 At
100 2895 197 2954 vitium
213 2897 283 2971 erit,
307 2896 439 2973 quotiens
455 2896 578 2954 otiosum
596 2895 682 2954 iuerit
700 2904 729 2954 et
743 2893 886 2973 supererit
900 2909 957 2951 non
974 2900 1077 2955 eumne

45 2980 203 3040 adiicietur.
242 2978 295 3039 Est
312 2981 411 3054 etiam,
435 2996 508 3055 quae
530 2978 723 3057 περιεργία
746 2986 881 3051 vocatur,
897 2993 1034 3053 superva-

47 3080 111 3138 cua,
128 3071 159 3121 ut
174 3063 217 3122 sie
233 3062 363 3138 dixerim,
380 3064 560 3141 operositas,
584 3069 616 3120 ut
637 3080 654 3121 a
676 3060 804 3136 diligenti
825 3061 955 3118 curiosus
974 3067 1035 3119 eta

46 3146 189 3223 reiigione
207 3148 374 3224 superstitio
390 3146 485 3206 distat.
516 3146 623 3223 Atque,
639 3154 670 3204 ut
685 3144 775 3202 semel
787 3143 890 3218 finiam,
905 3143 954 3202 vel
968 3162 1033 3203 ver·

45 3228 112 3289 bum
128 3245 230 3305 omne,
257 3230 334 3307 quod
349 3248 443 3308 neque
464 3229 642 3289 intellectum
656 3228 771 3288 adiuvat
784 3244 879 3304 neque
895 3236 1033 3303 omatum,

44 3314 177 3372 vitiosum
195 3312 262 3373 diei
266 3321 373 3391 potest

129 3388 358 3474 Κακόζηλον,
379 3396 408 3457 id
423 3405 469 3456 est
483 3395 558 3456 maia
574 3395 736 3469 affectatio,
754 3411 808 3472 per
823 3411 905 3453 omne
922 3393 1076 3457 dreend156

49 3497 138 3558 genus
159 3487 272 3559 peceat.
314 3478 387 3540 Nam
407 3489 436 3540 et
456 3482 560 3541 tumida
583 3489 615 3539 et
635 3477 740 3559 pusilla
760 3486 789 3539 et
810 3477 977 3558 praedulcia
1004 3484 1034 3536 et
