2434 3925
176 181 216 243 16
488 195 848 253 m.snn.ou1ua1n1nu1

174 367 235 413 ram
249 363 364 424 eorum,
381 349 417 408 de
433 347 535 425 quibus
551 349 710 428 loquimur,
726 368 850 409 neeesse
866 360 921 410 est.
954 351 982 410 ls
997 368 1096 429 porro,
1114 370 1177 429 qno

175 435 349 510 generosior
364 433 528 509 celsiorque
545 443 604 509 est,
625 434 682 493 hoc
696 434 850 493 maioribus
867 435 948 495 velut
963 438 1080 511 organis
1096 455 1177 495 com·

175 527 321 584 moretum
344 518 469 595 ideoque
491 526 520 576 et
535 517 620 584 laude
640 520 747 577 crescit
768 527 797 577 et
815 522 922 598 impetn
937 528 1060 596 augetur
1077 530 1106 579 et
1121 521 1176 579 ali·

131 614 165 668 31
177 602 244 679 quid
259 619 391 677 magnum
411 619 501 678 agere
515 601 631 677 gaudet.
668 602 721 660 Est
737 603 877 679 quaedam
893 605 979 663 tacita
993 604 1176 680 dedignatio,

176 688 233 744 vim
248 686 362 745 dicendi
378 688 462 745 tantis
483 695 678 763 comparatam
695 685 843 746 laboribus
863 687 899 746 ad
914 707 999 746 uuum
1013 688 1177 747 auditorem

177 770 344 838 demittere;
370 771 459 848 pudet
482 770 706 846 supramodum
732 772 873 829 sermonis
900 772 1003 832 attolli.
1040 772 1078 831 Et
1103 790 1176 832 saue

176 856 322 932 concipiat
348 856 411 932 quis
437 862 533 914 mente
556 854 604 912 vel
630 855 816 914 declamantis
841 855 967 914 habitum
990 855 1038 914 vel
1064 857 1176 915 orantis

176 955 295 1012 vocem,
318 940 478 1013 incessum,
504 940 763 1014 pronuntiationem
788 938 868 999 illum
889 940 1012 1017 denique
1038 941 1123 998 animi
1145 950 1177 998 et

178 1026 310 1101 corporis
326 1032 448 1097 motum,
471 1023 622 1097 sudorem,
642 1031 672 1081 ut
687 1022 743 1081 alia
763 1033 960 1099 praeteream,
982 1033 1012 1083 et
1027 1023 1175 1100 fatigatio·

176 1125 256 1182 neni,
275 1108 409 1166 audiente
429 1124 500 1165 uno:
521 1123 615 1164 nonne
632 1106 764 1183 quiddam
783 1109 842 1184 pati
857 1107 948 1167 furori
966 1108 1059 1166 simile
1074 1109 1173 1166 videa·

123 1265 129 1272 ι
176 1188 242 1250 tur?
272 1191 337 1249 Non
351 1199 433 1249 esset
450 1192 478 1249 in
492 1189 580 1249 rebus
596 1190 724 1249 humanis
743 1191 926 1268 eloquentia,
948 1194 1094 1251 sitantum
1110 1211 1173 1251 curn

176 1274 296 1350 singulis
313 1275 507 1352 loqueremur.

176 1427 242 1486 QUA
261 1427 405 1477 RATIONE
426 1428 459 1477 IN
477 1428 598 1477 PARVIS
617 1427 751 1477 INGENIA
775 1428 1029 1480 DIGNOSGANTUR
1046 1430 1086 1478 ET
1108 1429 1174 1487 Qua

523 1509 721 1559 TRAGTANDA
743 1509 826 1561 SlNT.

261 1604 310 1665 Ill.
355 1605 471 1666 Tradite
499 1606 553 1666 sibi
582 1625 674 1685 puero
704 1608 829 1668 docendi
854 1610 964 1685 peritus
994 1610 1173 1683 ingenium

178 1693 257 1749 eius
284 1691 460 1768 imprimis
484 1700 724 1768 naturamque
747 1694 965 1770 perspiciat.
1002 1692 1114 1767 Ingenii
1136 1693 1172 1749 si·

176 1794 262 1851 gnum
277 1776 305 1832 in
320 1777 417 1852 parvis
431 1778 618 1853 praecipuum
631 1778 768 1835 memoria
784 1785 838 1836 est.
860 1776 930 1835 Eius
947 1776 1056 1854 duplex
1069 1777 1172 1848 virtus,

175 1859 263 1920 facile
286 1861 440 1937 percipere
462 1869 491 1919 et
512 1860 636 1919 lideliter
658 1862 816 1920 continere.
856 1861 1017 1919 Proximum
1037 1861 1172 1924 imitatio;

175 1964 238 2004 narn
258 1943 286 2004 id
307 1961 422 2022 quoque
444 1952 489 2004 est
512 1944 773 2020 docilis'naturae,
795 1947 838 2004 sio
860 1953 968 2019 tamen,
987 1953 1018 2003 ut
1042 1961 1077 2003 ea
1099 1961 1173 2021 quae

176 2029 261 2089 discit
276 2030 410 2105 ellingat,
433 2046 491 2087 non
510 2028 636 2088 habitum
653 2029 731 2088 lorte
753 2039 782 2088 et
797 2032 958 2106 ingressum
978 2038 1007 2088 et
1021 2030 1046 2086 si
1063 2029 1130 2105 quid
1145 2030 1174 2086 in

149 2116 258 2190 apeius
273 2113 401 2176 notabile
425 2122 479 2171 est.
515 2111 580 2171 Non
598 2112 676 2172 dabit
691 2113 757 2172 mihi
775 2132 855 2191 spem
870 2112 964 2172 bonae
978 2112 1100 2187 indolis,
1126 2114 1175 2189 qui

176 2197 232 2256 hoc
248 2196 373 2256 imitandi
393 2196 487 2255 studio
504 2206 600 2272 petet,
619 2206 650 2255 ut
669 2198 805 2257 rideatur.
835 2196 907 2257 Nam
926 2196 1036 2275 probus
1056 2214 1174 2274 quoqne

175 2283 204 2339 in
218 2282 316 2357 primis
332 2282 387 2339 erit
401 2279 451 2338 ille
465 2298 536 2338 vere
551 2282 733 2356 ingeniosus;
753 2282 861 2359 alioqui
875 2299 932 2342 non
947 2285 1030 2359 peine
1044 2281 1175 2340 duxerim

175 2364 249 2424 tardi
265 2381 332 2422 esse
347 2364 454 2438 ingenii
471 2381 554 2441 quam
569 2364 645 2423 mali.
683 2365 793 2425 Probus
809 2374 904 2425 autem
918 2365 954 2425 ab
974 2365 1025 2425 illo
1044 2366 1129 2441 segni
1144 2373 1175 2422 et

150 2450 290 2520 3iacente
306 2447 457 2525 plurimum
473 2448 574 2507 aberit.
611 2449 664 2508 llic
679 2468 759 2508 meus
776 2467 850 2527 quae
865 2451 1013 2510 tradentur
1027 2466 1084 2507 non
1099 2448 1174 2508 diiii·

177 2532 272 2592 culter
287 2534 428 2610 accipiet,
448 2533 587 2610 quaedam
603 2535 688 2592 etiam
701 2534 908 2610 interrogabit,
927 2543 1065 2612 sequetur
1079 2541 1175 2591 tamen

176 2619 267 2693 magis
287 2634 371 2695 quam
386 2626 563 2693 praecurret.
592 2618 667 2678 lllud
687 2618 961 2699 ingeniorumqvelut
975 2634 1105 2695 praecox
1122 2635 1173 2694 ge-

151 2719 229 2769 4nus
252 2719 309 2760 non
325 2710 435 2759 temere
457 2716 579 2779 unquam
599 2704 731 2780 pervenit
752 2703 787 2762 ad
808 2703 930 2778 frugem.
966 2703 1000 2762 lli
1020 2696 1101 2776 saint,
1125 2704 1175 2780 qui

176 2802 265 2863 parva
281 2785 368 2845 facile
388 2786 495 2844 faciunt
516 2794 545 2844 et
563 2786 682 2845 audacia
697 2789 845 2864 provecti,
869 2787 1004 2865 quidquid
1020 2785 1090 2846 illud
1106 2803 1174 2864 pos·

176 2877 256 2944 sunt,
280 2870 374 2928 statim
396 2870 558 2929 ostendunt.
596 2869 720 2930 Possunt
741 2881 834 2949 autem
856 2870 884 2929 id
902 2872 1030 2946 demum,
1053 2870 1131 2948 quod
1146 2870 1176 2929 in

176 2956 308 3030 proximo
329 2961 387 3021 est;
410 2953 500 3013 verba
521 2957 701 3031 continuant,
725 2955 799 3014 haec
822 2955 901 3019 vultu
922 2957 1070 3028 interrito,
1096 2953 1175 3014 nulla

176 3038 278 3097 tardati
307 3038 481 3098 verecundia
508 3038 668 3116 proferunt.
711 3038 776 3098 Non
803 3039 920 3098 multum
949 3046 1097 3116 praestant
1122 3039 1176 3098 sed

134 3123 246 3185 ¹acilo.
289 3120 355 3180 Non
381 3122 481 3197 subest
500 3141 570 3182 vera
592 3124 636 3182 vis
658 3142 714 3182 nee
739 3126 853 3202 penitus
874 3123 1007 3184 immissis
1029 3121 1175 3182 radicibus

176 3207 288 3272 nititur;
310 3215 356 3280 ut,
377 3224 451 3283 quae
472 3224 581 3266 summo
605 3208 671 3266 solo
691 3226 793 3284 sparsa
815 3217 881 3267 sunt
897 3208 1022 3282 semina,
1048 3206 1175 3266 celerius

175 3307 210 3348 se
226 3289 389 3363 ellundunt,
406 3299 435 3349 et
446 3293 571 3351 imitatae
586 3294 683 3369 spicas
699 3291 838 3351 herbulae
852 3292 981 3352 inanibus
997 3292 1092 3349 aristis
1109 3301 1175 3350 ante

175 3391 301 3433 messem
324 3372 493 3433 flavescunt.
528 3375 647 3434 Placent
667 3376 740 3435 haec
762 3379 842 3436 annis
865 3383 1046 3455 comparata;
1070 3375 1176 3435 deinde

177 3467 232 3521 stat
251 3458 417 3537 proiectus,
440 3460 588 3519 admiratio
605 3460 760 3521 decrescit.
