2434 3925
358 229 448 278 unse.
471 228 623 279 oneuoe.
646 229 812 295 n1o.X,1.
1009 221 1064 285 161

67 397 162 463 entus,
178 388 322 464 interpres
337 385 436 463 operis
453 385 556 459 alieni,
572 402 630 444 non
645 386 824 462 spernendus
840 386 953 465 quidem
967 406 1067 449 verum

67 471 279 548 adaugendam
296 469 463 528 facultatem
483 468 596 529 dicendi
619 465 717 547 parum
737 469 892 548 locuples„
916 471 1110 541 Enniumssss

67 561 142 617 sieut
158 573 258 617 saeros
271 561 415 612 vetustate
433 553 516 612 lueos
534 553 702 631 adoremus,
723 555 752 612 in
773 554 874 631 quibus
895 556 1015 632 grandia
1038 567 1066 616 et

66 643 182 718 antiqua
199 639 305 699 robora
318 638 374 696 iam
389 654 445 695 non
468 645 573 696 tantam
589 637 695 697 babent
710 641 840 715 speeiem
854 648 986 717 quantam
1000 641 1066 700 reli-

65 728 192 803 gionem.
219 722 375 800 Propiores
387 721 436 780 alii
450 730 536 799 atque
548 721 583 780 ad
599 720 666 797 hoe,
682 722 719 781 de
736 740 791 800 quo
809 723 961 801 loquimur,
976 727 1068 802 magis

65 810 164 869 utiles.
202 806 340 866 Lascivus
362 805 476 883 quidem
498 808 527 864 in
549 805 648 864 herois
668 823 784 883 quoque
800 805 955 867 Ovidius
977 818 1006 867 et
1027 811 1067 868 rti-

64 895 151 953 mium
168 900 279 951 amator
295 891 401 966 ingenii
417 891 471 965 sui,
488 889 645 953 laudandus
661 898 755 949 tamen
766 892 795 949 in
810 891 948 969 partibus.
981 890 1109 958 Cor-89

64 978 187 1037 nelins
210 984 303 1034 autem
332 974 508 1047 Severus,
537 975 649 1033 etiamsi
671 975 852 1034 versilloator
873 993 957 1054 quam
979 985 1068 1054 poeta

64 1062 180 1134 melior,
194 1061 218 1118 si
229 1068 333 1132 tamen,
347 1067 377 1117 ut
392 1066 437 1116 est
447 1058 562 1132 dictum,
576 1059 611 1117 ad
626 1059 774 1136 exemplar
786 1061 868 1138 primi
880 1059 945 1120 libri
960 1060 1068 1120 bellum

65 1145 194 1206 Siculum
209 1145 445 1221 perscripsisset,
464 1143 623 1202 vindicaret
638 1143 692 1202 sibi
710 1145 771 1201 iure
789 1144 946 1204 secundum
962 1146 1066 1205 looum.

65 1233 262 1291 Serranum
279 1229 467 1286 consummari
478 1244 555 1285 mors
569 1228 716 1286 immatura
730 1244 786 1286 non
797 1246 884 1307 passa
896 1238 954 1295 est;
971 1231 1067 1306 pueri-

65 1315 103 1375 lia
112 1323 207 1373 tamen
222 1314 284 1370 eius
297 1328 387 1389 opera
400 1319 428 1369 et
445 1313 595 1370 maximam
608 1311 732 1371 indolem
746 1313 935 1373 ostenduntet·
948 1312 1067 1372 admira-

63 1397 320 1476 bilempraeoipue
332 1397 360 1453 in
372 1404 466 1459 aetate
478 1395 527 1454 illo
539 1398 612 1455 recti
624 1398 739 1472 generis
751 1397 936 1456 voluntatem.
953 1396 1110 1462 lllultum90

63 1486 94 1543 in
108 1481 263 1541 Valerio
283 1478 423 1539 Flacco
446 1498 538 1557 nuper
560 1482 713 1540 amisimus.
749 1480 913 1540 Vehemens
931 1490 959 1540 et
974 1482 1067 1559 poeti·

65 1586 130 1628 eum
145 1566 288 1642 ingenium
304 1563 422 1624 Saleii
438 1563 540 1622 Bassi
556 1564 625 1639 init,
645 1583 701 1624 nee
720 1566 812 1642 ipsum
828 1574 963 1625 seneotus
979 1574 1067 1625 matu-

63 1652 149 1711 ravit.
181 1648 355 1708 Rabirius
377 1666 411 1708 ae
426 1647 521 1707 Pedo
543 1665 599 1707 nun
616 1649 723 1726 indigni
740 1650 917 1726 cognitione,
933 1651 958 1707 si
972 1659 1067 1710 vacet.

64 1734 233 1795 Lucanus
257 1732 361 1792 ardens
383 1741 412 1791 et
430 1733 589 1791 concitatus
608 1742 637 1791 et
658 1735 808 1792 sententiis
831 1733 1007 1792 clarissimus
1028 1743 1068 1809 et,

64 1828 96 1877 nt
114 1818 204 1878 dicam
221 1817 297 1894 quod
316 1818 429 1892 sentio,
450 1817 542 1893 magis
563 1816 727 1875 oratoribus
747 1834 830 1894 quam
848 1820 944 1895 poetis
960 1818 1068 1877 imitan-
1158 1840 1160 1849 ¹

64 1902 128 1963 dns.
167 1901 226 1961 Hos
242 1896 465 1978 nominavimus,
491 1901 556 1979 qnia
577 1899 776 1961 Germanicum
797 1899 959 1978 Augustum
975 1901 1010 1960 ab
1027 1902 1067 1960 iu·
1077 1909 1110 1965 91

65 1989 171 2047 stitutis
195 1986 296 2046 studiis
321 1986 440 2047 dellexit
464 2003 533 2045 eura
554 1993 708 2062 terrarum,
731 2003 889 2064 pammque
907 1986 960 2045 diis
977 1987 1068 2046 visum

43 2080 197 2162 <est-esse
213 2089 278 2130 enm
291 2071 442 2129 maximum
456 2079 615 2148 poetarum.
652 2069 726 2143 Quid
749 2078 845 2129 tamen
861 2069 904 2129 his
920 2070 990 2148 ipsis
1005 2071 1068 2129 eius

54 2156 221 2234 operibus,
244 2157 272 2213 in
288 2172 362 2233 quae
381 2154 486 2213 donato
502 2155 625 2232 imperio
643 2155 755 2213 iuvenis
774 2163 957 2229 secesserat,
979 2153 1067 2213 subli-

65 2243 154 2315 mius,
173 2240 304 2313 doctius,
327 2237 457 2297 omnibus
473 2238 598 2315 denique
614 2240 738 2298 numeris
754 2235 966 2317 praestantius?
996 2237 1068 2311 Quis

66 2326 141 2385 enim
159 2331 278 2383 caneret
292 2322 370 2381 bella
385 2322 499 2396 melius,
516 2340 599 2400 quam
617 2324 665 2400 qni
678 2324 720 2380 sic
736 2319 834 2399 gerit?
871 2322 964 2395 Quem
984 2340 1068 2401 prae·

65 2410 195 2469 sidentes
211 2407 311 2466 studiis
326 2406 399 2465 deae
414 2407 534 2484 propius
549 2403 700 2466 audirent?
732 2404 784 2466 Cui
799 2408 890 2483 magis
906 2424 973 2465 suas
991 2416 1068 2467 artes

65 2495 194 2571 aperiret
210 2490 348 2550 familiare
369 2507 473 2549 numen
489 2487 640 2550 Minerva?
675 2489 780 2551 Dioent
801 2490 875 2551 haec
892 2490 1006 2569 plenius
1025 2490 1111 2555 fn·92

65 2586 130 2636 tura
145 2576 275 2650 saecula,
291 2593 365 2633 nuno
387 2575 462 2634 enim
477 2584 638 2634 oeterorum
654 2575 769 2652 fulgore
783 2577 918 2635 virtutum
935 2576 997 2634 laus
1012 2576 1068 2635 ista

66 2662 295 2739 praestringitur.
334 2657 396 2717 Nus
417 2667 512 2717 tamen
531 2677 615 2718 saera
644 2659 800 2718 litterarum
823 2658 956 2719 colentes
979 2658 1069 2734 ieras,

5 2751 6 2768 ³
67 2742 187 2818 Caesar,
203 2745 226 2802 si
244 2760 301 2802 non
322 2745 438 2803 tacitum
459 2742 517 2802 hoo
537 2746 727 2823 praeterimus
743 2753 773 2802 et
792 2742 961 2820 Vergiliano
987 2751 1068 2801 uerte

65 2845 154 2887 versu
169 2837 321 2887 testamur:
641 2895 644 2904 ,

193 2910 277 2972 luter
291 2913 436 2973 victrices
449 2911 597 2973 hederam
612 2911 667 2972 tibi
679 2930 805 2991 serpere
819 2912 936 2972 laurus.

66 2994 198 3071 Elegia
214 3013 330 3074 quoque
347 2995 476 3055 Graecus
493 3013 702 3074 provocamus,
729 2998 810 3055 ouius
830 2996 896 3054 mibi
915 3002 1011 3053 tersus
1027 3003 1112 3059 ιιι-93

68 3096 125 3156 que
147 3078 268 3155 elegans
290 3080 411 3138 maxime
433 3078 547 3138 ridetur
574 3089 676 3139 auctor
701 3078 883 3139 Tibullus.
926 3079 998 3138 Sunt
1020 3080 1069 3157 qui

68 3163 302 3241 Propertium
328 3163 434 3223 malint.
481 3161 636 3223 Ovidius
664 3172 788 3241 utruque
814 3163 967 3238 lascivior,
993 3165 1069 3223 sicut

20 3315 26 3326 .
68 3247 166 3306 durior
181 3246 318 3306 Gallus.
351 3248 473 3307 Satira
490 3247 604 3325 quidem
619 3257 680 3307 tota
694 3256 792 3306 nostra
811 3255 871 3322 est,
891 3248 920 3306 in
937 3265 992 3325 qua
1009 3247 1066 3325 pri-

67 3349 130 3391 mus
145 3332 285 3408 insignem
301 3330 412 3390 laudem
430 3332 551 3410 adeptus
566 3332 731 3391 Lnoilins
748 3330 888 3409 quosdam
901 3333 940 3391 ita
952 3331 1065 3392 deditos

68 3415 123 3475 sibi
138 3414 231 3475 adhue
246 3413 333 3473 habet
349 3424 508 3491 amatores,
524 3426 555 3475 ut
569 3434 634 3475 eum
648 3432 705 3474 non
721 3414 848 3476 eiusdem
864 3416 949 3475 modo
968 3416 1065 3495 operis
1109 3413 1111 3432 '

70 3499 234 3560 auctoribus
254 3498 307 3559 sed
330 3499 460 3560 omnibus
476 3501 572 3579 poetis
594 3499 745 3580 praeieme
759 3516 816 3560 nou
830 3498 967 3560 dubitent.
1000 3497 1108 3576 ragom

111 3604 177 3641 mr.
191 3588 349 3653 pomumll.
487 3595 490 3604 '
876 3582 912 3644 11
