2434 3925
144 204 207 267 250
462 163 820 277 nunnonmnmmm

145 371 331 432 adversorum
354 367 488 429 solatium
512 372 624 431 litteras
639 380 820 450 putavemnt.
865 373 896 433 Si
914 372 1029 450 quando
1044 381 1156 441 tamen

145 457 184 515 ita
207 454 348 514 resederit
368 472 508 531 praesens
531 457 674 533 impetus,
701 464 732 514 ut
753 456 849 533 aliqua
869 466 913 516 tot
935 456 1061 517 luctibus
1090 458 1155 516 alia

147 540 284 615 cogitatio
308 538 395 597 inseri
418 540 529 617 possit,
551 557 609 597 non
630 540 733 598 iniuste
749 541 882 616 petierim
902 558 1002 600 morae
1017 542 1152 600 veniam.

147 622 218 696 Quis
240 623 312 680 enim
334 622 420 684 dilata
444 623 536 684 studia
560 625 696 698 miretur,
727 640 801 702 quae
823 626 919 700 potius
942 641 1000 683 non
1021 623 1155 703 abrupta

105 712 138 766 15
147 724 213 766 esse
229 706 384 766 mirandum
399 703 467 765 est?
510 705 599 782 Tum,
615 708 645 768 si
668 724 723 783 qua
745 707 851 766 fuerint
864 710 956 767 minus
972 708 1082 767 effecta
1101 710 1153 783 iis,

147 808 222 868 quae
237 789 328 848 levius
344 788 436 849 adhuc
457 789 557 850 afflicti
586 807 792 868 coeperamus:
814 792 988 868 imperitanti
1009 793 1153 851 fortunae

146 875 338 948 remittantur,
362 891 454 950 quae,
475 874 499 931 si
513 873 580 951 quid
594 874 781 932 mediocrium
805 874 914 952 alioqui
936 876 964 933 in
986 885 1091 935 nostro
1107 879 1152 934 iu·

147 959 233 1035 genio
250 958 351 1016 virium
365 958 434 1032 fuit,
456 965 558 1017 utnon
573 959 746 1032 extinxerit,
767 956 928 1018 debilitavit
946 969 1050 1018 tamen.
1089 960 1152 1018 Sed

146 1041 194 1102 vel
215 1050 335 1120 propter
355 1041 412 1100 hoo
431 1057 484 1099 nos
506 1042 703 1102 contumacius
729 1042 889 1118 erigamus,
917 1042 994 1119 quod
1014 1043 1097 1102 illam
1121 1051 1153 1101 ut

147 1125 279 1205 perferre
305 1124 389 1183 nobis
416 1125 533 1184 difficile
561 1134 623 1199 est,
650 1126 689 1184 ita
712 1124 799 1184 facile
825 1136 1021 1185 contemnere.
1067 1127 1151 1186 Nihil

148 1211 222 1269 enim
238 1208 291 1268 sibi
307 1208 445 1268 adversus
458 1227 504 1267 mc
518 1209 651 1286 reliquit,
673 1218 702 1267 et
716 1209 862 1268 infelicem
878 1211 992 1287 quidem
1009 1210 1062 1269 sed
1083 1229 1150 1270 cer·

106 1299 140 1353 16
148 1295 284 1353 tissiraam
299 1302 393 1352 tamen
409 1293 502 1351 attulit
516 1292 583 1351 mihi
604 1309 641 1350 ex
666 1292 709 1352 bis
728 1293 810 1352 malis
832 1296 1028 1354 securitatem.
1074 1294 1152 1354 Boni

148 1386 242 1437 autem
259 1376 412 1436 consulere
434 1386 561 1435 nostrum
578 1375 707 1435 laborem
726 1376 775 1436 vel
795 1386 917 1456 propter
942 1378 1000 1437 hoo
1022 1396 1150 1456 aequum

150 1469 211 1535 est,
233 1460 309 1537 quod
325 1461 352 1518 in
367 1460 473 1520 nullum
490 1461 546 1519 iam
561 1462 709 1538 proprium
723 1479 805 1519 usum
830 1480 1070 1539 perseveramus,
1095 1463 1149 1522 sed

149 1545 240 1604 omnis
255 1545 328 1603 haec
345 1561 413 1604 cura
431 1543 539 1604 alienas
556 1544 694 1603 utilitates
711 1544 852 1620 (simodo
871 1546 937 1623 quid
956 1546 1025 1605 utile
1044 1547 1148 1606 scribi·

149 1630 233 1708 mus)
244 1635 366 1705 spectat.
410 1626 470 1687 Nos
493 1629 590 1688 miseri
610 1628 685 1687 sicut
705 1628 860 1688 facultates
877 1631 1040 1708 patrimonii
1054 1631 1148 1690 nostri

150 1713 188 1772 ita
204 1712 349 1791 hocopus
365 1712 429 1772 aliis
444 1712 687 1792 praeparabamus
707 1712 771 1771 aliis
786 1714 990 1792 relinquemus.

501 1865 542 1915 Du
556 1865 791 1916 ruuonnmonu.

234 1964 257 2025 1.
301 1964 497 2024 Peroratio
523 1964 716 2043 sequebatur,
747 1980 830 2040 quam
855 1960 1006 2023 cumulum
1033 1961 1145 2040 quidam

153 2050 374 2112 conclamassent
389 2048 437 2108 alii
454 2057 569 2107 vocant.
613 2047 683 2107 Eius
700 2047 808 2125 duplex
825 2047 898 2105 ratio
919 2054 964 2105 est
983 2048 1078 2124 posita
1099 2054 1145 2106 aut

150 2136 179 2194 in
194 2134 281 2193 rebus
298 2142 346 2192 aut
361 2135 389 2191 in
404 2131 565 2191 aflectibus.
610 2128 742 2190 Rerum
763 2130 945 2208 repetitio
969 2139 997 2189 et
1021 2147 1143 2207 congre·

151 2219 247 2295 gatto,
261 2234 335 2294 quae
352 2214 463 2276 Graece
480 2217 583 2276 dicitur
598 2205 861 2291 ἆνακεφαλαίωσις,
878 2232 894 2274 a
908 2213 1078 2298 quibusdam
1093 2215 1143 2274 ba·

151 2304 273 2361 tinorum
295 2302 496 2376 enumeratio,
519 2308 548 2358 et
569 2301 736 2359 memoriam
759 2299 861 2358 iudicis
881 2298 975 2358 reficit
1001 2307 1031 2357 et
1057 2307 1144 2358 totam

27 2428 48 2450 ,
153 2385 237 2444 simul
254 2402 368 2443 causam
383 2385 463 2462 ponit
479 2393 545 2443 ante
565 2384 668 2444 oculos
687 2392 732 2459 et,
755 2383 866 2442 etiamsi
887 2400 941 2461 per
966 2382 1079 2459 singula
1094 2384 1142 2441 mi·

125 2476 206 2528 dnus
220 2477 366 2543 moverat,
385 2467 467 2526 turba
481 2468 568 2527 valet.
613 2467 645 2527 ln
666 2468 739 2543 hac,
764 2484 837 2545 quae
852 2474 1038 2543 repetemus,
1061 2484 1143 2544 quam

151 2552 322 2612 brevissime
338 2551 459 2611 dicenda
475 2560 558 2629 sunt,
580 2561 625 2627 et,
642 2551 719 2630 quod
740 2550 852 2611 Graeco
874 2549 966 2609 verbo
982 2560 1077 2629 patet,
1094 2551 1142 2610 dc

152 2635 322 2698 currendum
343 2654 397 2714 per
417 2637 520 2713 capita.
564 2635 652 2712 Nam,
674 2636 699 2694 si
719 2634 907 2710 morabimur,
919 2652 986 2693 ·non
1007 2635 1141 2695 iamenu·

151 2722 270 2780 meratio
281 2720 332 2779 sed
345 2721 427 2797 quasi
438 2720 529 2780 altera
545 2720 595 2779 liet
609 2721 712 2779 oratio.
750 2718 831 2792 Quae
848 2728 942 2778 antem
955 2718 1142 2779 enumeranda

151 2804 299 2880 videntur,
312 2822 375 2864 cum
389 2803 518 2882 pondere
533 2803 630 2883 aliquo
643 2804 763 2864 dicenda
779 2811 845 2862 sunt
862 2812 892 2861 et
908 2804 981 2880 aptis
993 2801 1142 2862 excitanda

152 2889 300 2949 sententiis
318 2897 347 2947 et
363 2888 462 2965 figuris
481 2890 581 2966 utique
599 2887 749 2954 varianda;
776 2887 884 2963 alioqui
907 2886 977 2946 nibil
996 2895 1051 2958 cst
1064 2887 1140 2946 odio·

153 2974 211 3031 sius
226 2982 308 3032 recta
323 2973 373 3033 illa
390 2973 563 3050 repetitione
576 2972 658 3031 velut
672 2974 828 3030 memoriae
843 2970 968 3029 iudicum
980 2970 1139 3029 diffidentis.

124 3056 224 3122 38unt
241 3066 334 3116 autem
349 3056 588 3131 innumerabiles,
608 3057 774 3133 optimeque
790 3057 819 3114 in
835 3055 958 3114 Verrem
973 3052 1092 3138 Cicero:
1106 3053 1141 3114 st

151 3148 242 3221 puter
257 3141 322 3220 ipsc
335 3142 498 3215 indicaret,
517 3141 591 3218 qnid
602 3141 728 3213 diceret,
745 3159 813 3200 cuna
828 3140 906 3200 boec
918 3139 1141 3218 producentur?

111 3265 119 3282 i
153 3232 183 3285 et
200 3223 304 3283 deinde
323 3223 445 3284 subiecit
463 3224 722 3291 enumerationem;
743 3233 791 3283 ant
808 3241 872 3282 cum
886 3223 961 3283 idem
975 3224 1003 3281 in
1024 3223 1138 3281 eundem

152 3326 207 3389 per
220 3308 431 3368 invocationem
454 3310 572 3369 deorum
593 3307 717 3386 spoliata
738 3325 754 3366 a
777 3316 913 3384 praetore
935 3306 1043 3384 templa
1065 3307 1137 3365 dinu-

152 3400 253 3454 merat.
296 3391 379 3451 Licet
403 3400 432 3450 et
452 3391 601 3465 dubitare,
626 3410 691 3450 num
715 3390 782 3468 quid
799 3408 854 3449 nos
877 3390 999 3467 fugerit,
1028 3388 1138 3468 etquid

153 3493 345 3558 responsums
360 3475 398 3535 sit
412 3473 592 3536 adversarius
607 3474 652 3535 bis
667 3484 696 3536 et
711 3474 773 3553 his,
794 3482 842 3535 aut
858 3492 942 3554 pam
962 3491 1044 3554 spem
1057 3490 1136 3534 acon-
