2434 3925
339 221 798 289 msc.onnnon.n1n.X,5.s.
990 209 1043 271 181
1130 262 1134 281 ,

35 390 120 460 pter
136 377 213 457 qood
234 377 352 453 accidit,
367 386 398 437 ot
411 397 467 439 nec
480 394 533 438 suo
549 374 616 436 ioco
632 377 757 455 quidque
774 387 911 456 ponatur,
931 397 986 438 nec
1000 378 1050 438 illa

35 482 127 543 quae
156 463 246 541 prima
270 470 336 521 sunt
357 472 474 522 servent
501 478 580 521 suam
606 462 718 538 legem,
739 461 888 522 iuvenibus
912 462 1051 523 flosculos

37 549 177 607 omnium
192 546 312 623 partium
333 546 362 605 in
386 564 421 606 aa
436 563 511 624 quae
526 553 590 604 sunt
612 544 714 605 dicturi
729 545 968 622 congerentibus;
993 563 1050 624 quo

39 633 93 706 iit,
112 640 142 690 ut
158 631 302 706 timentes,
317 647 354 689 ne
373 631 524 707 sequentia
535 628 673 708 perdant,
689 630 786 707 priora
804 630 987 690 confundant.

331 752 333 757 ’
411 781 455 831 on
475 780 699 832 cocrnumoun.

138 875 189 936 vl.
219 875 352 937 Proxima
374 878 441 938 stilo
463 879 645 955 cogitatio
668 886 728 952 est,
752 894 826 955 quae
853 879 958 956 etipsa
973 878 1052 935 vires

43 961 89 1022 ab
101 959 160 1021 hoc
172 961 288 1038 accipit,
309 970 411 1040 estque
424 963 496 1021 inter
508 961 651 1022 scribendi
667 960 797 1022 laborem
812 959 1052 1040 extemporalem-

46 1063 111 1123 que
127 1043 270 1104 fortunam
285 1045 377 1106 media
400 1045 539 1124 quaedam
561 1054 590 1104 et
616 1046 716 1105 nescio
738 1063 774 1104 au
796 1063 865 1104 usus
880 1045 1053 1123 frequentis·

45 1130 128 1188 simi.
157 1126 229 1186 Nam
249 1127 378 1188 scribere
393 1146 448 1189 nec
465 1128 571 1206 ubique
586 1147 642 1189 nec
657 1147 773 1207 semper
789 1146 956 1207 possumus;
973 1129 1053 1203 cogi·

45 1213 156 1272 tationi
171 1213 308 1288 temporis
325 1229 360 1272 ac
375 1212 433 1273 loci
448 1213 597 1291 plurimum
615 1221 669 1272 est.
698 1211 777 1272 Haec
790 1214 890 1290 paucis
905 1211 1054 1272 admodum

46 1296 135 1356 horis
157 1312 275 1370 magnas
300 1297 384 1356 etiam
406 1300 509 1356 causas
525 1296 740 1378 complectitur;
753 1295 843 1370 haec,
862 1297 993 1373 quotiens
1012 1297 1053 1352 in·

48 1380 205 1439 termissus
224 1387 269 1437 est
283 1395 415 1456 somnus,
437 1382 508 1459 ipsis
530 1382 624 1440 noctis
645 1378 772 1440 tenebris
794 1379 954 1446 adiuvatur;
980 1378 1053 1437 haec

51 1465 132 1522 inter
146 1461 257 1521 medios
272 1479 368 1522 rerum
384 1472 464 1523 actus
480 1463 587 1542 aliquid
602 1464 710 1523 invenit
726 1465 808 1523 uacui
831 1481 885 1522 nec
902 1464 988 1522 otium
1004 1479 1053 1540 pa·

49 1548 133 1607 titur.
180 1543 283 1623 Neque
304 1564 374 1607 vero
394 1564 489 1606 rerum
510 1547 640 1607 ordinem
656 1547 760 1622 modo,
783 1548 860 1625 quod
877 1548 969 1624 ipsum
984 1547 1082 1608 satist

53 1638 138 1704 erat,
160 1630 232 1688 intra
247 1646 280 1688 se
296 1631 358 1708 ipsa
376 1631 515 1709 disponit,
534 1631 587 1691 sed
607 1631 698 1690 uerba
717 1633 800 1690 etiam
819 1630 935 1708 copulat
953 1638 1053 1690 totam·

48 1732 115 1794 que
129 1716 169 1774 ita
184 1715 312 1773 conterit
327 1716 502 1790 orationem,
524 1724 554 1775 nt
577 1716 605 1774 ei
621 1714 690 1774 nihii
708 1723 825 1792 praeter
840 1730 951 1772 manum
968 1714 1053 1773 desit.

47 1797 128 1858 Nam
148 1799 304 1857 memoriae
324 1815 439 1877 quoque
464 1799 634 1876 pierumque
662 1797 810 1858 inhaerent
831 1797 959 1872 fidelius,
980 1813 1054 1875 quae

48 1881 136 1942 nulla
153 1880 298 1941 scribendi
313 1883 469 1942 securitate
489 1882 629 1942 laxantur.

142 1966 200 2025 Sed
221 1984 257 2025 ne
282 1966 317 2026 ad
337 1966 411 2027 hanc
433 1967 546 2044 quidem
565 1969 623 2026 vim
637 1965 781 2042 cogitandi
797 1965 941 2043 perveniri
957 1972 1055 2041 potest

52 2055 107 2110 aut
120 2048 214 2109 subito
232 2059 280 2119 aut
295 2051 363 2109 cito.
397 2049 469 2111 Nam
490 2053 607 2128 primum
624 2050 757 2110 iacienda
773 2048 861 2108 multo
877 2047 944 2107 stilo
961 2048 1080 2110 format

54 2141 120 2209 est,
143 2151 216 2211 quae
233 2150 287 2192 nos
307 2136 392 2194 etiam
417 2136 578 2210 cogitantes
608 2142 760 2211 aequatum
785 2141 842 2191 tum
869 2131 1054 2190 assumendus

55 2234 127 2276 usus
144 2217 294 2294 paulatim,
312 2226 343 2276 ut
360 2236 452 2296 pauca
468 2220 587 2296 primum
604 2216 830 2295 complectamur
845 2217 955 2288 animo,
981 2232 1054 2293 quae

54 2300 139 2362 reddi
156 2300 281 2360 fideliter
294 2304 423 2378 possint;
445 2318 513 2364 mox
537 2319 590 2379 per
613 2303 787 2360 incrementa
802 2308 858 2358 tam
874 2298 1002 2374 modica,
1024 2307 1055 2358 ut

57 2386 172 2444 onerari
188 2403 221 2444 se
237 2383 320 2444 labor
334 2385 385 2445 ille
397 2396 454 2444 non
468 2386 584 2460 sentiat,
600 2382 730 2462 augenda
741 2385 785 2443 vis
801 2391 831 2443 et
846 2385 1054 2442 exercitatione

57 2467 145 2528 muita
167 2468 337 2540 continenda
354 2477 408 2546 est,
425 2487 499 2547 quae
512 2469 628 2547 quidem
639 2469 759 2528 maxima
771 2477 901 2545 exparte
918 2468 1054 2526 memoria

60 2560 180 2611 constat.
212 2551 341 2629 Ideoque
357 2552 452 2632 aliqua
466 2552 533 2614 mihi
549 2554 577 2611 in
597 2552 676 2612 iilum
693 2551 788 2612 locum
805 2550 961 2611 differenda
979 2559 1054 2609 sunt.

59 2633 103 2694 Eo
116 2644 210 2694 tamen
224 2638 375 2714 pervenit,
391 2647 421 2696 ut
438 2639 481 2713 is,
497 2638 543 2696 cui
561 2654 620 2696 non
634 2636 799 2712 refragetur
814 2636 976 2712 ingenium,
995 2634 1082 2694 amit

61 2717 153 2777 studio
169 2719 279 2779 adiutus
305 2728 410 2779 tantum
426 2729 639 2799 consequatur,
663 2729 693 2779 ut
714 2720 741 2778 ei
762 2727 818 2778 tam
834 2735 907 2795 quae
924 2717 1055 2792 cogitarit

61 2819 144 2879 quam
164 2820 238 2880 quae
259 2805 409 2881 scripserit
430 2813 516 2882 atque
537 2804 688 2864 edidicerit
707 2804 736 2863 in
758 2801 880 2862 dicendo
895 2800 979 2860 iidem
994 2812 1054 2857 ser·

61 2892 138 2943 vent.
170 2882 274 2945 Cicero
290 2896 372 2946 certe
389 2885 563 2946 Graecorum
574 2886 769 2947 Metrodorum
782 2885 933 2961 Scepsium
952 2892 981 2941 et
990 2882 1054 2942 Em·

62 2965 158 3047 pylum
173 2966 314 3029 Rhodium
328 2978 549 3048 nostrorumque
563 2970 746 3030 Hortensium
767 2967 896 3043 tradidit,
917 2983 990 3044 quae
1007 2983 1054 3026 co·

64 3051 233 3128 gitaverant,
253 3052 422 3113 adverbum
439 3055 466 3113 in
482 3052 595 3130 agendo
612 3053 755 3113 retulisse.

146 3133 205 3194 Sed
220 3137 244 3194 si
259 3135 335 3195 forte
350 3137 452 3215 aliquis
465 3140 539 3196 inter
553 3135 703 3197 dicendum
715 3133 862 3194 effulserit
875 3143 1083 3212 extempora·5

65 3218 101 3278 lis
117 3216 209 3293 color,
228 3235 285 3277 non
301 3223 501 3296 superstitiose
514 3222 648 3297 cogitatis
662 3219 773 3279 demum
788 3227 833 3277 est
844 3218 1054 3278 inhaerendum.

65 3299 166 3379 Neque
182 3303 257 3360 enim
275 3310 380 3361 tantum
395 3302 501 3363 habent
515 3321 613 3378 curae,
629 3312 731 3363 utnon
748 3303 784 3361 sit
800 3302 907 3364 dandus
923 3311 952 3362 et
966 3302 1055 3361 fortu-

49 3399 118 3445 'nae
138 3385 232 3460 loeus,
252 3402 314 3444 cum
329 3402 418 3462 saepe
437 3389 522 3447 etiam
537 3388 652 3465 scriptis
668 3402 791 3464 eaquae
806 3386 901 3446 subito
912 3394 977 3446 nata
992 3394 1056 3443 sunt

66 3469 235 3529 inserantur.
272 3467 400 3546 Ideoque
422 3478 513 3530 totum
534 3470 591 3530 hoc
614 3471 829 3531 exercitationis
849 3489 941 3547 genus
957 3472 995 3529 ita
1014 3471 1053 3526 in-
