2434 3925
346 296 435 345 mam
449 295 598 347 uacuos.
612 291 780 362 u1s.x1,a.
1006 281 1067 344 229
1100 286 1105 300 ‘

73 454 189 532 legere.
218 450 348 531 Namque
363 454 393 511 iu
406 451 451 512 bis
464 450 594 511 omnibus
611 460 640 510 et
653 450 698 509 vis
712 449 762 509 illa
778 449 892 510 dicendi
907 451 1027 511 solvitur
1041 459 1070 510 et
1076 460 1126 514 133

72 538 209 615 frigescit
230 537 351 596 allectus
369 545 399 596 et
422 536 509 596 iudex
529 553 629 614 parum
645 533 701 593 sibi
724 536 866 612 praestari
885 537 1068 594 reverentiae

73 622 179 682 credit.
217 619 352 680 Transire
378 622 406 679 iu
431 620 546 680 diversa
569 617 723 694 subsellia,
751 636 849 696 parum
873 618 1068 678 verecundum

72 715 132 767 est.
163 702 236 765 Nam
256 714 286 764 et
306 701 424 767 Cassius
446 705 573 764 Severus
594 701 704 761 urbane
727 702 866 761 adversus
888 701 946 762 boc
960 701 1068 761 lacien-

70 798 133 850 tem
148 787 240 848 lineas
255 789 400 866 poposcit.
426 786 463 846 Et
478 787 502 846 si
516 786 668 865 aliquando
685 786 828 846 concitate
842 787 912 845 itur:
928 804 1069 864 nunquam

70 891 133 934 uon
147 872 251 948 frigide
265 872 384 931 reditur.
411 869 528 931 Multum
544 889 581 929 ex
595 870 641 945 iis,
658 888 733 948 qnae
748 871 952 948 praecipimus,
968 870 1127 928 mutari134

70 973 200 1018 necesse
217 965 262 1015 est
282 955 318 1015 ab
336 957 386 1032 iis,
409 956 458 1033 qui
478 955 574 1015 dicunt
589 954 665 1032 apud
679 952 840 1014 tribunalia.
872 952 944 1014 Nam
962 961 991 1012 et
1005 952 1067 1013 uul-

70 1049 121 1101 tus
137 1041 279 1115 erectior,
295 1050 325 1099 ut
341 1058 420 1114 eum,
439 1034 515 1117 apud
530 1056 616 1117 quern
631 1039 748 1112 dieitur,
764 1046 894 1116 spectet;
911 1046 940 1097 et
954 1046 1067 1114 gestus,

69 1133 104 1185 ut
119 1124 157 1184 ad
173 1124 294 1184 eundern
308 1123 446 1199 tendens,
462 1121 567 1183 elatior
580 1124 631 1197 sit,
647 1140 772 1181 necesse
788 1131 847 1191 est;
864 1130 894 1182 et
908 1122 975 1196 alia,
994 1139 1069 1201 quae

72 1225 233 1268 occurrere
255 1209 340 1267 etiam
362 1225 408 1266 me
429 1215 545 1267 tacente
567 1205 699 1266 omnibus
721 1216 850 1283 possunt.
880 1205 1011 1284 Itemque
1031 1203 1068 1265 ab

69 1293 127 1368 fis,
151 1292 200 1370 qui
219 1291 357 1351 sedentes
380 1298 475 1368 agent.
506 1289 578 1350 Nam
594 1300 624 1350 et
638 1290 701 1350 iere
716 1290 747 1350 llt
760 1289 818 1350 boo
830 1292 860 1350 in
873 1290 962 1350 robus
978 1290 1068 1348 mino·

72 1375 172 1451 ribus,
194 1384 223 1435 et
237 1375 324 1435 iidem
341 1377 465 1454 impetus
480 1375 602 1434 aetionis
618 1392 686 1434 esse
703 1392 760 1433 nou
775 1384 911 1453 possunt,
935 1382 964 1433 et
979 1391 1067 1452 quae·

72 1460 140 1520 dam
154 1456 222 1518 vitia
238 1459 306 1519 fiunt
319 1457 496 1518 necessaria.
519 1456 591 1519 Nam
606 1466 636 1518 et
651 1459 754 1519 dexter
768 1477 822 1537 pes
838 1477 854 1518 a
869 1458 953 1518 laeva
968 1458 1125 1525 iudicisltt

72 1542 189 1604 sedenti
205 1543 396 1621 proferendus
418 1552 478 1617 est,
502 1552 532 1602 et
548 1561 587 1602 ex
602 1541 693 1603 altera
709 1551 792 1621 parte
806 1542 885 1602 multi
902 1550 1003 1619 gestus
1016 1559 1066 1600 ne-

75 1644 163 1688 cesse
180 1635 225 1686 est
240 1628 268 1686 in
287 1629 429 1687 sinistrum
445 1635 526 1701 eant,
549 1634 580 1686 ut
603 1627 639 1687 ad
660 1626 784 1686 iudicem
804 1634 948 1705 spectent.
979 1624 1067 1703 llqui·

72 1711 141 1772 dem
161 1711 318 1790 plerosque
340 1720 370 1770 et
389 1711 425 1771 ad
446 1711 573 1788 singulas
595 1711 800 1778 sententiarum
822 1709 966 1770 clausulas
979 1709 1067 1769 video

72 1804 263 1872 assurgentes
286 1804 315 1855 et
337 1794 490 1855 nonnullos
516 1792 639 1854 subinde
660 1793 767 1872 aliquid
789 1795 875 1855 etiam
897 1793 1066 1872 spatiantes,

74 1879 154 1958 quod
169 1896 204 1938 an
221 1878 341 1954 deceat,
362 1881 418 1957 ipsi
432 1878 570 1947 uiderint3
595 1896 659 1938 cum
673 1878 703 1938 id
718 1877 837 1954 iaciunt,
857 1894 915 1937 non
930 1877 1067 1937 sedentes

73 1971 171 2040 agunt.
207 1963 313 2024 Bibere
334 1974 382 2024 aut
403 1965 488 2023 etiam
508 1981 576 2022 esse
600 1961 853 2039 interagendum,
876 1954 1125 2041 quod'multislssb

73 2049 163 2107 moris
187 2047 238 2107 fuit
257 2057 287 2107 et
307 2058 351 2107 est
372 2047 558 2128 quibusdam,
580 2046 616 2107 ab
640 2056 756 2106 oratore
777 2063 842 2106 meo
863 2044 966 2123 procul
982 2043 1066 2104 absit.

72 2130 146 2192 Nam
162 2133 185 2190 si
201 2133 264 2210 quis
281 2132 366 2192 aliter
381 2131 494 2193 dicendi
510 2149 599 2191 onera
615 2130 749 2209 perterre
763 2147 821 2207 uon
835 2130 939 2209 possit,
956 2146 1013 2187 non
1029 2129 1067 2188 ita
1101 2193 1103 2206 Ι

73 2216 209 2275 miserum
225 2225 271 2274 est
287 2233 344 2275 non
365 2234 455 2293 agere
477 2216 631 2294 potiusque
652 2214 741 2275 multo
763 2232 848 2293 quam
868 2223 898 2275 et
919 2213 1017 2291 operis
1038 2220 1068 2271 et

72 2299 217 2359 homiuum
233 2309 426 2378 contemptum
442 2299 536 2360 lateri.
1120 2304 1123 2308 '

160 2380 291 2443 Cultus
313 2401 370 2443 non
390 2393 436 2443 est
456 2384 592 2462 proprius
606 2384 728 2445 oratoris
746 2382 848 2460 aliquis
863 2382 916 2442 sed
933 2380 1024 2457 magis
1040 2379 1124 2438 in137

74 2475 191 2527 oratore
214 2470 400 2545 conspicitur.
435 2465 533 2540 Quare
549 2470 601 2542 sit,
626 2476 657 2527 ut
678 2467 810 2527 omnibus
830 2465 958 2526 honestis
979 2463 1068 2524 debet

75 2569 158 2626 esse,
174 2551 343 2630 splendidus
358 2561 388 2612 et
402 2551 504 2611 virilis.
535 2550 607 2610 Nam
625 2561 654 2611 et
668 2560 737 2629 toga
754 2560 783 2610 et
799 2551 916 2610 calceus
932 2558 961 2609 et
977 2547 1066 2625 capil-

75 2635 120 2695 lus
145 2643 202 2694 tam
225 2638 309 2697 nimia
337 2654 405 2696 cura
424 2653 507 2713 quam
532 2636 709 2713 negligentia
732 2643 796 2695 sunt
817 2631 1065 2713 reprehendenda.

74 2716 128 2778 Est
142 2718 249 2797 aliquid
264 2722 291 2778 in
307 2722 421 2796 amictu,
438 2719 515 2798 quod
530 2721 622 2798 ipsum
634 2720 817 2799 aliquatenus.
824 2727 985 2795 temporum
999 2731 1066 2774 oon·

76 2801 190 2861 dicione
210 2812 344 2863 mutatum
366 2813 420 2863 est.
455 2803 527 2863 Nam
549 2803 698 2864 veteribus
718 2803 788 2862 nulli
811 2803 905 2875 sinus,
927 2815 1066 2878 perquam

75 2885 182 2945 breves
203 2897 270 2964 post
290 2887 357 2947 illos
377 2889 500 2947 fuerunt.
537 2886 638 2966 ltaque
660 2888 744 2946 etiam
766 2894 851 2962 gestu
872 2900 995 2943 necessa
1022 2885 1123 2941 estlts

75 2985 145 3028 usos
172 2986 239 3029 esse
262 2973 291 3030 in
312 2972 460 3049 principiis
483 2987 536 3029 eos
562 2971 637 3047 alio,
664 2987 784 3048 quorum
804 2967 967 3041 brachium,
993 2967 1067 3025 siout

77 3052 268 3130 Graecorum,
294 3064 378 3114 veste
405 3053 614 3114 continebatur.
650 3054 709 3114 Sed
730 3069 784 3111 nos
807 3051 842 3111 de
864 3049 1066 3129 praesentibus

75 3136 228 3213 loquimur.
263 3134 315 3198 Cui
331 3139 380 3198 lati
395 3139 470 3198 clavi
484 3139 528 3196 ius
542 3155 599 3197 nou
615 3139 679 3213 erit,
698 3138 736 3196 ita
751 3137 890 3212 cingatur,
907 3144 937 3195 ut
954 3135 1066 3193 tunicae

77 3218 222 3299 prioribus
245 3223 304 3280 oris
318 3222 391 3282 intra
406 3240 500 3299 genua
515 3223 646 3300 paulum,
670 3219 879 3298 posterioribus
900 3218 936 3280 ad
954 3219 1066 3278 medios

77 3303 203 3382 poplites
223 3322 315 3384 usque
335 3308 513 3381 perveniant.
546 3305 619 3365 Nam
640 3305 714 3363 infra
730 3304 880 3363 mulierum
896 3311 956 3378 est,
979 3318 1073 3380 supra,

78 3390 283 3448 centurionum.
317 3387 355 3448 Ut
376 3407 501 3468 purpura
523 3398 604 3449 recte
628 3387 802 3462 descendat,
828 3387 902 3446 levis
922 3405 990 3446 cura
1006 3388 1123 3451 est;139

77 3480 189 3531 notatur
214 3473 325 3531 interim
344 3473 529 3549 negligentia.
561 3472 660 3532 Latum
686 3471 850 3531 habentium
876 3471 987 3533 olavum
1005 3485 1065 3528 mo·

78 3554 128 3615 dus
145 3563 206 3633 est,
229 3564 259 3615 ut
280 3558 316 3617 sit
332 3556 446 3635 paulum
462 3557 562 3617 cinctis
580 3557 767 3617 summissior.
797 3553 892 3635 Ipsam
907 3564 1005 3630 togam
1019 3571 1065 3614 ro-
