2434 3925
335 226 754 295 msr.onauon.u1a.x,a.
770 226 797 280 3.
1006 211 1062 279 1⁷1

47 384 103 448 M.
123 384 233 447 'l'ullias
252 381 345 444 dixit?
373 382 441 444 llilri
456 385 654 463 quidemsatis
671 377 760 462 esset,
777 387 802 444 si
817 385 911 444 omnia
927 386 1067 462 consequi

49 488 196 550 possem.
224 469 298 542 Quid
315 477 409 527 tamen
424 480 544 529 noceret
559 471 615 529 vim
630 468 775 544 Caesaris,
794 471 977 547 asperitatem
994 467 1066 528 an-v

50 555 115 630 lii,
140 554 317 630 diligentiam
339 550 493 628 Pollionis,
516 554 650 614 iudicium
668 552 749 615 Calvi
765 553 932 632 quibusdam
949 556 977 612 in
992 553 1065 612 locis

1 657 2 690 ;
52 634 239 699 assumere?
268 635 340 694 Nam
355 647 472 714 praeter
487 639 514 698 id
527 638 605 716 quod
621 639 768 716 prudentis
784 646 839 713 est,
856 637 932 714 quod
949 638 977 695 in
995 647 1108 713 quo-26

1 771 2 776 ,
56 740 125 801 que
148 722 286 798 optimum
307 729 369 794 est,
388 722 412 778 si
433 723 541 798 possit,
565 741 647 781 suum
662 721 778 782 lacere:
798 729 856 780 tum
876 723 904 779 in
925 729 1001 779 tanta
1023 723 1066 780 rei

1 823 3 861 t
56 805 238 867 difficultate
254 823 338 862 unum
352 805 495 864 intuentes
510 808 558 864 vix
575 806 671 883 aliqua
688 814 757 885 pars
771 807 909 884 sequitur.
936 803 1064 881 Ideoque

1 911 2 944 ;
59 909 131 951 cum
146 897 236 948 totum
251 889 415 965 exprimere
437 907 520 967 quem
541 890 669 966 elegeris
685 908 778 968 paene
795 890 832 947 sit
845 888 951 947 homiui
968 889 1065 946 incon·

1 999 3 1032 ι
58 992 200 1034 cessum:
216 972 339 1051 plurium
353 971 429 1032 hona
445 990 583 1051 ponamus
601 982 666 1032 ante
683 974 796 1048 oculos,
813 981 845 1031 ut
859 971 936 1031 aliud
952 989 991 1030 ex
1007 971 1064 1031 alio

1 1085 2 1096 ¹
58 1058 197 1133 haereat,
216 1066 244 1115 et
261 1056 337 1132 quod
353 1059 456 1134 cuique
473 1056 539 1117 loco
558 1060 710 1117 conveniat
726 1066 865 1135 aptemus.

1 1193 3 1200 ,
151 1140 272 1200 imitatio
288 1147 382 1198 autem
395 1141 474 1218 (nam
492 1143 607 1219 saepius
621 1141 696 1200 idem
710 1142 817 1219 dicam)
835 1157 892 1198 non
908 1140 945 1198 sit
960 1146 1105 1202 tantumai

1 1249 4 1284 r
61 1228 94 1286 in
109 1224 218 1285 verbis.
253 1222 326 1283 Illuc
347 1225 518 1285 intendenda
539 1243 638 1301 mens,
668 1233 802 1302 quantum
821 1222 906 1283 luerit
922 1222 978 1282 illis
996 1224 1064 1280 viris

1 1335 2 1350 2
64 1309 185 1370 decoris
200 1310 228 1367 in
240 1307 327 1367 rebus
343 1317 429 1386 atque
444 1311 590 1387 personis,
609 1309 685 1387 qnod
698 1309 859 1382 consilium,
878 1324 951 1385 quae
967 1306 1063 1383 dispo·

1 1423 2 1448 l
63 1395 150 1466 sitio,
174 1410 257 1471 quarn
274 1395 384 1468 omnia,
408 1396 493 1453 etiam
520 1411 594 1472 quae
617 1391 973 1453 delectationi¹videautur
988 1391 1064 1464 data,

64 1478 102 1537 ad
122 1477 272 1535 victoriam
294 1486 442 1554 spectent;
465 1477 531 1555 quid
550 1486 652 1555 agatur
672 1478 842 1556 prooemio,
859 1492 932 1553 quae
946 1475 1019 1533 ratio
1035 1483 1065 1532 ct

64 1578 152 1639 quam
166 1561 245 1619 varia
261 1560 403 1636 narrandi,
422 1579 496 1639 quae
511 1563 556 1620 vis
572 1560 712 1639 probandi
727 1580 762 1621 ac
778 1558 940 1632 refellendi,
960 1566 1064 1635 quanta
1171 1547 1178 1563 '

61 1645 93 1703 in
109 1643 261 1704 affectibus
278 1645 368 1702 omnis
385 1646 502 1721 generis
518 1645 668 1704 movendis
682 1646 818 1718 scientia,
844 1660 985 1720 quamque
1002 1641 1064 1701 laus

63 1731 129 1807 ipsa
146 1727 294 1811 popularis
315 1728 444 1788 utilitatis
465 1730 555 1805 gratia
571 1738 732 1808 assumpta,
756 1745 830 1807 quae
855 1737 912 1786 tum
935 1735 980 1785 est
1001 1725 1063 1803 pul-

66 1812 220 1887 cherrima,
233 1829 296 1870 cum
309 1814 438 1889 sequitur
451 1830 508 1871 non
520 1830 582 1885 cum
592 1815 758 1873 arcessitur.
780 1810 859 1870 Haec
871 1812 895 1869 si
907 1809 1064 1887 pervideri·
1149 1878 1154 1897 ·

64 1913 140 1971 mus,
155 1905 213 1954 tum
226 1913 297 1954 vere
318 1896 497 1955 imitabimur.
536 1895 591 1970 Qui
604 1914 676 1957 vero
698 1898 783 1956 etiam
797 1896 914 1974 propria
929 1892 972 1952 his
990 1891 1106 1956 bonate
1169 1902 1171 1911 ’

63 1981 215 2056 adiecerit,
232 1989 262 2040 ut
279 1981 414 2058 suppleat
430 2000 504 2059 quae
522 1981 656 2058 deerant,
678 1980 877 2054 circumcidat,
896 1979 920 2036 si
936 1977 1003 2055 quid
1018 1994 1063 2035 re·

66 2062 217 2125 dundahit:
241 2065 267 2123 is
283 2067 353 2141 crit,
380 2083 465 2143 quem
482 2068 661 2143 quaerimus,
683 2065 831 2144 perlectus
848 2070 962 2128 oraton
978 2077 1063 2138 quern

65 2170 142 2212 nuno
173 2147 363 2210 consummari
388 2150 565 2226 potissimum
592 2157 743 2228 oporteat,
777 2164 841 2207 cum
872 2154 950 2205 tanto
980 2143 1063 2221 plura

67 2234 201 2313 exempla
215 2233 291 2293 bene
308 2233 421 2293 dicendi
437 2236 592 2312 supersint,
608 2251 692 2312 quam
707 2231 775 2305 illis,
792 2230 839 2308 qui
856 2229 949 2290 adhuc
963 2227 1063 2286 summi

67 2327 143 2396 sunt,
172 2320 363 2394 contigerunt.
403 2316 475 2377 Nam
496 2316 646 2376 erithace
673 2333 788 2394 quoque
810 2314 874 2377 laus
893 2329 1009 2388 eorum,
1032 2319 1063 2370 ut

67 2405 182 2483 priores
198 2418 365 2483 superasse,
377 2410 514 2479 posteros
529 2400 815 2477 docuissedicantur.

375 2551 528 2614 QUOMODO
545 2552 760 2612 scnrssunoun.

149 2649 200 2711 111.
231 2648 269 2709 Et
290 2650 364 2711 haec
386 2651 500 2730 quidem
519 2652 624 2712 auxilia
643 2651 822 2710 extrinsecus
838 2648 1018 2713 adhibentur:
1034 2645 1063 2705 in

1 2730 2 2739 ’
67 2737 102 2796 iis
119 2752 192 2812 quae
207 2734 290 2794 nobis
302 2735 373 2814 ipsis
385 2735 511 2813 paranda
526 2745 600 2811 sunt,
616 2745 647 2795 ut
662 2735 769 2795 laboris
782 2735 824 2792 sic
835 2732 963 2792 utilitatis
977 2730 1063 2789 etiam

68 2821 156 2894 longe
167 2818 316 2896 plurimum
334 2819 418 2878 affert
432 2821 555 2880 stilus.
586 2818 649 2879 Nec
662 2819 802 2878 immerito
813 2815 851 2874 n.
865 2815 974 2874 'lullius
987 2813 1064 2872 hunc

69 2904 210 2981 optimum
237 2903 407 2986 effectorem
431 2923 471 2964 ac
503 2904 682 2982 maqistrum
709 2901 833 2963 dicandi
855 2898 983 2964 vocavit;
1017 2897 1063 2956 cui

71 2987 229 3045 sententiae
251 3005 405 3065 personam
422 2986 453 3045 L.
476 2984 574 3046 Orassi
596 2988 624 3046 iu
648 2981 886 3064 disputationibus
908 2998 981 3058 quae
998 2988 1063 3040 sunt

73 3063 108 3131 de
126 3078 241 3130 oratore
260 3071 448 3149 assignando,
470 3070 603 3131 iudicium
624 3087 705 3128 suum
723 3085 787 3127 oum
800 3066 876 3125 illius
892 3064 1061 3124 auctoritate

74 3154 226 3214 coniunxit.
268 3154 454 3216 scribendum
475 3171 547 3231 ergo
575 3172 659 3232 quam
681 3151 897 3228 diligentissime
923 3157 952 3207 et
978 3154 1088 3225 quamn

72 3238 229 3319 plurimum.
259 3238 330 3299 Nam
345 3248 375 3298 ut
389 3249 466 3299 terra
481 3239 565 3299 altius
586 3238 694 3297 ellossa
708 3234 879 3312 generandis
894 3230 1063 3310 alendisque
1104 3269 1108 3282 ·

74 3322 225 3381 seminibus
245 3322 395 3382 fecundior
414 3324 458 3383 lit:
477 3325 520 3382 sic
541 3322 692 3400 proiectus
715 3336 771 3377 non
790 3337 807 3378 a
827 3334 934 3376 summo
954 3318 1061 3394 petitus

74 3406 227 3467 studiorum
242 3407 351 3466 tructus
367 3416 396 3466 et
412 3407 502 3466 tundit
513 3405 630 3465 uberius
646 3412 675 3463 et
694 3402 806 3463 fidelius
824 3402 960 3461 continet.
990 3397 1062 3458 Nam

75 3490 134 3551 siue
145 3491 201 3551 hac
218 3491 333 3572 quidem
349 3492 523 3552 conscientia
543 3492 606 3569 ipsa
622 3488 672 3548 illa
690 3505 728 3548 ex
742 3496 873 3567 tempore
890 3484 1003 3546 dicendi
1020 3483 1060 3543 la·
