2434 3925
173 180 213 244 30
489 191 848 251 u.unn.qu1ur1n1nu1

131 360 164 412 55
253 346 317 407 lloo
338 345 477 426 amplius,
495 353 525 405 ιιι
542 347 699 407 institutum
716 344 845 406 ordinem
862 363 985 424 sequar,
1006 345 1101 407 verba
1126 356 1184 408 aut

158 432 269 493 *Latina
288 439 335 490 aut
353 431 507 509 peregrina
526 438 600 490 sunt.
639 429 844 507 Peregrina
865 445 954 508 porro
974 447 1012 490 ex
1033 431 1181 491 omnihus

172 532 266 594 prope
293 515 414 574 dixerim
434 514 568 591 gentibus
591 523 623 573 ut
647 515 774 574 instituta
798 515 883 573 etiam
903 514 991 575 multa
1011 524 1178 574 venerunt.

131 599 269 664 salacea
288 598 325 658 de
340 598 441 658 Tuscis
463 608 492 658 et
507 598 621 659 Sabinis
641 607 670 658 et
687 597 880 658 Praenestinis
895 614 1025 675 quoque;
1049 616 1120 658 nam
1145 608 1179 658 nt

173 701 272 743 eorum
292 699 424 742 sermone
444 691 570 742 utentem
585 682 718 741 Vectium
732 680 857 741 Lucilius
878 683 1050 757 insectatur,
1067 699 1176 760 quem·

173 767 321 828 admodum
345 766 438 827 Pollio
468 765 659 845 deprehendit
681 767 709 824 in
732 764 811 825 livio
838 764 1068 842 Patavinitatem,
1097 766 1178 826 licet

131 853 265 917 sromnia
283 850 382 911 Italica
401 867 455 931 pro
470 849 605 910 Romanis
626 848 756 924 habeam.
790 848 914 908 Plurima
932 847 1043 910 Gallica
1064 850 1174 910 value-

172 945 236 995 runt
259 938 390 998 otredo
412 937 661 1013 acpetorritam,
684 951 804 1011 quorum
825 932 918 994 altero
941 941 1035 993 tamen
1058 932 1174 994 Cicero

173 1020 264 1080 altero
283 1018 417 1079 Horatius
437 1021 535 1078 utitur.
574 1017 613 1078 Et
629 1035 774 1095 mappam
793 1018 870 1076 circo
893 1033 1009 1096 quoquc
1030 1020 1172 1077 usitatum

84 1131 86 1136 v
171 1121 275 1164 nomen
296 1102 385 1163 Poeni
408 1102 462 1162 sibi
482 1103 642 1176 vindicant,
665 1109 695 1162 et
717 1103 851 1179 pardos,
879 1118 953 1179 quos
974 1118 1028 1180 pro
1050 1101 1172 1162 stolidis

130 1197 165 1250 58
173 1188 277 1265 accipit
299 1187 421 1263 vulgus,
445 1205 483 1247 ex
501 1186 637 1264 Hispania
659 1185 778 1244 duxisse
799 1186 940 1262 originem
961 1186 1065 1245 audivi.
1107 1187 1170 1246 Sed

173 1272 246 1332 haec
267 1270 369 1329 divisio
392 1288 456 1330 mea
478 1270 514 1330 ad
534 1269 711 1330 Graecum
733 1285 895 1328 sermonem
915 1271 1072 1348 praecipue
1096 1288 1168 1348 per·

172 1358 258 1428 tinet,
280 1372 343 1413 nam
359 1362 388 1413 et
402 1356 521 1414 maxima
541 1372 579 1413 ex
594 1362 676 1432 parte
690 1353 835 1412 Romanus
850 1353 916 1412 inde
932 1370 1092 1413 conversus
1109 1350 1167 1429 esl,

173 1448 202 1499 et
222 1437 365 1498 confessis
388 1456 504 1516 quoque
527 1437 646 1498 Graecis
667 1439 770 1497 utimur
790 1436 973 1513 verbis„ubi
995 1446 1095 1497 nostra
1115 1438 1167 1497 de·

173 1530 254 1596 sunt,
285 1523 358 1582 siout
379 1522 421 1582 illi
442 1540 644 1599 nonnunquam
667 1540 684 1581 a
707 1520 790 1580 nobis
811 1529 982 1581 mutuantur.
1022 1520 1093 1581 lnde
1115 1521 1166 1581 illa

174 1607 304 1684 quaestio
324 1609 467 1681 exoritur,
490 1624 525 1665 an
543 1606 644 1666 eadem
658 1606 769 1665 ratione
785 1624 839 1685 per
859 1623 942 1664 casus
960 1605 1025 1665 duci
1045 1614 1166 1665 externa

131 1693 165 1747 59
174 1708 229 1768 qua
247 1699 345 1749 nostra
363 1692 523 1751 conveniat.
556 1690 602 1749 Ao
619 1692 643 1748 si
658 1691 789 1767 reperias
804 1691 1016 1767 grammaticum
1033 1698 1165 1750 veterum

173 1782 343 1835 amatorem:
373 1783 461 1851 neget
488 1775 642 1853 quidquam
664 1793 703 1834 ex
729 1773 827 1833 Latina
852 1775 964 1832 ratione
984 1773 1164 1840 mutandum

174 1861 253 1937 quia,
278 1877 341 1918 cum
361 1860 398 1918 sit
419 1859 494 1937 apud
510 1876 564 1918 nos
587 1876 671 1918 casus
692 1857 849 1932 ablativus,
872 1874 957 1934 quem
975 1857 1018 1918 illi
1037 1874 1096 1916 non
1115 1855 1163 1916 ha-

172 1943 255 2019 bent,
279 1961 377 2022 parum
403 1944 571 2019 conveniat,
598 1959 655 2003 uno
678 1960 747 2004 casu
773 1950 873 2002 nostro
896 1943 1022 2020 quinque
1045 1941 1163 2002 Graecis

130 2029 227 2097 60uti3
250 2030 317 2105 quin
339 2030 423 2089 etiam
445 2028 541 2088 laudet
555 2030 689 2087 virtutem
708 2044 824 2100 eorum,
847 2028 895 2104 qui
910 2028 1104 2104 potentiorem
1123 2026 1162 2085 ia·

172 2130 241 2172 cere
260 2113 384 2188 linguam
402 2111 528 2172 Latinam
544 2111 713 2187 studebant,
731 2129 787 2171 nec
804 2110 906 2170 alienis
922 2128 1013 2186 egere
1030 2111 1162 2169 institutis

171 2194 342 2255 fatebantur
380 2193 449 2253 lnde
467 2193 624 2256 Castorem
637 2195 730 2254 media
751 2194 863 2269 syllaba
879 2194 1019 2274 producta
1040 2210 1162 2279 propun-

172 2281 291 2352 tiarunt,
312 2276 449 2355 quiahoc
464 2278 594 2339 omnibus
608 2279 715 2343 nostris
730 2277 890 2338 nominibus
906 2277 1071 2353 accidebat,
1093 2292 1161 2356 quo·

172 2380 234 2421 rum
255 2363 345 2440 prima
362 2362 469 2439 positio
489 2366 517 2423 in
540 2361 657 2422 easdem
678 2379 749 2441 quas
772 2359 883 2424 Castor
904 2363 1015 2423 litteras
1036 2363 1111 2429 exit;
1134 2369 1162 2420 ct

172 2455 203 2505 ut
217 2443 361 2507 Palaemo
383 2463 417 2504 ac
437 2444 558 2507 Telamo
571 2454 601 2506 et
615 2444 702 2508 Plato
721 2446 799 2523 (nam
818 2448 861 2506 sic
884 2465 949 2506 eum
969 2444 1073 2505 Cicero
1093 2462 1161 2524 quo·

172 2548 229 2608 que
251 2529 395 2609 appellat)
417 2531 598 2605 dicerentur,
618 2532 810 2605 retinuerunt,
833 2533 898 2608 quia
920 2530 1063 2605 Latinum,
1086 2528 1161 2607 quod

131 2609 189 2674 ⁶¹0
204 2623 233 2674 et
250 2634 271 2675 n
288 2614 392 2674 litteris
413 2613 639 2690 liniretur,=non
660 2612 856 2691 reperiebant.
892 2613 937 2674 Ne
959 2615 988 2674 in
1008 2633 1029 2674 a
1051 2614 1161 2691 quidem

172 2707 258 2776 atque
272 2717 289 2759 o
303 2697 414 2758 litteras
431 2699 512 2757 exire
528 2707 638 2757 temere
652 2697 808 2757 masculina
826 2696 937 2759 Graeca
954 2699 1066 2757 nomina
1080 2706 1159 2756 recto

172 2798 241 2842 casu
262 2781 458 2860 patiebantur,
483 2782 609 2859 ideoque
633 2790 662 2841 et
684 2781 759 2859 apud
781 2780 910 2841 (laelium
931 2781 1054 2858 legimus
1076 2779 1159 2841 Pelia

174 2864 372 2928 Cincinnatos
392 2872 421 2924 et
443 2866 518 2943 apud
536 2865 691 2925 Messalam
709 2864 793 2926 Bene
808 2867 883 2945 fecit
905 2862 1018 2926 Euthia
1040 2874 1068 2924 ct
1088 2863 1159 2943 apud

127 3000 132 3003 .
173 2947 344 3010 ciceronem
362 2947 570 3027 Hermapora,
597 2968 634 3008 ne
654 2951 802 3024 miremur,
829 2950 906 3028 quod
926 2948 961 3008 ab
985 2950 1158 3026 antiquorum

130 3038 163 3093 62
172 3034 320 3112 plerisque
334 3031 439 3095 Aeaea
455 3042 484 3092 et
497 3031 635 3095 Acadira
650 3035 687 3093 sit
703 3032 810 3099 dictus;
827 3051 890 3092 nam
907 3035 932 3093 si
946 3041 976 3092 ut
987 3030 1157 3106 Maecenas,

172 3117 321 3195 Seianae,
343 3120 504 3196 Asprenas
520 3117 699 3190 dicerentur,
720 3118 849 3192 genitivo
870 3135 938 3177 casu
956 3134 1013 3176 non
1032 3136 1049 3178 e
1069 3116 1159 3176 littere

173 3202 225 3262 sed
241 3204 280 3263 tis
294 3200 405 3276 syllaba
419 3202 648 3261 terminarentur
680 3198 750 3259 lndc
767 3198 893 3280 Olympo
908 3209 937 3260 et
953 3208 1082 3280 tyrorum
1096 3217 1157 3260 acu·

172 3295 228 3346 tam
249 3285 389 3361 syllabam
416 3285 537 3344 mediam
556 3285 715 3360 dederunt,
745 3286 811 3361 quia
834 3284 943 3344 duabus
971 3285 1094 3360 longis
1086 3301 1157 3343 mse·

173 3368 325 3448 quentibus
352 3369 470 3446 primam
491 3367 609 3428 brevem
631 3370 694 3427 acui
715 3375 816 3427 noster
841 3385 936 3428 sermo
963 3386 1021 3428 nou
1047 3369 1154 3446 patitur.

130 3454 222 3514 638ιο
243 3455 386 3533 genitivus
403 3449 486 3512 Uliar'
507 3460 536 3511 et
551 3448 663 3514 Aclrilli
683 3450 770 3527 lecit,
790 3452 833 3512 sic
847 3451 903 3513 alia
918 3451 1048 3530 plurima.
1079 3449 1156 3511 Nunc
