2434 3925
274 159 743 225 rusr.oenrorc.n1s.x11‚1o.
966 146 1027 208 271

34 311 237 376 *emostbenes
252 315 327 375 male
344 315 387 374 sic
403 316 533 392 egisset,
556 324 586 374 ut
601 317 734 395 scripsit,
759 325 808 376 ant
823 312 952 376 Cicero?
979 323 1030 375 aut

34 418 71 460 os
98 400 363 478 praestantissimos
388 409 521 459 oratores
537 399 594 460 alia
616 419 649 459 re
672 417 756 479 qnam
780 401 897 500 scriptis
908 416 1028 499 cogno·

34 480 151 544 cimus?
182 481 286 543 lilelius
304 493 427 560 egerunt
444 485 531 560 igitur
548 502 584 543 an
600 481 707 563 peius‘i
738 483 851 544 Nam
826 503 851 542 sr
866 501 966 562 perus
974 485 1029 543 sic

33 571 120 628 otius
140 569 267 644 oportuit
289 567 362 643 dici,
383 568 627 645 discripserunt:
654 570 679 628 si
696 568 815 628 melius:
837 568 881 627 sic
899 562 1084 646 oportuit

33 651 128 726 cribi,
143 661 174 713 ut
189 651 331 712 dixerunt
363 649 439 725 Quid
455 648 566 729 ergo?
577 653 741 731 Semper
718 671 761 712 src
776 661 845 729 aget
860 661 976 727 orator,
998 661 1070 719 ut55

33 732 154 797 cribet?
189 736 221 795 Si
247 735 364 810 licebit,
393 753 520 814 semper.
561 733 674 808 Quodsi
700 737 858 815 impediant
883 735 1027 796 brevitate

33 836 156 898 empora
172 837 188 879 a
204 819 397 879 iudicedata:
414 820 532 880 multum
547 837 585 879 ex
600 836 657 896 eo,
683 821 761 900 quod
776 822 869 899 potuit
884 820 958 896 dici,
980 837 1027 879 re·

31 904 151 971 idetur;
175 904 262 963 editio
279 902 397 963 babebit
413 905 517 964 omnia.
554 902 704 977 Quaedam
723 905 882 965 secundum
898 913 1028 963 naturam

32 988 206 1049 rdicantium
220 988 297 1048 dicta
312 996 387 1063 sunt,
403 1006 460 1048 non
476 988 514 1048 ita
530 990 658 1066 posteris
674 988 840 1064 tradentur,
856 1007 893 1048 ne
909 988 1028 1048 videan-

32 1093 65 1132 rr
85 1072 229 1151 propositi
244 1072 335 1131 luisse
352 1087 410 1130 non
425 1074 574 1150 temporis.
605 1071 679 1133 Nam
693 1073 723 1133 id
739 1091 857 1172 qpoque
874 1072 1069 1151 plurimnmsfi

32 1157 130 1231 elert,
149 1156 293 1234 quomodo
310 1156 408 1216 audire
425 1156 512 1216 iudex
526 1157 613 1231 velit,
639 1165 725 1236 atque
741 1159 804 1218 eius
819 1157 916 1216 vultus
934 1172 1027 1255 saepe

31 1260 88 1303 sse
110 1249 208 1300 rector
229 1249 274 1300 est
297 1240 436 1316 dicentis,
463 1250 494 1300 ut
517 1238 622 1300 Cicero
644 1241 796 1319 praecipit
832 1240 994 1319 ldeoqne
985 1259 1027 1298 rn-

31 1325 191 1387 tandum'
172 1343 224 1400 ns,
248 1342 323 1424 quae
346 1324 467 1403 placere
488 1325 688 1400 intellexeris,
713 1326 901 1385 resiliendum
923 1324 998 1384 ab''
979 1342 1026 1399 rrs,

33 1427 98 1469 uae
124 1425 180 1467 non
206 1410 393 1487 recipientur
428 1410 562 1470 Sermo
552 1427 635 1487 rpse,
665 1411 714 1487 qui
737 1409 876 1470 facillime
901 1409 1039 1473 iudicem

32 1501 138 1568 oceat,
155 1492 307 1571 optandus.
337 1492 400 1554 Nec
415 1494 444 1553 id
458 1495 557 1552 mirum
571 1493 625 1568 sit,
644 1511 708 1554 cum
725 1495 811 1553 etiam
828 1494 944 1553 testium
959 1511 1026 1571 per·

30 1578 102 1639 onis
125 1577 222 1655 aliqua
244 1586 396 1637 mutentur.
436 1576 595 1637 Prudenter
620 1579 711 1651 enim,
740 1579 788 1655 qui
816 1596 881 1638 curn
902 1578 1069 1639 interro-57

30 1669 123 1722 *asset
138 1663 277 1721 rusticum
293 1670 413 1736 testem,
432 1680 468 1721 un
483 1657 681 1740 Amphionem
696 1670 799 1721 nosset
807 1671 958 1760 ,negante
976 1677 1025 1735 eo,

32 1746 147 1806 etraxit
172 1746 378 1823 aspirationem
404 1744 604 1823 breviavitque
631 1745 788 1806 secundam
815 1747 877 1805 eius
904 1746 1027 1819 nominis

30 1828 182 1909 yllabnm,
209 1838 239 1888 et
263 1828 313 1889 ille
340 1847 405 1889 eum
428 1831 471 1888 sic
493 1831 611 1925 optime
624 1839 717 1890 norat.
748 1829 918 1890 Huiusmodi
940 1845 1026 1888 casus

31 1915 168 1990 lliciunt,
191 1923 222 1974 ut
237 1912 390 1992 aliquando
407 1913 519 1974 dicatur
534 1902 620 1974 aliter
635 1932 720 1992 quarn
735 1913 886 1992 scribitur,
904 1931 969 1975 cum
984 1912 1025 1973 di·

31 2018 108 2075 ere,
125 1998 270 2077 quomodo
287 1997 470 2058 scribendum
486 2007 548 2075 est,
565 2015 622 2058 non
638 1999 718 2060 licet

108 2082 210 2143 Altera
228 2092 273 2142 est
288 2084 407 2158 divisio,
430 2100 505 2162 quae
523 2084 552 2141 in
574 2092 635 2142 tres
650 2092 751 2161 partes
767 2084 821 2143 et
811 2100 877 2162 rpsa
892 2081 1015 2142 discedit
1017 2096 1071 2157 ,58

29 2185 78 2250 pra
95 2168 222 2227 discerni
244 2185 335 2245 posse
358 2168 443 2226 etiam
465 2177 546 2226 recte
574 2168 688 2228 dicendi
709 2185 820 2267 genera
842 2167 965 2227 interae
984 2167 1026 2225 vi·

29 2259 135 2315 lentur
166 2250 297 2329 Namque
313 2269 399 2313 unum
414 2250 580 2327 subtile,
606 2251 684 2329 quod
693 2244 801 2353 ἰσχνὸν
814 2260 936 2326 vocant,
954 2250 1026 2310 alte-

31 2354 85 2397 um
99 2337 241 2412 grande
256 2344 342 2413 atque
358 2334 565 2410 robustum,
590 2335 668 2414 quod
684 2326 779 2415 ἁδρὸν
795 2335 901 2411 dicunt,
919 2336 1027 2394 consti·

29 2428 118 2486 nunt:
137 2421 251 2479 tertium
267 2420 315 2479 alii
329 2419 480 2478 medium
496 2437 534 2478 ex
548 2419 661 2479 duobus
677 2419 726 2480 alii
741 2419 917 2479 floridum
933 2419 1027 2497 (nam-

29 2522 80 2584 [ue
101 2501 130 2563 id
155 2493 292 2585 ἆνθηρὸν
313 2502 476 2582 appellant)
501 2503 681 2563 addidemnt.
718 2502 847 2577 Quorum
871 2512 967 2564 tamen
992 2519 1070 2573 caso

29 2597 86 2648 ere
101 2590 174 2648 ratio
191 2597 253 2662 est,
277 2597 307 2647 ut
322 2588 443 2665 primum
459 2588 600 2663 docendi,
626 2588 785 2648 secundum
800 2588 952 2662 movendi,
968 2596 1026 2646 ter·

30 2676 92 2732 ium
118 2672 190 2732 illud
217 2681 399 2749 utrocunque
424 2673 539 2731 nomine
567 2672 733 2732 delectandi
763 2673 827 2732 sive
853 2670 1027 2731 conciliandi

29 2765 175 2816 rraestare
196 2757 328 2815 videatur
352 2756 494 2822 officium:
516 2757 545 2814 in
566 2755 701 2815 docendo
723 2765 819 2816 autem
841 2772 978 2829 acumen,
998 2754 1028 2812 in

29 2840 207 2900 conciliando
230 2840 350 2915 lenitas,
372 2841 401 2898 in
420 2840 563 2899 movendo
585 2842 630 2898 vis
652 2841 730 2917 exigi
753 2839 894 2899 videatur.
925 2837 1027 2915 ltaque

29 2925 75 2984 llo
97 2924 196 2984 subtili
217 2926 374 3002 praecipue
395 2926 469 2983 ratio
494 2924 627 2983 narrandi
651 2923 852 3002 probandique
875 2923 1026 2996 consistet,

29 3008 76 3067 ‚ed
100 3009 179 3086 quod
200 3011 285 3068 etiam
305 3009 443 3069 detractis
466 3010 574 3067 ceteris
595 3007 749 3067 virtutibus
767 3022 820 3065 suo
836 3023 949 3084 genere
964 3005 1027 3084 ple·

29 3110 99 3152 ιιιιιι.
131 3090 243 3153 llledius
260 3092 306 3151 bic
321 3093 424 3152 modus
440 3100 468 3151 et
484 3091 719 3151 translationibus
736 3090 868 3150 crebrior
883 3100 912 3149 et
927 3090 1071 3167 ligurislio

29 3177 79 3236 erit
94 3177 265 3252 iucundior,
291 3176 509 3254 egressionibus
524 3194 679 3250 amoenus,
702 3176 915 3252 compositione
931 3183 1026 3252 aptus,

29 3261 176 3320 tententiis
194 3260 305 3335 dulcis,
331 3261 425 3321 lenior
446 3270 541 3325 tamen
562 3270 593 3320 nt
610 3259 699 3319 amnis
715 3257 827 3318 lucidus
843 3259 960 3338 quidem
975 3257 1027 3317 sed

29 3344 184 3404 arentibus
207 3346 340 3422 utrinque
362 3345 482 3423 sepibus
505 3343 691 3404 inumbratus.
728 3341 767 3401 At
788 3342 855 3418 ille,
885 3344 933 3425 qui
958 3350 1068 3404 saxafil

29 3429 167 3492 levolvat
182 3438 212 3488 et
223 3437 344 3509 pontem
358 3430 535 3510 iodipnetur
549 3437 579 3489 et
594 3429 673 3507 ripas
688 3426 742 3488 sibi
757 3426 862 3505 iaciat,
877 3428 983 3487 multus
998 3434 1027 3485 et
