2434 3925
342 243 431 293 mss.
456 244 605 293 onumen.
628 245 697 291 ure.
720 245 768 310 ιιι,
795 241 821 302 ι,
915 261 922 275 ·
1008 231 1065 298 101

68 419 147 482 quae
163 409 208 460 est
224 409 337 478 tropos,
354 418 464 476 genere
482 401 546 479 ipso
564 397 633 458 nilril
652 398 801 458 admodum
816 398 914 466 distat;
935 399 979 477 (iu
990 406 1068 458 utro-

67 504 127 568 que
152 486 225 545 enim
247 485 420 544 eontrarium
444 487 487 558 ei,
508 481 587 562 quod
609 482 727 559 dieitur,
758 482 975 559 intelligendum
1001 486 1066 563 εει)

66 570 187 648 speeies
206 585 278 627 vero
294 567 462 645 prudentius
477 566 596 627 intuenti
618 566 748 627 diversas
771 584 839 625 esse
854 567 940 627 laeile
956 577 1001 627 est
1018 566 1067 627 de·

66 652 262 733 prehendere.
288 650 422 727 Primum,
438 652 515 730 quod
531 660 633 728 tropos
646 652 774 728 apertior
791 659 836 709 εει
852 659 890 726 ει,
908 657 1110 730 quanquam45

67 737 147 799 aliud
168 736 236 795 dieit
252 737 397 811 adsentit,
415 754 472 795 non
488 734 564 795 aliud
579 743 673 793 tamen
695 734 817 794 simulat.
848 734 919 794 Nam
932 744 960 795 et
975 736 1067 795 omnia
1091 728 1093 733 ’

68 824 147 882 eirea
163 821 225 881 lere
240 828 321 879 reeta
336 829 415 880 sunt:
436 830 467 879 ut
483 819 554 879 illud
569 821 597 877 in
614 816 782 895 Catilinam,
802 815 830 879 A
847 834 905 896 quo
918 821 1066 898 repudiu-

68 915 119 967 tue
132 907 176 966 ud
189 905 326 965 sodalem
340 912 433 981 tuum,
448 906 548 964 uirum
559 904 714 981 optimum,
729 901 771 962 M.
781 900 961 966 Marcellum
972 905 1067 964 demi-

65 990 177 1070 9raeti.
215 986 247 1047 ln
264 987 375 1047 duobus
390 990 502 1048 demum
518 986 617 1046 verbis
636 996 681 1046 εει
695 988 797 1062 ironia,
814 1004 885 1065 ergo
902 989 987 1047 etiam
1001 986 1067 1047 bre·

66 1075 135 1133 rior
162 1081 206 1132 εει
236 1080 349 1149 tropos.
392 1072 431 1131 At
460 1073 489 1130 iu
508 1072 599 1147 ligura
623 1073 711 1130 totius
736 1071 891 1131 voluntatis
918 1071 996 1131 fictio
1023 1076 1109 1131 estld

10 1161 14 1165 ’
67 1174 213 1238 apparens
228 1157 319 1232 magis
336 1173 419 1234 quam
437 1155 590 1231 confessa,
612 1164 643 1214 ut
663 1154 724 1215 illie
738 1154 828 1216 verba
843 1156 898 1214 sint
912 1156 1010 1216 verbis
1026 1155 1066 1215 di·

14 1308 19 1315 ‚
67 1259 172 1316 versa,
191 1240 238 1299 hie
253 1248 356 1298 sensus
372 1242 497 1299 sermoni
520 1240 612 1319 [voci]
632 1248 662 1298 et
676 1248 736 1298 tota
751 1240 863 1299 interim
878 1257 982 1299 causae
998 1257 1067 1300 eon·

67 1326 218 1392 lormati0;
242 1341 306 1383 eum
327 1325 413 1383 etiam
432 1326 491 1385 vita
513 1325 648 1383 universa
665 1320 784 1383 ironiam
799 1323 908 1383 habere
924 1324 1066 1399 videatur,

68 1411 163 1491 qualis
184 1419 229 1469 εει
243 1409 305 1469 uisa
320 1409 460 1470 Soeratis.
496 1407 568 1467 Nam
588 1408 655 1467 ideo
680 1407 773 1467 dietus
795 1408 890 1485 εἴρων,
911 1426 1001 1486 agens
1016 1409 1066 1467 im·

67 1498 192 1575 peritum
216 1503 246 1553 et
271 1494 471 1554 admiratorem
498 1492 619 1552 aliorum
650 1501 783 1570 tanquam
814 1494 998 1571 sapientium
1025 1501 1066 1566 ut,

69 1577 306 1659 quemadmodum
321 1568 498 1657 ἆλιηγορίαν
517 1576 586 1652 iacit
607 1577 740 1635 contiuua
755 1569 921 1656 μεταφορὰ,
946 1580 990 1637 εἰε
1009 1576 1066 1636 hoe

68 1663 187 1723 scheme
203 1661 290 1721 faeiat
312 1672 414 1739 tropos
429 1662 480 1721 ille
495 1668 659 1720 contextus.
694 1658 840 1733 Quaedam
859 1678 931 1719 vero
957 1678 1066 1738 genera
1074 1665 1108 1720 dl

68 1748 152 1808 lruius
173 1746 284 1824 figurae
305 1746 411 1805 nullam
440 1763 503 1806 eum
523 1745 615 1822 tropis
632 1742 739 1802 habeut
755 1745 940 1818 societatem,
963 1754 993 1803 ut
1017 1744 1066 1803 illa

69 1833 163 1891 statim
180 1831 287 1909 prima,
310 1847 383 1908 quae
405 1828 508 1889 dicitur
531 1847 548 1888 a
570 1827 722 1904 negando,
748 1845 832 1905 quem
847 1828 974 1888 nonnulli
988 1819 1068 1886 eluet·

68 1931 181 1995 φρασιν
194 1921 315 1975 vocant:
335 1911 402 1976 Nou
417 1932 508 1993 uuum
525 1922 624 1976 tecum
636 1914 706 1974 r'ure
719 1931 849 1989 summo,
872 1919 932 1974 noa
952 1912 1065 1987 diuum,

68 2004 151 2080 quod
162 1999 294 2077 forsitan
310 2000 492 2067 obtinerem·
507 2006 537 2057 et
560 1995 643 2071 Quid
662 2015 718 2075 eqo
731 1997 820 2058 istius
839 1998 975 2073 decreta,
992 1998 1068 2074 quid

67 2086 216 2163 rupinae,
237 2084 311 2161 quid
327 2084 531 2146 hereditatum
545 2083 754 2161 possessiones
770 2082 878 2157 datus,
904 2081 978 2159 quid
997 2099 1066 2142 ere-

65 2178 140 2249 ptae
148 2167 333 2244 proferam?
357 2177 385 2228 et
404 2166 489 2230 Mitto
507 2168 592 2227 illum
608 2167 742 2245 primum
762 2165 898 2227 libidinis
910 2166 1067 2240 emunata,

69 2261 100 2312 et
123 2250 170 2313 Ne
189 2252 244 2312 illa
263 2253 385 2329 quidem
406 2252 576 2319 testimonio
597 2251 708 2322 recito,
731 2266 810 2329 quae
831 2251 916 2311 dieta
935 2255 1006 2310 eunt
1029 2250 1068 2308 de

68 2334 124 2399 HS
138 2338 335 2415 septiuqeutr'e
348 2337 479 2411 reddibus,
495 2344 525 2395 et
539 2332 665 2398 Possum
682 2334 796 2395 dicere.
828 2332 937 2407 Quibus
952 2337 1109 2410 generi-48

68 2421 124 2480 bus
137 2438 190 2499 per
201 2429 277 2480 totas
292 2421 404 2480 interim
420 2422 607 2499 quaestiones
620 2418 815 2478 decurrimus:
829 2416 985 2493 recreem,
1000 2415 1068 2478 Hoe

69 2524 125 2583 eqo
138 2506 167 2565 ei
181 2506 227 2565 sie
243 2521 383 2582 aqereru,
399 2514 545 2582 tunquam
561 2503 634 2564 mitt
649 2503 764 2563 emouere
781 2510 861 2563 erret
880 2502 1067 2575 diluendum,
1138 2521 1141 2528 ’

70 2589 150 2650 leuee
160 2589 303 2667 pluribus
316 2590 460 2652 dicerem.
492 2586 639 2667 Εἰρωνεία
657 2595 713 2663 εει,
730 2595 759 2646 ει
775 2604 838 2646 eum
854 2586 963 2646 similes
972 2587 1067 2664 'impe-

69 2671 197 2732 rentibus
212 2671 262 2732 vel
276 2671 505 2751 permittentibus
520 2689 631 2732 sumus:

341 2755 369 2831 1,
384 2773 513 2834 sequere
526 2753 650 2816 ltaliam
665 2756 781 2825 oeulis,-

71 2849 102 2901 et
117 2858 180 2901 eum
194 2858 248 2916 ea,
270 2858 344 2918 quae
361 2840 492 2900 nolumus
507 2838 599 2898 videri
618 2839 646 2896 in
661 2838 835 2898 adversariis
851 2853 937 2910 esse,
962 2845 1110 2900 conoe-49

70 2924 164 2986 dimus
182 2926 235 2984 eis.
274 2922 306 2984 ld
321 2925 415 2984 aerius
431 2924 478 3000 fir,
500 2940 564 2982 eum
585 2923 686 2983 eadem
709 2921 836 2981 innubis
852 2929 916 2978 sunt
932 2926 961 2977 et
975 2917 1004 2976 iu
1019 2915 1068 2998 ad·
1116 2966 1118 2972 .

68 3010 209 3069 versariis
224 3024 282 3067 uon
298 3017 377 3068 sunt:

519 3125 561 3134 —
575 3087 685 3167 Meque
703 3091 820 3150 timoris

181 3175 288 3256 ‘Aeque
302 3185 344 3253 tu,
359 3173 493 3253 manee,
510 3176 634 3253 quando
648 3180 690 3234 tot
702 3172 808 3234 caedis
823 3188 952 3232 aceruos

187 3259 373 3324 Teucrorum
387 3269 441 3323 tun
458 3261 571 3321 deutra
585 3258 679 3319 dedit.

1 3359 2 3398 t
73 3342 160 3420 Quod
179 3347 255 3406 idem
274 3353 373 3406 eontra
392 3344 487 3419 valet,
512 3360 576 3408 oum
598 3349 712 3414 autea,
738 3356 812 3416 quae
827 3355 843 3397 a
858 3337 941 3397 nohis
956 3334 1069 3413 absunt,

1 3431 2 3498 l
73 3438 123 3491 aut
138 3425 222 3490 etiam
237 3447 312 3509 quae
331 3429 360 3486 in
373 3428 556 3489 adversarios
570 3423 712 3498 recidunt,
728 3424 811 3500 quusi
825 3422 961 3482 latemur:

144 3511 195 3576 Me
209 3516 288 3577 duee
301 3512 485 3574 Dardanius
498 3509 647 3589 Spartam
666 3508 852 3587 enpuquuer’t
866 3506 998 3567 adulter.
1060 3544 1072 3564 .
