2434 3925
189 254 251 318 236
517 268 879 330 u.rsn.ou1urrn1uu1

190 440 264 501 qnae
280 423 429 483 transferri
444 440 502 483 non
516 430 666 502 poterant,
687 441 786 484 manus
801 427 910 484 iactare
926 432 955 485 et
970 425 1089 486 dulces
1107 428 1194 488 exclr

189 508 328 567 mationes
342 507 446 567 theatri
462 525 549 567 causa
563 507 727 587 producere
744 517 773 567 et
787 508 976 586 ingrediendo
986 520 1127 571 ventum
1140 531 1192 573 cor

189 592 290 668 cipere
313 600 397 651 ueste
424 599 454 651 et
478 607 678 670 nonnunquam
704 590 808 653 dextro
835 593 929 653 latere
949 593 1058 654 iacere
1086 605 1189 673 gestus

189 674 267 751 quod
280 677 421 735 neminem
439 675 524 735 alium
539 677 593 734 nisi
608 675 785 735 Demetrium
801 676 912 744 decuit:
930 694 1061 756 namque
1083 683 1120 739 in
1135 680 1201 740 lraet¹

130 761 281 825 lsoomnia
302 768 411 819 statura
432 769 462 819 et
481 760 551 820 mira
575 761 678 838 specie
699 759 901 829 adiuvabatur;
926 761 1008 821 illum
1032 781 1155 826 cursus
1172 772 1187 822 rt

188 842 302 920 agilitas
324 853 354 902 et
373 843 422 903 uel
440 860 538 922 pamm
556 844 732 903 conveniens
748 861 894 922 personae
911 846 1002 921 risus,
1031 864 1136 924 quern
1149 866 1186 907 uo

186 927 306 1004 ignarus
321 929 440 987 rationis
455 927 565 1005 populo
583 927 685 1003 dabat,
710 936 739 988 et
762 937 909 989 contracta
923 930 1011 988 etiarn
1028 932 1185 992 cervicula

188 1011 333 1090 Quidquid
346 1011 447 1071 borum
459 1011 534 1071 alter
546 1011 679 1088 lecisset,
695 1011 891 1072 foedissimum
902 1013 1067 1073 videretur.
1104 1016 1186 1090 Qum

186 1096 264 1154 norit
279 1113 312 1154 se
328 1098 467 1174 quisque,
487 1113 543 1155 nec
557 1103 665 1155 tantum
680 1113 718 1154 ex
735 1096 931 1156 communibus
945 1101 1136 1177 praeceptis
1153 1102 1186 1159 sel

188 1179 273 1238 etiam
299 1198 337 1239 ex
361 1188 461 1261 natura
486 1197 538 1239 sua
564 1181 660 1258 capiat
685 1179 836 1240 consilium
861 1180 1030 1240 formandae
1054 1185 1185 1244 actionis

128 1273 179 1329 181
186 1261 289 1341 Neque
310 1261 381 1323 illud
401 1273 496 1322 tamen
512 1272 557 1322 est
572 1263 671 1337 nefas,
695 1272 726 1323 ut
741 1262 866 1341 aliquem
882 1265 931 1323 vel
947 1267 1046 1326 omnia
1060 1267 1124 1328 vel
1141 1269 1202 1346 plu}

185 1349 255 1406 rima
271 1346 403 1407 deceant.
430 1347 519 1409 Huius
535 1365 651 1426 quoque
667 1347 725 1408 loci
739 1346 869 1407 clausula
882 1350 918 1408 sit
929 1348 1045 1424 eadem,
1062 1368 1202 1412 necessu*

186 1440 242 1506 est,
259 1449 333 1508 quae
349 1440 513 1491 ceterorum
529 1440 583 1507 est,
598 1449 724 1509 regnare
738 1433 861 1491 maxime
875 1433 998 1493 modum.
1027 1432 1107 1495 Non
1125 1439 1186 1496 enin

187 1516 357 1575 comoedum
377 1533 446 1575 esse
463 1514 516 1575 sed
537 1524 682 1576 oratorem
701 1516 781 1576 volo.
819 1515 916 1589 Quare
936 1534 1036 1595 neque
1060 1519 1094 1578 in
1111 1531 1185 1597 gestu

186 1616 396 1677 persequemur
411 1617 511 1659 omnes
526 1601 653 1676 argutias
667 1617 723 1659 nec
736 1601 765 1661 in
778 1597 924 1678 loquendo
939 1600 1184 1671 distinctionibus,
1202 1666 1203 1677 ἶ

128 1699 179 1755 182
186 1683 375 1761 temporibus,
392 1683 593 1744 affectionibus
607 1684 732 1745 moleste
747 1691 868 1745 utemur.
900 1683 939 1745 Ut
953 1685 978 1745 si
995 1687 1036 1745 sit
1053 1688 1182 1750 insuam
1202 1698 1203 1705 ’

184 1767 351 1827 dicendum:

250 1849 333 1925 Quid
345 1853 439 1932 ipitor
450 1853 589 1933 faciam?
613 1871 674 1914 nors
687 1871 771 1925 com,
786 1865 922 1914 renunc
937 1854 1075 1932 quidem,

249 1934 324 1998 Com
339 1955 484 1999 arcessor
503 1937 603 1999 adro?
628 1955 671 1998 on
689 1939 792 2016 potios
811 1938 856 1999 ito
870 1956 918 2000 nse
933 1956 1130 2019 comparem,

247 2019 315 2082 Non
328 2024 447 2101 perpeti
462 2023 654 2085 meretricum
669 2022 886 2083 contumelias?
1203 2069 1204 2078 ,

269 2105 322 2165 Hic
334 2108 408 2165 enim
423 2105 605 2166 dubitationis
621 2122 728 2182 moras,
743 2107 825 2165 vocis
839 2104 943 2182 denus,
957 2108 1056 2167 varias
1071 2128 1176 2184 manns
1203 2107 1204 2128 ³

186 2189 319 2250 diversos
341 2199 425 2249 nutus
445 2200 528 2250 actor
547 2189 703 2250 adhibebit.
736 2188 824 2251 Aliud
841 2191 934 2249 oratio
956 2192 1032 2270 sapit
1048 2211 1110 2254 nec
1124 2195 1176 2255 rult

185 2275 298 2333 nimium
316 2292 383 2333 esse
402 2274 525 2334 condita.
555 2274 679 2333 Actione
696 2275 770 2333 enim
792 2283 904 2334 constat
930 2291 987 2334 non
1008 2276 1175 2340 imitatione

128 2355 282 2429 1830uare
303 2376 360 2417 uon
381 2361 521 2420 immerito
538 2357 759 2437 reprehenditur
778 2360 969 2437 pronuntiatio
993 2369 1023 2420 et
1045 2361 1176 2423 vultuosa

186 2449 215 2498 et
229 2442 496 2517 gesticulationibus
520 2443 642 2503 molesta
660 2451 689 2501 et
708 2443 790 2502 vocis
805 2443 1006 2503 mutationibus
1021 2447 1174 2507 resultans.

184 2522 248 2584 Nec
264 2526 400 2586 inutiliter
419 2546 456 2587 ex
473 2526 592 2588 Graecis
615 2535 732 2586 veteres
754 2526 973 2603 transtulerunt,
997 2530 1078 2606 quod
1093 2531 1131 2591 ab
1146 2534 1173 2591 iis

185 2618 326 2687 sumptum
341 2609 451 2670 Laenas
466 2611 594 2690 Popilius
609 2613 722 2689 posuit,
746 2628 812 2670 esse
830 2610 902 2671 banc
917 2613 1073 2674 inotiosarn
1089 2618 1173 2676 actio

127 2694 258 2753 lblnem.
289 2692 402 2772 Optime
423 2697 509 2772 igitur
530 2696 622 2770 idem,
647 2695 695 2773 qui
716 2695 825 2769 omnia,
849 2692 954 2756 Cicero
971 2710 1173 2778 praeceperat

184 2795 259 2855 quae
275 2796 362 2857 supra
380 2797 418 2839 ex
433 2788 550 2839 oratore·
566 2780 668 2858 posui;
696 2778 798 2857 quibus
815 2780 917 2840 similia
933 2782 962 2840 in
979 2779 1072 2841 Bruto
1087 2784 1172 2844 dell

183 2859 309 2923 Antonio
327 2863 405 2923 dicit.
437 2864 528 2924 Sed
519 2881 574 2923 ram
595 2871 716 2941 recepta
732 2870 777 2922 est
796 2864 871 2923 actio
893 2864 979 2942 paulo
995 2866 1173 2942 agitatioret

184 2947 308 3023 exigitur
330 2957 358 3007 et
381 2947 548 3026 quibusdam
568 2947 697 3026 partibus
720 2948 869 3022 conuenit,
895 2950 934 3008 ita
954 2957 1050 3008 tamen
1069 2960 1171 3031 tempe

182 3030 285 3106 nanda,
303 3050 355 3105 ne,
372 3033 437 3091 dum
455 3034 560 3092 actoris
581 3040 728 3109 captamus
746 2992 934 3110 elegantiam,
950 3032 1108 3113 perdamus
1125 3036 1169 3096 riri

182 3109 250 3173 boui
265 3123 293 3174 et
307 3117 404 3193 gravis
420 3118 628 3177 auctoritatem.

581 3345 769 3355 ---——...
