2434 3925
333 209 422 257 mss.
446 210 594 258 naraon.
617 212 686 258 um.
708 186 800 278 x1,'a,
1013 196 1071 258 231

44 365 208 426 dextrum
235 363 382 424 humerum
409 364 445 424 ab
472 364 529 423 imo
555 366 680 424 relicere
706 360 828 424 solutum
850 383 885 424 ac
908 363 1070 438 delicatum,

47 451 203 528 liuntque
224 448 317 508 adhuc
337 448 421 527 peius
436 448 547 525 aliqua:
575 450 613 508 ita
629 467 679 508 our
693 448 835 509 laxiorem
850 449 941 507 sinum
956 449 1072 507 sinistro

48 533 196 594 brachio
219 550 277 592 nnn
296 529 498 592 subiiciamusi
535 531 629 592 Habet
651 533 724 592 enirn
742 549 811 591 acre
829 532 962 609 quiddam
985 541 1071 609 atque

51 617 245 696 expeditum
266 626 295 676 et
316 614 406 675 calori
422 610 664 694 mundationique
679 632 737 674 non
751 615 887 675 inhabile.
915 612 985 673 Curn
1000 629 1129 683 ver0147

51 719 177 778 magna
195 719 265 778 pars
289 708 333 760 est
356 699 496 759 exhausta
513 701 669 774 orationis,
693 701 791 778 utiquc
809 699 925 760 alilaute
943 697 1071 757 fortuna:

53 803 167 863 paene
186 785 281 843 omnia
297 785 418 858 decent,
443 783 531 843 sudor
553 785 618 861 ipse
640 793 670 843 et
684 784 814 859 fatigatio
832 791 862 842 et
878 781 1072 858 negligentior

55 868 194 928 amictus
213 878 242 927 et
259 866 352 928 soluta
373 885 408 927 ac
425 866 503 927 velut
524 866 627 926 labens
646 868 770 946 undique
787 876 866 944 toga.
899 864 964 938 Quo
979 867 1071 940 magis
1080 871 1129 925 148

55 953 160 1010 miror
176 952 252 1012 banc
274 969 389 1031 quoque
410 953 588 1010 succurrisse
605 950 833 1025 Pliniocuram,
856 958 886 1010 ut
900 950 939 1007 ita
955 949 1070 1008 sudario

57 1037 199 1096 frontem
215 1036 319 1095 siccari
335 1035 459 1109 iuberet,
474 1052 511 1094 ne
528 1051 629 1094 comae
641 1035 833 1110 turbarentur,
850 1051 921 1113 quas
938 1035 1071 1109 componi

58 1128 137 1198 post
147 1120 277 1198 paulum,
290 1120 374 1179 sicuti
383 1117 499 1196 dignum
511 1128 583 1193 erat,
594 1121 723 1194 graviter
732 1127 761 1177 et
772 1118 984 1189 severevetuit.
1002 1114 1071 1175 Mihi

23 1267 33 1279 Ι
59 1221 141 1263 vero
161 1203 232 1263 illae
254 1220 370 1281 quoque
391 1202 521 1263 turbatae
542 1220 614 1280 prae
635 1221 668 1261 se
684 1202 763 1262 lerre
775 1202 888 1281 'aliquid
903 1200 1024 1260 allectus
1042 1209 1071 1259 et

61 1289 134 1365 ipsa
152 1286 303 1346 oblivione
324 1304 411 1346 curae
428 1286 510 1346 buius
527 1287 720 1347 commendari
734 1286 876 1346 ridentur.
907 1283 946 1343 At
961 1285 985 1343 si
1000 1285 1129 1343 inci-149

63 1370 220 1450 pientibus
237 1379 284 1430 aut
299 1369 413 1448 paulum
430 1370 596 1448 progressis
612 1370 728 1430 decidat
742 1378 824 1447 toga:
852 1387 909 1429 non
924 1380 1071 1445 reponere

66 1472 135 1514 earn
152 1471 277 1532 prorsus
288 1454 464 1531 negligentis
479 1463 527 1513 aut
542 1455 633 1532 pigri,
657 1464 704 1514 aut
719 1454 865 1532 quomodo
882 1454 986 1514 deceat
1003 1452 1070 1512 ami·

67 1538 140 1613 ciri,
157 1538 321 1615 nescientis,
332 1546 386 1597 est.

156 1620 242 1682 llaec
264 1631 328 1681 sunt
354 1621 403 1680 vel
428 1620 634 1681 illustramenta
658 1621 896 1698 pronuntiationis
920 1623 969 1682 vel
990 1625 1069 1699 vitia,

69 1705 177 1786 quibus
189 1706 349 1783 propositis
363 1704 451 1764 multa
467 1705 596 1780 cogitare
614 1704 702 1763 debet
716 1713 823 1763 orator.
845 1704 976 1782 Primum,
994 1709 1068 1786 quis,
1079 1714 1129 1766 150

70 1790 149 1867 apud
166 1807 256 1867 quos,
281 1789 384 1868 quibus
404 1787 606 1867 praesentibus
628 1789 665 1847 sit
681 1797 805 1848 acturus.
836 1787 909 1871 Nam
923 1799 954 1849 ut
969 1791 1068 1851 dicere

72 1874 129 1933 alia
151 1873 214 1933 aliis
232 1881 261 1932 et
283 1873 360 1951 apud
383 1873 458 1933 alios
478 1872 570 1949 magis
594 1889 765 1932 concessum
782 1880 841 1930 est:
868 1874 911 1932 sic
926 1874 1011 1939 etiarn
1027 1875 1068 1935 la·

74 1976 154 2017 cere.
189 1956 292 2036 Neque
315 1957 416 2018 eadem
437 1956 574 2030 mauce,
597 1966 698 2034 gestu,
719 1956 850 2033 incessu,
872 1957 948 2035 apud
963 1960 1069 2036 princi·

74 2060 156 2120 pem,
175 2050 318 2115 senatum,
334 2041 488 2120 populum,
506 2041 705 2117 magistratus,
722 2041 845 2118 privato,
863 2041 980 2119 publico
998 2043 1068 2103 iudi-

76 2127 139 2200 oio,
160 2124 370 2203 postulatione,
393 2126 508 2185 actione
529 2125 660 2185 similiter
680 2125 794 2185 decent.
827 2123 918 2197 Quam
934 2125 1067 2186 differen-

75 2210 141 2268 tiam
156 2209 300 2269 subiicere
323 2209 378 2268 sibi
394 2210 533 2289 quisque,
557 2209 605 2285 qni
622 2210 742 2268 animum
759 2208 929 2284 intenderit,
956 2219 1066 2288 potest;
1086 2245 1088 2250 .

76 2303 133 2352 tum
147 2311 201 2372 qua
216 2292 253 2352 de
268 2311 300 2351 re
317 2293 408 2368 dicat,
432 2301 461 2352 et
482 2292 603 2351 eifieere
620 2293 689 2370 quid
703 2291 783 2352 velit.
815 2290 870 2351 Rei
888 2294 1126 2372 quadrupterlsr

79 2377 240 2436 observatio
262 2386 316 2436 est.
350 2376 412 2437 Una
428 2378 456 2434 iu
479 2385 537 2435 tota
555 2394 652 2436 causa.
685 2377 756 2435 Sunt
771 2377 845 2436 e'nim
860 2378 975 2452 tristes,
999 2377 1069 2437 hila·

79 2479 136 2534 res,
151 2460 304 2535 sollicitae,
321 2478 454 2535 securae,
472 2460 609 2536 grandes,
629 2460 762 2538 pusillae,
781 2470 811 2521 ut
826 2461 876 2520 vix
894 2479 1015 2541 unquam
1031 2464 1070 2520 ita

81 2545 222 2604 sollicitari
238 2543 367 2622 partibus
385 2562 482 2604 aarum
498 2543 672 2618 debeamus,
696 2553 726 2604 ut
746 2561 804 2603 non
825 2554 855 2604 et
869 2563 995 2605 summae
1011 2564 1070 2604 rne-

80 2629 250 2697 minerimus;
280 2628 388 2703 altera,
416 2646 490 2707 quae
517 2637 561 2687 est
585 2628 613 2686 in
637 2628 798 2688 differentia
824 2631 960 2707 partium,
989 2637 1020 2688 ut
1042 2630 1127 2686 in152

81 2713 240 2791 prooemio,
268 2713 452 2787 narratione,
478 2713 741 2789 argumentatione,
772 2713 904 2791 epilogo:
931 2713 1016 2772 tertia
1041 2713 1069 2770 in

83 2797 221 2855 sententiis
237 2797 324 2874 ipsis,
343 2797 371 2854 in
388 2795 491 2874 quibus
507 2796 664 2855 secundum
679 2814 728 2855 res
745 2805 773 2855 et
789 2796 911 2855 allectus
925 2797 1070 2855 variantur

85 2880 184 2945 omnim
210 2889 311 2957 quarta
329 2881 357 2938 iu
376 2879 491 2954 verbis,
515 2896 635 2958 quorum
656 2888 685 2939 ut
706 2888 751 2939 est
765 2881 885 2954 vitiosa,
908 2880 933 2938 si
948 2878 1069 2946 nificare

85 2963 170 3022 omnia
185 2963 315 3040 velimus,
335 2964 468 3023 imitatio:
486 2964 524 3021 ita
541 2963 709 3041 quibusdam
724 2964 778 3021 nisi
794 2982 844 3022 sua
859 2971 957 3022 natura
973 2963 1068 3023 reddi·

85 3055 140 3120 tur,
155 3046 195 3104 nis
209 3047 300 3106 omnis
315 3047 452 3108 aufertur.
485 3045 576 3124 Igitur
590 3048 619 3105 in
636 3045 859 3121 laudationibus,
875 3047 930 3116 nisi
947 3048 972 3105 si
987 3046 1126 3106 luno-153

86 3129 149 3190 bres
163 3138 256 3205 erunt,
273 3133 426 3208 gratiarum
443 3132 574 3205 actione,
596 3130 813 3207 exhortatione,
837 3130 977 3190 similibus
993 3130 1070 3191 laeta

88 3223 115 3273 et
127 3212 268 3289 magnilica
283 3223 313 3273 et
328 3215 456 3275 sublimis
471 3224 517 3276 est
531 3216 618 3276 antio.
650 3214 802 3275 Funebres
818 3216 983 3290 contiones,
1000 3232 1068 3274 con·
1122 3259 1125 3268 ,

89 3298 242 3372 solationes,
255 3296 425 3378 plerumque
438 3318 542 3360 causae
554 3315 670 3358 reorum
681 3300 779 3358 tristes
792 3309 878 3377 atque
890 3300 1068 3358 summissae.

89 3379 220 3443 bsenatu
236 3384 435 3445 conservanda
451 3386 622 3459 auctoritas,
638 3382 714 3462 apud
730 3383 868 3462 populum
883 3383 1022 3461 dignitas,
1040 3383 1069 3440 in
