2434 3925
268 211 271 220 ’
296 281 300 292 ,
356 239 776 308 nrsr.onarou.nra.1,1.
1028 229 1048 290 7

47 395 149 459 dubie
163 397 244 475 prior
256 396 330 456 ratio
345 404 406 471 est,
421 405 504 455 recto
517 402 613 455 tamen
630 396 714 455 etiam
728 394 888 473 loquantur.
921 395 979 457 llas
994 399 1077 475 pri-5

46 500 136 541 mum
151 481 246 543 audiet
259 498 349 558 pner,
370 479 468 539 barum
480 479 571 539 uerba
586 480 727 557 effingere
741 480 875 539 imitando
891 480 1048 540 conabitur.

47 564 92 626 Et
109 573 212 624 natura
227 566 401 624 tenacissimi
415 580 511 623 sumus
528 580 642 639 eorum,
664 580 738 640 quae
752 563 869 622 rudibus
890 566 969 623 annis
983 580 1049 643 per·

49 651 205 727 cepimus;
234 657 264 710 ut
284 664 387 725 sapor,
409 665 466 724 quo
482 664 557 707 nova
580 647 704 722 imbuas,
725 648 822 722 durat,
848 666 903 708 nec
924 649 1050 708 lanarum

50 733 198 806 colores,
224 732 325 810 quibus
341 730 464 810 simplex
480 732 531 792 illc
551 732 659 791 candor
677 737 799 790 mutatus
821 740 881 806 est,
903 731 961 791 elui
980 749 1048 810 pos-

49 826 135 876 sunt.
163 815 201 876 Et
216 815 289 875 baec
301 817 366 892 ipsa
380 817 471 891 magis
485 817 671 893 pertinaciter
683 814 813 890 haerent,
830 832 887 892 quo
904 816 1049 876 deteriora

50 908 135 959 sunt.
179 899 250 959 Nam
273 898 349 958 bona
372 898 458 957 iacile
477 907 618 958 mutantur
642 902 670 958 in
694 900 792 976 peins;
820 899 997 977 numqnando
1020 901 1049 959 in

50 983 166 1044 bonum
186 984 309 1043 verteris
331 979 418 1041 vitia?
446 981 512 1042 Non
530 991 681 1043 assuescat
702 999 790 1058 ergo,
813 1000 849 1040 ne
871 982 935 1042 dum
955 984 1047 1043 infans

51 1068 176 1146 quidem
191 1075 250 1141 est,
270 1068 411 1140 sermoni,
434 1068 481 1142 qui
496 1066 687 1125 dediscendus
701 1067 748 1125 sit.

142 1151 176 1211 ln
188 1150 352 1228 parentibus
364 1165 434 1208 vero
450 1167 534 1227 quam
546 1151 698 1228 plurimum
710 1166 777 1209 esse
791 1148 956 1209 emditionis
968 1158 1074 1228 opta-6

51 1235 160 1295 verim.
198 1233 262 1293 Nec
282 1234 318 1293 de
337 1233 465 1311 patribus
484 1242 589 1293 tantum
609 1234 722 1312 loquor.
763 1232 835 1292 Nam
855 1225 1049 1293 Gracchorum

52 1319 245 1396 eloquentiae
260 1318 377 1377 multum
391 1317 548 1376 contulisse
563 1319 727 1396 accepimns
742 1314 905 1377 Corneliam
918 1326 1047 1393 matrem,

54 1405 140 1463 cuins
168 1401 350 1463 doctissimus
376 1418 472 1460 sermo
495 1403 523 1460 in
549 1411 685 1478 posteros
710 1418 826 1480 qnoque
847 1410 892 1460 est
917 1401 1048 1481 epistolis

51 1488 194 1553 traditus;
217 1494 246 1544 et
265 1484 363 1545 Laelia
379 1481 412 1544 G.
429 1485 486 1544 iilia
504 1485 665 1546 reddidisse
686 1487 714 1544 in
736 1485 882 1562 loquendo
901 1494 1048 1563 paternam

26 1591 30 1598 ·
54 1570 233 1647 elegantiam
247 1570 360 1643 dicitnr,
378 1576 407 1628 et
420 1567 592 1629 Hortensiae
607 1568 642 1642 Q.
655 1570 732 1629 liliae
746 1571 838 1629 oratio
853 1569 928 1647 apud
940 1568 1047 1629 Trium·

52 1657 137 1714 viros
164 1652 259 1712 babita
285 1653 390 1728 legitur
414 1669 471 1712 non
497 1662 602 1713 tantum
628 1654 657 1713 in
681 1672 768 1713 sexus
796 1652 944 1713 honorem.
986 1652 1072 1713 Neci

53 1747 153 1798 tamen
171 1739 206 1813 ii,
228 1736 330 1815 quibus
350 1737 464 1796 discere
479 1738 550 1816 ipsis
565 1754 622 1796 non
642 1740 777 1813 contigit,
796 1739 934 1808 minorem
952 1754 1048 1796 curam

53 1821 184 1883 docendi
209 1821 319 1880 liberos
344 1819 484 1888 habeant;
512 1821 564 1881 sed
589 1822 646 1880 sint
668 1830 789 1904 propter
811 1821 869 1880 boc
895 1822 988 1900 ipsum
1012 1821 1048 1880 ad

54 1916 159 1967 cetera
181 1906 272 1983 magis
293 1903 457 1982 diligentes.

140 1990 186 2050 De
201 1991 315 2067 pueris,
336 1991 410 2049 inter
430 2006 503 2066 quos
526 1987 694 2049 educabitur
713 1989 764 2049 ille
784 1989 851 2049 buic
871 1988 936 2067 spei
959 1987 1046 2048 desti·

52 2084 160 2148 natus,
180 2073 256 2133 idem
272 2073 349 2151 quod
369 2072 404 2132 de
418 2073 574 2134 nutricibus
589 2073 694 2133 dictum
712 2075 759 2133 sit.

141 2157 187 2217 Ile
206 2157 387 2236 paedagogis
406 2157 463 2217 hoc
484 2157 621 2236 amplius,
642 2166 672 2218 ut
686 2166 734 2219 aut
750 2157 806 2217 sint
827 2155 930 2217 eruditi
950 2156 1073 2236 planas

54 2259 143 2322 qnam
163 2243 281 2321 primam
302 2259 368 2301 esse
389 2259 485 2301 curam
505 2242 607 2316 velim,
630 2251 677 2301 aut
696 2259 730 2302 se
753 2258 811 2301 non
831 2259 898 2301 esse
920 2241 1046 2302 eruditos

53 2328 161 2387 sciant.
192 2324 268 2385 Nihil
285 2333 329 2384 est
349 2325 432 2403 peius
454 2326 505 2400 iis,
528 2326 575 2403 qul
591 2325 705 2403 paulum
726 2324 832 2404 aliquid
852 2326 926 2386 ultra
942 2326 1047 2404 primas

53 2411 170 2473 litteras
192 2410 342 2486 progressi
363 2408 464 2468 falsam
480 2408 535 2469 sibi
554 2411 693 2468 scientiae
713 2411 931 2488 persuasionem
949 2410 1047 2469 indue·

54 2503 132 2555 runt.
174 2492 247 2553 Nam
267 2502 296 2552 et
315 2493 422 2555 cedere
442 2492 638 2571 praecipiendi
662 2493 789 2571 partibus
815 2494 995 2570 indignantur
1018 2502 1048 2553 et

55 2578 139 2637 velut
153 2578 216 2637 iure
235 2577 357 2657 quodam
378 2579 547 2654 potestatis,
569 2593 627 2654 qno
649 2577 712 2637 lere
727 2576 784 2637 hoc
798 2576 940 2637 hominum
954 2593 1047 2654 genus

56 2662 232 2737 intumescit,
245 2661 391 2740 imperiosi
406 2668 492 2738 atque
504 2662 616 2720 interim
630 2662 794 2720 saevientes
807 2661 954 2720 stultitiam
969 2677 1048 2719 suam

56 2748 230 2824 perdocent.
258 2744 320 2804 Nec
334 2746 425 2804 minus
441 2760 524 2803 error
538 2760 638 2804 eorum
651 2753 738 2804 nocet
752 2743 893 2812 moribns;
909 2744 1073 2820 siquidem9

57 2828 202 2888 Leonides
212 2827 370 2889 Alexandri
386 2827 583 2906 paedagogus,
598 2837 630 2887 ut
644 2846 660 2888 a
672 2827 831 2903 Babylonio
843 2826 977 2904 Diogene
991 2836 1047 2886 tra·

58 2912 144 2987 ditur,
160 2912 328 2990 quibusdam
343 2930 407 2971 eum
420 2912 496 2971 vitiis
511 2911 620 2986 imbuit,
639 2928 711 2989 quae
726 2911 873 2971 robustum
887 2927 1004 2989 quoqne
1019 2918 1049 2969 et

58 2997 114 3056 iam
124 2998 275 3056 maximum
286 3015 386 3074 regem
398 2994 433 3055 ab
445 2995 495 3055 illa
504 2996 681 3056 institutione
692 2996 795 3074 puerili
807 3003 872 3055 sunt
883 3002 1046 3074 persecuta.

142 3081 173 3140 Si
196 3082 241 3140 cui
255 3080 342 3140 multa
362 3077 464 3138 videor
479 3080 615 3156 exigere,
638 3082 749 3156 cogitet
764 3089 909 3152 oratorem
929 3080 1090 3154 instituite

59 3180 121 3223 rem
141 3164 271 3239 arduam,
301 3166 386 3223 etiam
407 3179 470 3222 curn
490 3164 517 3222 ei
537 3162 685 3223 formando
706 3162 777 3224 nibil
797 3163 936 3234 deluerit;
963 3181 1046 3242 prae-

59 3256 140 3307 terea
153 3247 236 3326 plura
250 3265 285 3307 ac
300 3246 461 3307 difficiliora
475 3264 641 3324 superesse.
665 3245 737 3306 Nam
752 3256 781 3307 et
795 3249 889 3308 studio
904 3256 1046 3326 perpetuo

60 3340 90 3391 et
103 3333 354 3411 praestantissimis
368 3329 606 3409 praeceptoribus
619 3338 648 3390 et
658 3329 787 3409 plurimis
802 3331 959 3410 disciplinis
974 3347 1047 3409 opus

60 3424 116 3476 est.
161 3415 345 3494 Quapropter
367 3414 571 3493 praecipienda
595 3423 661 3475 sunt
686 3416 808 3493 optima:
837 3417 958 3494 quaesi
983 3414 1088 3491 quisll

62 3499 240 3579 gravabitur,
260 3516 317 3560 non
331 3499 433 3561 rationi
448 3498 591 3560 defuerint
606 3498 660 3558 sed
672 3497 787 3560 bomini.
