2434 3925
260 183 842 297 mrsu.omuuou.nm.v111,uuoouu.⁸
1005 220 1045 280 45

44 389 134 466 cipue
149 386 227 446 circa
243 396 399 466 praecepta
415 388 504 465 partis
518 385 601 446 buius
620 385 770 446 laboravit.
807 386 891 460 Quod
908 405 970 446 eum
987 401 1045 446 me·
1096 425 1104 430 -

41 473 101 544 rito
121 471 248 546 fecisse,
266 472 349 529 etiam
368 471 433 549 ipso
447 472 506 545 rei,
525 470 562 530 de
578 487 633 548 qua
649 470 807 548 loquimur,
824 473 937 530 nomine
953 473 1046 550 palam

42 554 221 615 declaratur.
254 553 360 631 Eloqui
374 556 446 613 enim
461 554 518 614 hoc
534 564 594 628 est,
613 556 722 629 omnia,
740 572 813 632 quae
829 564 924 616 mente
940 573 1044 615 conce·

40 641 142 718 peris,
158 654 293 717 promere
309 647 394 716 atque
410 638 446 697 ad
464 637 612 697 audientes
629 638 776 715 perlcrre;
794 639 856 697 sine
871 657 928 716 quo
944 658 1044 717 super-

38 729 217 783 vacuarunt
238 724 337 800 priora
359 731 388 781 et
409 722 510 781 similia
527 722 625 798 gladio
645 722 759 781 condito
776 731 862 801 atque
878 726 950 782 intra
965 726 1045 800 vagi-

39 823 110 866 nam
125 823 205 864 suam
220 805 360 864 haerenti.
394 805 457 866 lloc
473 808 569 882 itaque
584 807 706 864 maxime
722 806 860 882 docetur,
878 807 935 866 hoc
951 807 1044 866 nullus
1053 816 1087 869 16

38 890 99 949 uisi
117 899 178 949 arte
201 891 317 969 assequi
334 899 448 967 potest,
465 889 512 948 hic
533 889 656 949 studium
673 889 823 967 plurimum
839 890 1042 957 adhibendum;
1092 959 1094 968 y

38 974 103 1034 boo
119 975 289 1031 exercitatio
304 975 393 1051 petit,
410 973 467 1032 hoc
482 974 618 1049 imitatio,
633 972 681 1033 bic
697 975 787 1032 omnis
803 983 883 1033 aetas
903 976 1043 1034 consumi-

39 1068 104 1124 tur;
128 1057 184 1116 boc
203 1058 324 1116 maxime
352 1067 450 1117 orator
476 1066 592 1117 oratore
616 1058 824 1135 praestantior,
852 1057 910 1118 boc
935 1076 1044 1135 genera

39 1142 108 1219 ipsa
130 1140 243 1200 dicendi
261 1140 324 1200 aliis
347 1141 403 1201 alia
419 1142 543 1220 potiora.
576 1140 680 1220 Neque
702 1141 776 1200 enim
793 1140 892 1201 Asiani
909 1152 957 1202 aut
973 1149 1085 1221 quo-ll

41 1242 159 1302 cunque
182 1225 239 1283 alio
261 1242 370 1301 genere
392 1211 520 1304 corrupti
540 1242 588 1284 res
609 1242 668 1284 nou
688 1225 821 1285 viderunt
843 1235 891 1285 aut
913 1245 963 1285 eas
987 1242 1044 1284 uou

40 1309 278 1382 collocaverunt,
305 1327 416 1388 neque,
445 1327 518 1388 quos
545 1310 822 1385 aridosvocamus,
845 1309 924 1369 stulti
948 1318 995 1369 aut
1015 1311 1044 1368 iu

41 1394 141 1452 causis
162 1394 242 1451 caeci
264 1391 390 1460 luerunt:
412 1395 465 1454 sed
487 1393 532 1454 luis
556 1393 689 1453 iudicium
706 1395 735 1452 in
752 1393 917 1472 eloquendo
932 1413 968 1454 ao
983 1410 1043 1452 mo·

41 1477 115 1551 dus,
138 1475 195 1534 illis
215 1477 293 1534 vires
315 1477 483 1554 deluemut,
506 1486 538 1537 ut
560 1485 699 1557 appareat
719 1478 748 1536 in
768 1477 825 1537 boc
847 1486 876 1536 et
894 1479 993 1537 vitium
1015 1486 1044 1537 et

40 1561 178 1619 virtutem
195 1578 263 1619 esse
280 1561 402 1620 dicendi.

129 1643 194 1703 Non
208 1645 274 1704 ideo
287 1654 380 1704 tamen
392 1645 456 1706 sola
468 1654 513 1705 est
527 1646 639 1723 agenda
652 1663 720 1705 cura
732 1644 897 1705 verborum.
934 1644 1086 1712 (iecur-18

42 1745 104 1789 ram
120 1729 194 1787 euim
209 1745 333 1788 necesse
352 1739 396 1788 est
419 1738 464 1805 et,
486 1729 566 1788 velut
583 1731 611 1788 in
633 1728 776 1788 vestibulo
793 1733 922 1807 protinus
938 1745 1042 1806 appre-

42 1811 176 1872 hensuris
193 1811 266 1871 hanc
284 1814 497 1873 consessionem
512 1831 622 1887 meam,
640 1815 772 1872 resistam
787 1814 839 1886 iis,
856 1813 922 1890 qui,
937 1813 1044 1871 omissa

42 1913 139 1955 rerum
162 1896 226 1975 (qui
252 1899 333 1957 nervi
352 1907 416 1956 sunt
437 1900 465 1956 in
488 1899 597 1977 causis)
623 1897 786 1974 diligentia,
815 1895 938 1975 quodam
966 1896 1043 1954 inani

43 1983 122 2041 circa
143 1997 233 2039 voces
257 1983 351 2043 studio
373 1991 543 2057 senescunt,
567 1983 653 2058 idque
675 1982 782 2040 iaciunt
804 1982 898 2057 gratia
915 1979 1050 2054 decoris„

43 2065 93 2143 qui
109 2072 154 2124 est
176 2066 203 2123 in
224 2065 345 2126 dicendo
368 2084 430 2126 mea
449 2066 562 2145 quidem
583 2067 719 2143 opinione
739 2064 966 2143 pulcherrimus,
989 2064 1042 2122 sed

43 2167 108 2208 cum
130 2151 260 2226 sequitur
281 2167 337 2208 non
359 2168 422 2209 cum
443 2150 602 2210 affectatur.
640 2146 770 2226 Corpora
795 2165 865 2208 sana
887 2155 916 2206 et
938 2148 1043 2223 integri
1050 2149 1085 2205 19

43 2233 190 2308 sanguinis
206 2241 235 2292 et
250 2235 458 2294 exercitatione
470 2235 579 2293 firmata
595 2251 633 2291 ex
644 2233 745 2292 iisdem
760 2231 804 2292 bis
820 2233 950 2311 speciem
966 2232 1042 2290 acci-

42 2317 139 2394 piunt,
166 2334 204 2374 ex
225 2316 328 2394 quibus
354 2320 448 2395 vires,
477 2335 598 2396 namque
621 2326 650 2376 et
672 2317 802 2377 colorata
824 2325 854 2375 et
874 2316 992 2376 astricta
1014 2324 1044 2375 et

42 2400 162 2460 lacertis
184 2418 324 2479 expressa
346 2411 426 2469 sunt;
447 2410 476 2461 at
493 2401 594 2460 eadem
616 2403 641 2460 si
664 2402 727 2479 quis
744 2400 828 2460 volsa
843 2409 929 2480 atque
945 2398 1042 2460 fucata

42 2482 221 2542 muliebriter
239 2494 348 2561 comat,
372 2486 538 2545 foedissima
566 2488 622 2544 siut
642 2486 706 2562 ipso
731 2485 841 2545 lormae
863 2483 975 2544 labore.
1005 2483 1085 2543 Etit)

43 2567 137 2627 cultus
150 2585 308 2628 concessus
321 2579 407 2648 atque
420 2571 587 2647 magnificus
601 2569 679 2630 addit
690 2569 869 2645 bominibus,
885 2576 916 2627 ut
929 2566 1042 2627 Graeco

42 2669 130 2710 versu
144 2660 277 2711 testatum
294 2662 355 2729 est,
377 2656 593 2722 auctoritatem;
617 2662 645 2712 at
665 2653 812 2713 muliebris
831 2661 860 2712 et
876 2652 1041 2711 luxuriosus

42 2751 101 2795 non
118 2752 223 2814 corpus
240 2746 360 2797 exornat
378 2739 430 2797 sed
445 2738 556 2815 detegit
572 2746 706 2797 mentem.
738 2737 875 2798 Similiter
886 2735 936 2795 illa
951 2742 1041 2793 trans·

42 2819 137 2879 lucida
153 2829 182 2878 et
204 2821 367 2880 versicolor
388 2820 564 2900 quorundam
579 2821 707 2881 elocutio
728 2840 777 2880 res
792 2823 870 2898 ipsas
887 2818 1041 2893 effeminat,

44 2920 117 2981 quae
134 2903 185 2962 illo
200 2904 355 2964 verborum
370 2905 466 2964 habitu
481 2906 650 2965 vestiuntur.
682 2904 785 2965 Curam
801 2920 872 2980 ergo
887 2900 1042 2960 verborum

43 3005 137 3046 rerum
167 2988 236 3047 volo
265 3007 332 3048 esse
362 2989 594 3049 sollicitudinem.
639 2988 710 3048 Nam
739 2988 908 3067 plerumque
938 2986 1080 3062 optimabl

44 3070 130 3130 rebus
152 3071 309 3132 cohaerent
331 3083 361 3132 et
383 3082 537 3147 cernuntur
552 3090 605 3132 suo
621 3073 740 3139 lumiue;
765 3081 793 3131 at
807 3087 860 3129 uos
879 3070 1041 3155 quaerimus

44 3155 111 3231 illa,
126 3163 259 3234 tanquam
275 3156 381 3217 lateant
393 3175 519 3236 seseque
536 3157 705 3217 subducant.
748 3154 791 3215 lta
805 3171 946 3232 nunquam
961 3162 1042 3231 puta·

45 3257 105 3297 mus
127 3240 205 3299 circa
229 3240 256 3300 id
273 3259 358 3316 esse,
384 3242 420 3301 de
442 3259 499 3319 quo
515 3241 666 3300 dicendum
684 3248 744 3314 est,
768 3238 820 3298 sed
836 3257 873 3297 ex
889 3237 952 3296 aliis
968 3236 1041 3296 locis

46 3322 166 3401 petimus
183 3332 212 3383 et
229 3325 351 3383 inventis
362 3327 418 3384 va
434 3326 588 3385 afferimus.
617 3323 727 3384 Maiore
739 3324 831 3382 animo
848 3321 1084 3399 aggrediendaw

48 3406 212 3484 eloquentia
229 3416 290 3482 est,
308 3427 381 3485 quae
398 3410 422 3467 si
440 3418 501 3469 toto
519 3426 644 3488 corpore
665 3406 760 3482 valet,
777 3424 888 3483 ungues
904 3405 998 3483 polire
1013 3413 1042 3464 et

48 3491 181 3569 capillum
196 3507 342 3568 reponere
356 3508 414 3551 non
430 3492 602 3552 existimabit
617 3492 654 3552 ad
678 3508 775 3551 curam
790 3510 869 3551 suam
884 3489 1040 3570 pertinere.
