2434 3925
187 187 248 250 204
501 198 538 246 ιι.
553 197 632 245 aaa.
649 197 869 257 communem

183 355 303 415 tharcho
320 372 355 414 an
370 355 486 431 Scopae
503 354 639 430 scriptam
651 353 690 411 sit
709 352 737 412 id
758 369 886 419 carmem
910 360 941 412 et
956 351 1096 413 Pharsali
1115 353 1188 413 luerit

183 437 257 498 haec
274 438 385 511 domus,
402 446 431 495 ut
446 438 510 514 ipse
526 437 649 513 quodam
665 436 731 495 loco
748 436 912 512 significare
928 437 1103 497 Simonides
1121 438 1185 497 vide

183 531 229 581 tur
244 529 330 599 atque
346 520 544 599 Apollodorus
559 530 588 579 et
602 519 813 579 Eratosthenes
828 529 857 579 et
867 518 1037 597 Euphorion
1059 530 1092 580 et
1106 521 1184 580 Laris

184 623 270 665 saeue
281 604 445 682 Eurypylus
456 604 642 678 tradiderunt,
660 622 695 662 an
713 602 857 676 cranone,
873 613 903 662 ut
918 603 1043 681 Apollas
1059 582 1208 665 Gallina

143 699 176 751 15
186 689 267 761 chus,
287 707 371 767 quem
386 697 503 747 secutus
520 684 625 746 Cicero
640 687 715 747 hanc
730 686 833 747 lamam
848 686 932 746 latius
947 687 1026 747 ludit.
1066 690 1208 769 Scopan
1207 656 1208 727 l

184 773 312 833 nobilem
328 771 497 831 Thessalum
514 772 637 848 periisse
653 773 681 830 in
698 788 736 830 eo
752 771 885 830 convivio
904 780 1028 838 constan
1060 773 1208 832 adiicito
1207 806 1208 837 3

185 858 294 916 sororis
312 857 373 915 eius
391 855 481 922 lilius;
505 863 603 932 putant
626 863 656 914 et
676 864 756 914 ortos
772 855 930 933 plerosque
948 854 983 915 ab
1001 855 1065 915 alio
1085 857 1181 934 Scopa
1207 862 1208 893 l

143 949 176 1004 16
184 941 231 1017 qui
248 941 339 999 maior
355 947 449 999 aetate
465 938 560 998 luerit.
592 937 760 1016 Quanquam
777 938 845 997 mihi
859 947 948 998 totum
962 938 999 998 de
1016 937 1182 1014 Tyndaridi

184 1023 345 1083 fabulosum
361 1023 489 1097 videtur,
512 1040 607 1101 neque
631 1024 745 1082 omnino
763 1023 845 1082 huius
865 1023 909 1081 rei
923 1024 1051 1081 meminit
1074 1041 1182 1103 usquan

186 1116 273 1185 poeta
290 1109 353 1185 ipse
370 1108 504 1184 prolecto
519 1124 576 1165 non
592 1108 730 1166 taciturus
746 1107 782 1166 de
797 1114 874 1166 tanta
890 1123 941 1165 sua
956 1106 1064 1183 gloria
1207 1078 1208 1155 l

143 1197 177 1253 17
266 1190 312 1250 Ex
334 1190 390 1249 hoc
407 1188 561 1252 Simonidis
585 1191 663 1250 iacto
684 1199 810 1250 notatum
824 1190 981 1265 videtur,
973 1192 1070 1250 iuvari
1087 1208 1208 1267 meno
1207 1160 1208 1217 l

184 1277 255 1335 riam
284 1275 403 1351 signatis
428 1276 521 1334 animo
549 1274 685 1349 sedibus,
715 1274 803 1352 idque
830 1274 953 1333 credere
982 1291 1035 1333 suo
1069 1277 1208 1353 quisque

185 1360 395 1437 experimento.
432 1356 504 1417 Nam
523 1376 586 1417 cum
608 1360 637 1416 in
659 1359 724 1418 loca
745 1358 841 1436 aliqua
864 1365 931 1434 post
945 1366 1063 1436 tempus
1081 1362 1194 1418 reversi.

185 1461 294 1502 sumus:
319 1459 377 1501 non
400 1443 463 1519 ipsa
484 1441 666 1518 agnoscimus
688 1451 794 1502 tantum
815 1441 982 1517 sedetiam,
1008 1459 1091 1520 quae
1109 1445 1141 1502 in
1156 1443 1186 1502 hh
1207 1434 1208 1453 *

185 1526 355 1599 fecerimus,
377 1527 585 1585 reminiscimur
600 1543 805 1604 personaeque
829 1524 965 1599 subeunt,
987 1526 1208 1606 nonnunqum}

185 1611 290 1670 tacitae
306 1626 421 1707 quoque
439 1611 633 1686 cogitationes
647 1611 676 1668 in
691 1618 815 1669 mentem
831 1618 1021 1669 revertuntur.
1054 1608 1138 1672 Nata
1155 1619 1188 1670 est

87 1742 90 1751 ι
145 1694 286 1770 wigstan,
315 1703 343 1753 ut
364 1695 392 1752 in
412 1693 577 1771 plerisque,
601 1712 649 1754 ars
670 1694 706 1755 ab
728 1695 937 1791 experimento.
973 1692 1054 1753 hoca
1081 1694 1208 1754 discunt¹

185 1795 270 1856 quam
285 1778 407 1837 mammo
422 1779 564 1855 spatiosa,
584 1778 671 1838 multa
685 1778 826 1838 varietate
844 1778 965 1854 signata,
983 1777 1106 1837 domum
1122 1780 1189 1838 lortc
1207 1788 1208 1793 ’

184 1880 314 1937 magnam
330 1871 359 1921 et
376 1862 404 1920 in
420 1863 525 1921 multos
546 1863 688 1923 diductam
706 1879 852 1920 recessus.
884 1860 916 1919 ln
934 1879 968 1920 ea
984 1840 1158 1940 quidquid
1146 1879 1187 1920 no·

184 1945 274 2005 tabile
291 1954 351 2022 est,
375 1947 468 2006 animo
490 1946 643 2023 diligenter
666 1946 807 2021 alligitur,
830 1953 861 2004 ut
876 1946 939 2005 sine
954 1948 1186 2006 cunctationem

118 2102 121 2105 Δ
186 2047 264 2089 mora
282 2040 379 2107 partes
401 2032 463 2089 eius
484 2047 585 2090 omnes
601 2032 738 2108 cogitatio
754 2031 847 2108 possit
862 2047 1049 2108 percurrere.
1084 2029 1124 2090 Ει
1139 2030 1186 2109 prl-

185 2132 248 2173 mus
262 2113 309 2174 hio
327 2113 410 2174 labor
424 2122 483 2190 est,
507 2132 564 2173 non
580 2114 704 2176 haerere
726 2115 754 2172 in
769 2130 902 2173 occursu.
933 2112 999 2173 Plus
1015 2114 1096 2174 enim
1111 2131 1185 2192 qnam

185 2198 264 2257 firma
287 2198 375 2257 dehet
396 2216 463 2256 esse
483 2201 638 2274 memoria,
666 2215 740 2276 quae
766 2197 851 2257 aliam
869 2197 1037 2256 memoriam
1064 2198 1184 2257 adiuvet

145 2280 272 2355 19Τιιιι,
300 2299 374 2359 quae
402 2283 580 2360 scripserunt
604 2281 654 2342 vel
680 2282 856 2358 cogitatione
882 2280 1137 2358 complectuntur,
1163 2288 1186 2339 et

186 2367 281 2441 signo,
298 2382 354 2441 quo
371 2374 549 2441 moneantur,
570 2374 681 2432 notant;
700 2366 777 2442 quod
794 2382 861 2424 esse
877 2364 926 2424 vel
945 2382 983 2422 ex
997 2382 1031 2422 re
1047 2372 1113 2424 tota
1131 2372 1186 2445 pot·
1206 2403 1208 2420 ι

187 2457 249 2522 est,
271 2457 301 2507 ut
321 2449 357 2508 de
375 2451 574 2526 navigatione,
598 2450 713 2524 militia,
737 2447 786 2508 rel
802 2467 839 2507 ex
861 2448 953 2507 verbo
969 2447 1082 2525 aliquo.
1122 2449 1186 2508 Nan

186 2533 271 2591 etiam
289 2532 457 2592 excidentes
473 2535 555 2593 unius
571 2534 763 2596 admonitione
778 2532 862 2612 verbi
877 2532 905 2590 in
920 2533 1091 2591 memoriam
1106 2549 1185 2612 repo·

186 2619 296 2675 huntur.
332 2617 483 2676 Sit‘autem
498 2618 609 2694 signum
624 2618 813 2694 navigationis
830 2624 860 2675 ut
876 2633 1000 2690 ancora,
1024 2616 1149 2677 militiae
1161 2625 1185 2675 nt

144 2700 292 2777 italiquid
313 2718 351 2759 ex
366 2701 461 2760 armis.
498 2700 579 2761 Haec
595 2702 635 2762 ita
649 2701 790 2778 digerunt.
828 2699 950 2760 Primum
967 2717 1087 2759 sensum
1102 2701 1185 2761 vesti·

187 2783 255 2843 bulo
272 2785 353 2862 quasi
368 2785 531 2861 assignant,
548 2786 704 2846 secundum
727 2787 818 2861 atrio,
843 2794 900 2844 tum
917 2783 1054 2862 impluvia
1070 2785 1184 2845 circum

188 2878 269 2942 eunt,
288 2888 343 2928 nec
359 2868 499 2929 cubiculis
514 2870 599 2929 modo
616 2878 663 2930 aut
679 2869 795 2929 exedris
812 2869 865 2929 sed
880 2869 981 2927 statuis
1004 2869 1094 2927 etiam
1117 2870 1184 2928 simi·

187 2951 320 3029 libusque
336 2970 389 3030 per
406 2953 535 3013 ordinem
551 2955 735 3013 committunt.
765 2952 829 3012 Hoc
846 2953 940 3026 lacto,
959 2970 1021 3011 cum
1042 2960 1091 3011 est
1106 2971 1183 3032 repe·

186 3036 272 3095 tenda
292 3038 445 3113 memoria,
469 3039 606 3115 incipiunt
627 3036 663 3097 ab
685 3038 764 3096 initio
788 3037 854 3097 loca
870 3036 944 3096 haec
961 3053 1140 3111 recensere,
1161 3044 1184 3094 et

188 3119 265 3195 quod
281 3121 384 3197 cuique
401 3122 584 3182 crediderunt
600 3131 775 3199 reposcant,
790 3130 821 3180 ut
837 3138 936 3180 eorum
951 3120 1076 3196 imagine
1093 3121 1183 3181 admo·

187 3212 298 3261 nentur.
328 3203 387 3279 lta,
409 3206 566 3283 quamlibet
580 3205 666 3265 multa
682 3206 753 3279 sint,
776 3222 896 3282 quorum
919 3204 1084 3264 meminisse
1103 3221 1182 3281 opor·

188 3295 263 3360 teat,
280 3286 349 3345 liunt
365 3289 478 3365 singula
493 3307 568 3349 nexa
579 3290 671 3359 setiam
686 3289 809 3367 quodam
826 3290 918 3362 eoric,
935 3306 991 3347 uec
1006 3296 1105 3346 errant
1121 3304 1182 3347 con·

146 3380 178 3434 21
188 3372 338 3446 iungentes
361 3372 504 3447 prioribus
525 3367 675 3451 sequentia
697 3372 761 3432 solo
785 3372 933 3432 ediscendi
957 3370 1068 3431 labore.
1104 3370 1182 3443 Quod

189 3454 324 3517 dedomo
341 3455 416 3533 dini,
438 3465 467 3515 et
488 3458 516 3516 in
537 3457 675 3535 operibus
697 3456 821 3535 puhlicis
846 3466 875 3516 et
889 3454 1035 3517 in'itinere
1051 3454 1141 3533 longo
1157 3462 1182 3514 et
