2434 3925
314 247 403 297 lusu.
417 246 780 316 ouuuon.nra.x11,1o.
988 239 1049 304 265
1070 244 1073 252 “

29 404 156 471 exucci
173 408 203 461 et
220 419 380 479 exangues.
412 401 448 461 lli
462 411 528 462 sunt
543 404 635 479 eninr,
653 406 701 482 qui
716 420 788 479 suae
801 404 990 468 imbecillitati
1005 422 1092 474 sats

30 488 147 546 nitatis
172 486 413 585 appellationem,
439 497 581 563 quaeest
604 490 726 552 maxime
756 492 917 565 contraria,
948 491 1049 553 obten-

32 573 135 638 lunt3
159 572 222 648 qui,
240 572 306 648 quia
322 569 476 629 clariorem
490 572 547 629 vim
565 571 751 670 eloquentiae
767 572 846 632 velut
860 573 953 634 solem
969 576 1050 637 ierne

28 672 108 714 non
124 662 263 732 possunt,
281 652 379 712 umbra
394 655 488 729 magni
505 657 626 714 nominis
640 657 823 716 delitescunt.
854 656 965 730 Quibus
983 664 1049 737 quia

27 738 139 807 multa
160 747 190 797 et
211 736 341 816 pluribus
366 736 440 796 locis
465 734 570 798 Cicero
596 742 661 818 lpse
681 740 849 819 respondit:
874 743 962 803 tutior
980 744 1049 804 milri

29 823 83 885 de
101 821 159 881 boc
177 820 339 881 disserendi
353 820 480 880 brevitas
495 823 559 881 erit

27 944 29 977 ÷
134 905 174 965 Εἰ
202 907 318 982 antiqua
341 905 455 982 quidem
481 904 530 964 illa
557 905 661 965 divisio
690 907 764 965 inter
789 906 935 967 Atticos
960 918 1047 987 atque
1057 924 1090 977 16

26 991 207 1061 Asianos
222 990 294 1064 iuit,
318 1005 381 1048 curn
396 988 425 1047 lri
440 989 535 1066 pressi
551 997 581 1048 et
596 990 716 1065 integri:
740 1000 840 1050 contra
855 991 943 1052 induti
961 993 1002 1053 illi
1019 1005 1048 1054 et

26 1077 150 1134 dnanes
170 1072 359 1141 haberentur;
390 1073 418 1130 in
439 1070 484 1130 luis
508 1073 577 1132 nibil
603 1071 814 1151 superflueret:
837 1074 895 1134 illis
915 1077 1048 1138 iudicium

26 1158 172 1231 maxime
187 1174 222 1217 ac
236 1157 337 1216 modus
353 1156 481 1215 deesset.
514 1155 599 1229 Quod
617 1156 746 1234 quidam,
765 1175 885 1235 quorum
900 1169 929 1219 et
944 1161 1047 1222 Santra

25 1250 111 1316 nest,
133 1240 190 1300 hoc
206 1248 304 1319 putant
321 1240 481 1314 accidisse,
506 1241 601 1317 quod,
623 1240 759 1318 paulatim
781 1259 915 1303 sermone
933 1243 1045 1307 Graeco

30 1328 74 1385 in
91 1326 238 1403 proximas
255 1324 344 1382 Asiae
360 1325 491 1383 civitates
507 1323 659 1399 induente,
676 1324 800 1385 nondum
815 1328 886 1385 satis
901 1329 985 1406 periti
1002 1329 1045 1389 lo·

36 1409 156 1488 quendi
176 1407 338 1467 facundiam
359 1409 576 1486 concupierint,
605 1409 732 1485 ideoque
754 1427 805 1484 ea,
830 1426 904 1486 quae
927 1415 1045 1491 proprie

34 1493 158 1569 signari
173 1500 326 1569 poterant,
343 1492 463 1550 circuitu
478 1493 630 1569 coeperint
645 1494 793 1553 enuntiare
808 1511 843 1553 ac
860 1495 964 1555 deinde
979 1514 1046 1574 per·

36 1577 222 1637 severarint.
254 1574 322 1634 blibi
345 1583 439 1634 autern
461 1576 598 1634 orationis
620 1574 810 1637 differentiam
830 1577 938 1637 iecisse
960 1588 989 1639 et
1006 1579 1046 1639 di·
1055 1591 1088 1646 17

36 1661 175 1735 centium
199 1667 228 1718 et
249 1659 421 1719 audientium
443 1667 560 1718 naturae
580 1659 730 1735 videntur,
755 1663 832 1738 quod
848 1661 938 1721 Attici
958 1662 1046 1725 limati

37 1743 164 1822 quidam
180 1752 209 1802 et
224 1744 347 1802 emuncti
362 1741 430 1801 nihil
446 1743 530 1801 inane
545 1751 593 1802 aut
607 1741 769 1803 redundans
780 1744 923 1821 ferebant,
939 1745 1045 1807 Asiana

38 1845 123 1905 gens
140 1827 272 1887 tumidior
295 1826 402 1902 alioqui
422 1834 509 1904 atque
525 1828 675 1887 iactantior
689 1829 807 1888 vaniore
829 1829 915 1888 etiarn
931 1829 1044 1891 dicendi

40 1911 144 1990 gloria
163 1909 259 1971 indata
278 1918 331 1970 est.
364 1907 490 1970 Tertium
504 1927 588 1986 mox,
613 1912 661 1989 qui
675 1910 749 1971 baec
764 1911 945 1989 dividebant,
968 1914 1044 1975 adie·
1054 1925 1087 1979 18

41 2004 152 2056 cerunt
176 2013 287 2072 genus
308 1993 498 2070 llbodium,
528 1995 605 2073 quod
623 1996 704 2055 velut
724 1997 846 2057 medium
859 2015 936 2058 esse
958 2008 1044 2077 atque

41 2099 87 2140 ex
112 2088 234 2157 utroque
255 2080 371 2138 mixtum
385 2079 500 2147 volunt;
526 2097 622 2157 neque
637 2081 712 2139 euim
726 2079 824 2140 Attice
840 2083 934 2158 pressi
949 2100 1044 2161 neque

41 2164 158 2223 Asiane
174 2172 238 2223 sunt
257 2162 450 2236 abundantes,
475 2170 507 2221 ut
531 2162 639 2240 aliquid
659 2162 767 2223 habore
784 2165 935 2225 videantur
949 2170 1044 2242 gentis

43 2245 160 2325 aliquid
175 2248 311 2307 auctoris.
342 2245 504 2308 Aeschines
521 2248 614 2321 enirn,
632 2249 681 2324 qui
695 2246 770 2307 hunc
788 2248 877 2307 exilio
894 2248 1044 2326 delegerat
1052 2261 1085 2314 19

41 2333 161 2406 locum,
183 2331 276 2391 intulit
299 2347 335 2390 co
350 2331 443 2390 studia
457 2328 647 2405 Athenarum,
671 2348 761 2409 quae,
782 2332 862 2391 velut
879 2341 940 2393 sata
957 2352 1042 2412 quae·

43 2416 114 2475 dam
129 2413 214 2474 coelo
231 2425 366 2494 terraque
380 2414 576 2490 degenerant,
599 2431 734 2492 saporem
756 2416 835 2475 illum
850 2416 976 2477 Atticum
991 2436 1042 2496 pe·
1148 2423 1150 2433 ¹

44 2499 167 2575 regriuo
182 2500 367 2558 miscuerunt.
407 2496 488 2557 tenc
509 2517 583 2576 ergo
602 2499 715 2575 quidam
730 2517 765 2560 ao
778 2500 891 2560 remissi
907 2519 964 2561 non
979 2505 1041 2561 sine

45 2581 178 2661 pondere
194 2592 288 2642 tanuen
303 2600 398 2660 neque
413 2581 539 2641 fontibus
557 2585 636 2661 puris
650 2601 746 2661 neque
761 2584 936 2645 torrentibus
953 2585 1040 2645 turbi-

46 2667 93 2726 dis
108 2665 160 2725 sed
177 2665 288 2726 lenibus
303 2667 412 2742 stagnis
429 2666 538 2725 similes
553 2666 703 2727 habentur.

131 2748 223 2809 Nemo
245 2751 331 2825 igitur
353 2749 541 2825 dubitaverit,
571 2750 660 2827 longe
682 2769 749 2810 esse
771 2754 906 2829 optimum
925 2762 1084 2827 genusao

47 2832 261 2894 Atticorum.
291 2833 324 2893 ln
339 2851 396 2911 quo
413 2843 444 2893 ut
460 2842 506 2893 est
522 2833 628 2913 aliquid
643 2837 718 2894 inter
732 2835 813 2911 ipsos
829 2852 995 2910 commune,
1011 2836 1040 2895 id

48 2925 94 2976 est
110 2917 243 2978 iudicium
266 2935 334 2977 aare
356 2926 539 2995 tersumque:
561 2920 599 2977 ita
621 2918 798 2994 ingeniorum
820 2918 958 2994 plurimae
980 2918 1039 2978 ior·

46 3017 121 3059 mae.
156 2999 340 3079 Quapropter
355 3001 421 3060 milri
438 3000 500 3060 falli
515 2999 632 3061 multum
646 3001 795 3073 videntur,
812 3003 859 3077 qui
874 3001 956 3060 solos
974 3014 1081 3066 essent

47 3083 162 3143 Atticos
178 3085 299 3144 credunt
319 3095 420 3145 tenues
437 3093 467 3144 et
481 3084 593 3145 lucidos
614 3093 644 3143 et
658 3083 852 3160 significantes
874 3092 903 3143 et
918 3087 1040 3163 quadam

48 3166 233 3245 eloquentiae
249 3168 413 3245 frugalitate
429 3177 581 3228 contentos
595 3185 630 3226 ac
641 3185 756 3244 semper
770 3183 881 3226 manum
896 3169 967 3228 intra
978 3169 1038 3248 pal·

46 3250 115 3310 liurn
136 3253 327 3312 continentes.
364 3250 435 3311 Nam
462 3254 524 3330 quis
551 3253 604 3310 erit
624 3250 670 3309 bic
690 3247 825 3310 Atticus?
860 3252 903 3310 stt
922 3251 1037 3327 Lysiam

46 3334 122 3394 bunc
151 3337 225 3395 enim
252 3335 462 3413 amplectuntur
492 3345 634 3396 amatores
658 3335 740 3396 istius
766 3335 886 3393 nominis
914 3336 1036 3396 modurn.

48 3416 113 3476 Non
127 3420 214 3495 igitur
232 3420 392 3498 iamneque
413 3420 448 3479 ad
465 3417 593 3480 Coccum
612 3427 641 3477 et
656 3417 833 3477 Andocidem
853 3421 1036 3478 remittemur.

48 3501 232 3580 Interrogare
249 3512 343 3564 amen
362 3503 466 3580 velim,
491 3521 528 3564 an
543 3502 690 3563 Isocrates
705 3502 802 3562 Attice
818 3502 931 3562 dixerit.
962 3502 1037 3562 Nihil
1045 3514 1080 3567 Ὦ
