2434 3925
324 233 426 283 msa.
439 233 588 284 caunos.
601 235 670 283 nnn.
682 236 729 300 vr,
742 234 767 287 1.
987 221 1049 284 247

51 389 186 473 plicabrli
200 389 276 450 seris
291 396 481 463 connectunt,
497 398 526 448 et
538 388 695 449 indubitata
715 390 855 467 colligunt
877 400 906 451 et
926 390 1049 468 probant

52 477 193 536 confessa
208 483 239 532 et
252 492 285 532 se
298 474 420 550 antiquis
436 490 490 551 per
504 472 561 532 ltcc
576 472 684 531 similes
701 483 822 548 vocant,
843 474 945 534 deinde
961 477 1048 535 inter·

51 552 152 637 rogati
185 574 327 635 nunquam
350 556 581 636 respondebunt,
608 575 692 635 quem
725 559 877 617 imitentur.
927 559 985 619 Sed
1012 559 1049 619 de

51 644 157 722 liguris
173 641 230 701 alio
247 640 324 700 loco.

140 724 223 785 Nunc
241 724 311 784 illud
331 723 534 798 adiiciendum,
555 741 592 783 ne
613 723 649 781 iis
671 724 784 801 quidem
806 727 969 785 consentire
990 735 1092 803 meaa

51 813 103 890 qui
120 826 238 887 semper
254 816 421 884 argumenta
437 823 571 866 sermone
586 824 659 884 puro
677 815 707 866 et
726 807 852 867 dilucido
871 818 900 868 ct
913 810 1048 869 distincto

50 904 186 954 ceterum
197 893 310 950 minime
321 891 379 950 lato
396 900 554 969 ornatoque
565 899 664 969 putant
676 909 743 950 esse
754 892 884 952 dicenda.
918 892 1049 971 Namque

50 996 89 1038 en
112 977 248 1036 distincta
272 974 385 1053 quidem
406 991 440 1033 ac
457 976 612 1052 perspicua
632 974 741 1034 debere
761 994 828 1035 esse
846 978 1004 1051 confiteor,
1020 980 1049 1036 in

49 1061 143 1121 rebus
155 1076 226 1119 vero
244 1058 398 1118 minorihus
415 1059 499 1117 etiam
516 1075 650 1123 sermone
665 1076 699 1118 ac
714 1059 812 1119 verbis
830 1078 913 1139 qnam
927 1063 1048 1120 maxime

50 1145 183 1224 propriis
200 1152 230 1202 et
245 1160 282 1201 ex
297 1160 364 1210 nsu;
380 1150 409 1201 at
424 1143 448 1201 si
463 1143 553 1201 maior
568 1143 624 1201 erit
637 1146 766 1217 materia,
784 1144 890 1203 nullum
905 1144 950 1203 his
967 1151 1091 1207 orna-at

51 1237 131 1303 tum,
148 1229 196 1305 qui
211 1226 296 1285 modo
311 1243 369 1284 non
389 1224 542 1300 obscuret,
566 1226 788 1287 subtrahendum
808 1237 888 1306 puto.
931 1227 1002 1287 Nam
1020 1237 1050 1287 et

51 1329 149 1389 saepe
164 1311 312 1389 plurimum
329 1309 401 1368 lucis
417 1309 500 1368 allent
515 1310 579 1387 ipsa
595 1312 760 1386 translatio,
777 1330 841 1371 cum
861 1314 944 1372 etiam
967 1313 1049 1372 iuris·

52 1394 197 1470 consulti,
215 1410 334 1470 quorum
349 1410 471 1455 summus
488 1395 564 1453 circa
580 1392 735 1453 verborum
746 1397 952 1473 proprietatem
967 1395 1049 1455 labor

51 1488 112 1552 est,
128 1479 200 1539 litus
215 1493 282 1536 csse
300 1476 421 1536 audeant
441 1476 557 1551 dicere,
581 1495 636 1555 qua
659 1477 761 1537 ductus
786 1480 892 1541 eludit.
926 1478 1091 1557 Quoque35

6 1564 8 1579 '
52 1562 190 1640 quidest
216 1570 314 1619 natura
340 1561 431 1636 magis
452 1577 602 1638 asperum,
630 1560 687 1620 hoc
709 1561 837 1639 pluribus
861 1563 1049 1623 condiendum

53 1654 103 1704 est
118 1643 327 1722 voluptatibus;
349 1654 379 1704 et
397 1645 486 1703 minus
504 1653 641 1722 suspecta
659 1648 865 1721 argumentatio
889 1647 1048 1706 dissimula·

51 1731 151 1805 tione,
179 1738 208 1788 ct
222 1729 338 1789 multum
352 1727 388 1787 ad
406 1727 490 1787 lidem
509 1727 623 1787 adiuuat
643 1728 782 1788 audientis
798 1729 943 1808 voluptas.
988 1728 1049 1789 Nisi

52 1815 134 1875 forte
150 1815 342 1872 existimamus
359 1809 529 1871 Ciceronem
544 1810 618 1870 lnaec
632 1811 694 1889 ipsa
713 1812 787 1871 mala
802 1814 1049 1889 argumentatione

53 1899 184 1973 dixisse,
198 1898 289 1961 silere
304 1898 385 1976 tepeo
398 1898 478 1956 iuter
492 1913 597 1970 orma,
620 1903 649 1953 et
664 1895 803 1974 gladium
820 1897 907 1959 nobis
930 1897 1050 1956 interim

53 1984 96 2044 ob
111 1984 188 2060 ipsis
199 1983 318 2060 porriqi
334 1981 459 2059 lepidus.
502 1978 555 2038 llic
575 1988 669 2038 tamen
687 1979 834 2040 habendus
855 1981 918 2040 istis
935 1981 1048 2056 modus,

53 2075 87 2124 nt
104 2068 162 2126 sint
178 2074 343 2126 ornamento
362 2081 418 2123 non
432 2063 644 2141 impedimento.

433 2338 592 2451 nnnnn
621 2387 680 2452 vr.

55 2514 135 2565 Libro
161 2517 233 2569 sento
259 2516 323 2568 haec
345 2519 511 2569 continentur:
535 2518 708 2577 Prooemium,
732 2517 758 2564 in
781 2531 830 2579 quo
853 2519 999 2580 conquestio
1017 2519 1050 2568 de

91 2584 194 2633 fortuna
218 2600 273 2638 sna.
315 2585 351 2636 De
377 2591 543 2651 peroratione.
590 2587 640 2652 De,
662 2585 803 2635 affectibus.
848 2586 886 2636 De
908 2589 970 2637 risu.
1011 2588 1050 2637 Dc

90 2652 263 2708 alteroauone.
298 2654 336 2704 De
353 2657 447 2707 iudicio
465 2665 489 2707 et
506 2655 622 2708 consilio.

457 2792 655 2846 PROOEMIUM.

158 2859 262 2964 flacc,
278 2886 460 2949 Marcelle
476 2889 640 2964 Victori,
657 2907 695 2948 en
709 2896 757 2948 toa
769 2887 916 2946 voluntate
928 2887 1049 2947 maxime

55 2975 225 3051 ingressus,
245 2982 303 3031 tum
319 2973 344 3031 si
360 2989 416 3051 qua
432 2990 468 3031 ex
483 2972 566 3031 nohis
586 2972 624 3032 ad
646 2972 764 3031 iuvenes
781 2971 874 3029 bonos
894 2972 1049 3048 pervenire

55 3066 161 3138 posset
183 3056 304 3131 utilitas,¹
327 3057 483 3115 novissime
504 3073 596 3133 paene
623 3057 708 3116 etiam
729 3054 904 3114 necessitate
929 3054 1050 3131 quadam

56 3142 148 3202 oflicii
164 3140 291 3217 delegati
306 3139 373 3199 milri
386 3139 488 3199 sedulo
500 3138 680 3207 laborabam
693 3139 853 3216 respiciens
866 3145 961 3197 tamen
973 3137 1050 3197 illam

56 3243 157 3285 curam
172 3242 254 3284 meae
269 3223 441 3301 voluptatis,
465 3223 542 3301 quod
563 3222 640 3300 lilio,
662 3223 742 3284 cuius
764 3222 891 3281 eminens
907 3222 1055 3297 ingenium
1071 3269 1073 3273 ,

56 3309 213 3369 sollicitam
229 3324 345 3386 quoque
359 3307 487 3385 parentis
502 3305 677 3382 diligentiam
692 3305 871 3380 merebatur,
887 3304 960 3365 hanc
976 3306 1049 3382 opti-

56 3409 132 3452 mam
148 3400 259 3470 partem
274 3390 426 3449 relicturus
442 3388 609 3449 hereditatis
626 3388 761 3464 videbar,
779 3398 824 3464 ut,
841 3390 865 3448 si
886 3407 949 3461 mc,
972 3385 1051 3466 quod

58 3493 183 3555 aequum
198 3484 227 3536 et
243 3473 371 3554 optabile
386 3472 458 3551 luit,
473 3473 532 3534 lata
545 3473 783 3553 intercepissent,
800 3480 994 3553 praeceptore
1007 3478 1049 3531 ta·
