2434 3925
345 222 596 295 mesoleucon.
609 247 678 294 urs.
691 248 736 313 ιι,
749 246 774 296 ι.
917 204 927 224 ’
997 222 1055 293 ret

63 412 112 476 est
129 401 254 463 difficilis
274 402 358 462 buius
373 419 416 461 rer
409 401 611 475 moderatio
632 418 707 479 quae
728 409 823 460 tamen
842 401 998 478 temperari
1017 401 1057 459 ita

62 495 182 567 potest,
206 494 237 544 ut
255 486 403 545 videamur
425 492 560 544 accurate
575 500 632 541 non
648 483 752 543 callide
768 485 875 543 dicere.
913 482 958 542 Ex
972 501 1057 562 prae·

65 572 162 648 ceptis
177 568 323 627 veteribus
338 577 447 643 manet,
469 584 506 625 ne
521 565 599 644 quod
616 567 745 625 insolens
760 567 896 642 verbum,
919 586 955 626 nc
971 567 1057 626 auda

65 656 131 714 cius
145 652 326 728 translatum,
350 670 386 710 ne
408 660 457 711 aut
471 650 506 709 ab
524 649 657 710 obsoleta
673 659 816 709 vetustate
832 660 879 709 aut
894 652 1009 728 poetica
1024 649 1057 709 li
1136 662 1139 672 ’

64 737 163 798 centia
179 737 344 813 sumptum
335 753 362 793 ιιι
380 735 521 814 principio
543 732 785 812 deprehendatur.
832 732 963 793 Nondum
986 751 1059 792 enim
1067 746 1101 800 59

67 821 184 897 recepti
204 837 317 895 sumus,
341 827 370 878 et
392 817 516 878 custodit
537 834 590 877 uos
613 834 717 875 recens
735 818 908 877 audientium
923 818 1057 883 intentio;

63 904 159 980 magis
175 901 334 963 conciliatis
350 903 449 962 animis
465 910 494 960 et
510 902 565 960 iam
581 899 740 959 calentibus
756 899 830 959 haec
847 899 966 959 libertas
980 900 1057 959 iere·

63 998 124 1061 tur,
141 987 321 1065 maximeque
337 1004 400 1045 cum
415 987 443 1043 in
459 984 541 1044 locos
560 984 696 1043 fuerimus
712 985 852 1061 ingrcssi,
875 1001 995 1062 quorum
1010 999 1059 1041 na-

67 1070 168 1131 turalis
191 1069 308 1129 ubertas
333 1070 476 1129 licentiam
496 1066 578 1126 verbi
593 1069 688 1128 notari
702 1067 875 1126 circumfuso
891 1069 986 1126 nitore
1001 1082 1058 1125 non

67 1155 183 1234 patitur.
221 1152 285 1212 Nec
306 1154 479 1229 argumentis
501 1160 596 1211 autem
613 1169 667 1209 uec
689 1150 763 1210 locis
782 1169 837 1211 nec
852 1146 1005 1210 narrationi
1021 1151 1058 1208 si·
1066 1166 1101 1220 so

66 1237 142 1296 milis
164 1254 231 1295 esse
251 1238 279 1295 in
301 1238 451 1315 prooemio
476 1235 564 1295 debet
578 1236 672 1293 oratio
680 1252 806 1312 ,neque
826 1243 921 1294 tamen
936 1234 1059 1293 deducta

67 1338 185 1397 semper
200 1330 288 1399 atque
312 1320 477 1379 circumlata
498 1318 551 1377 sed
571 1335 675 1415 saepe
684 1318 807 1396 simplici
822 1326 909 1397 atque
924 1317 1058 1377 illabora-

63 1410 117 1464 tae
130 1404 246 1478 similis,
268 1421 324 1463 nec
343 1402 441 1462 verbis
455 1402 593 1500 vultuque
608 1401 693 1461 nimiu
710 1404 889 1479 promittens.
921 1401 1058 1462 Dissimu·

67 1488 126 1548 lata
141 1488 215 1546 enim
231 1449 270 1562 e’t,
286 1496 316 1546 ut
332 1486 434 1547 Graeci
447 1486 553 1560 dicunt,
571 1476 748 1559 ἆνειιίφατος
764 1487 839 1545 actio
854 1485 956 1545 melius
969 1501 1059 1563 saepe

69 1572 212 1649 surrepit·
238 1571 296 1630 Sed
313 1570 387 1631 baec
402 1579 487 1649 prout
502 1570 620 1629 formari
635 1570 755 1628 animum
771 1570 895 1629 iudicum
911 1568 1058 1646 expediet.

68 1653 190 1714 'l'urbari
212 1656 350 1715 memoria
369 1655 418 1714 vel
447 1654 628 1713 continuandi
657 1651 748 1712 verba
777 1652 915 1713 facultate
944 1652 1100 1713 destituitl

67 1755 207 1816 nusquam
222 1740 348 1817 turpius,
372 1756 435 1798 cum
457 1738 590 1797 vitiosum
607 1737 785 1814 prooemium
804 1738 898 1814 possit
911 1736 1003 1795 uideri
1022 1737 1060 1794 ci·

68 1824 211 1882 ¹catricosa
229 1822 335 1898 iacies,
358 1831 387 1881 et
408 1822 550 1900 pessimus
572 1828 655 1878 certe
669 1818 860 1896 gubernator,
885 1820 1059 1898 quinarem,

65 1907 134 1967 dum
148 1912 234 1984 portu
257 1906 419 1985 egreditur,
442 1905 571 1983 impegit.
608 1902 711 1961 blodus
733 1903 865 1982 principii
886 1918 939 1981 pro
962 1906 1103 1964 causati

67 1989 141 2050 Nam
155 1989 271 2049 brevius
287 1991 450 2068 simplices,
474 1989 588 2065 longius
611 1986 776 2068 perplexae
794 1994 1008 2065 suspectaeque
1032 1994 1061 2043 et
1142 2043 1145 2047 ,

68 2073 191 2133 iniames
207 2074 380 2133 desiderant.
420 2072 542 2133 Ridendi
564 2088 655 2147 vero,
678 2073 725 2149 qui
748 2071 828 2130 velut
843 2070 940 2147 legem
955 2086 1060 2148 prooe·

66 2158 131 2216 rniis
148 2158 277 2216 omnibus
295 2158 449 2232 dederunt,
472 2166 503 2215 ut
517 2157 590 2216 intra
606 2162 740 2234 quattuor
759 2172 862 2214 sensus
877 2156 1061 2214 terminaren-

67 2250 124 2299 tur.
159 2240 222 2300 Nec
242 2243 333 2299 minus
358 2240 491 2300 evitanda
513 2248 558 2300 est
580 2239 732 2298 immodica
753 2240 815 2299 eius
835 2239 1002 2316 longitudo,
1024 2255 1061 2296 nc

67 2326 96 2383 in
115 2332 202 2401 caput
219 2325 546 2400 excrevissevideatur,
570 2332 600 2382 et
624 2338 681 2401 quo
696 2340 872 2402 praeparare
896 2321 983 2382 debet
998 2320 1061 2380 iati

67 2416 128 2484 get
161 2410 330 2467 Sermonem
345 2426 360 2467 a
376 2425 502 2487 persona
518 2407 620 2467 iudicis
636 2424 768 2467 aversum
776 2424 877 2486 ,quae
892 2394 1105 2484 ἆποστροφὴόὃ

68 2492 190 2566 dicitur,
217 2492 359 2569 quidam
351 2510 378 2551 ιιι
399 2501 489 2552 totum
508 2492 691 2589 aprooemio
712 2452 906 2565 sumhovent,
927 2487 1064 2549 nonnulla

67 2574 216 2653 quidem
207 2594 236 2633 ιιι
258 2575 330 2635 hunc
347 2577 565 2654 persuasionem
588 2575 699 2635 ratione
717 2575 803 2634 ducti.
850 2535 922 2634 Nuba
943 2586 1063 2651 prorsus

69 2658 213 2718 essehoc
237 2661 328 2736 magis
348 2660 503 2719 secundum
518 2667 648 2719 naturam
670 2657 862 2717 confitendum
877 2665 938 2732 est,
962 2664 993 2715 ut
1010 2671 1063 2713 eos

68 2740 250 2819 alloquamur
277 2743 471 2821 potissimum,
497 2758 570 2821 quos
607 2742 765 2802 conciliare
790 2741 873 2800 nobis
905 2740 1062 2800 studemus.

67 2823 185 2885 interim
199 2835 293 2885 tamen
309 2834 338 2885 et
353 2835 401 2886 est
414 2827 565 2905 prooemio
580 2827 764 2885 necessarius
783 2842 887 2884 sensus
904 2823 1018 2901 aliquis,
1035 2828 1110 2887 etot

68 2908 117 2968 hic
139 2910 235 2969 acrior
259 2910 289 2969 iit
312 2918 400 2988 atque
413 2909 613 2970 vehementior
627 2910 663 2969 ad
678 2919 833 2988 personum
849 2907 975 2968 directus
991 2905 1062 2964 alte-

67 2994 138 3051 rius.
177 2992 260 3065 Quod
278 2996 303 3052 si
320 2993 447 3068 accidat,
471 3008 529 3072 quo
552 2995 616 3070 iure
631 3001 680 3052 aut
695 3010 751 3071 qua
765 3001 843 3051 tanta
859 2989 1064 3069 superstitione

67 3075 256 3154 prohibemur
269 3078 338 3139 dare
361 3095 415 3155 per
429 3076 504 3136 hanc
521 3078 640 3153 ligurum
655 3077 816 3135 sententiae
831 3072 932 3133 vires?
961 3073 1064 3151 Neque
1072 3081 1106 3134 65

69 3162 144 3220 enim
160 3160 235 3220 istud
250 3162 410 3239 scriptores
425 3161 553 3235 Artium,
577 3162 643 3238 qnia
659 3178 715 3218 non
732 3160 837 3233 liceat,
856 3157 909 3217 sed
925 3156 991 3237 quia
1008 3174 1064 3215 non

69 3253 171 3322 putent
187 3244 273 3319 utile,
299 3254 405 3305 vetant.
442 3243 486 3304 lta
503 3246 527 3303 si
541 3246 639 3303 vincet
654 3242 777 3318 utilitas,
799 3252 920 3321 propter
942 3241 1063 3300 eandem

70 3345 185 3387 causam
200 3328 299 3387 iacere
316 3328 500 3402 debebimus,
523 3337 645 3406 propter
666 3344 749 3403 quam
771 3333 909 3385 vetamur.
947 3324 985 3384 Et
1006 3323 1106 3384 Dedo

66 3412 234 3471 mosthenes
251 3421 344 3471 autern
360 3413 395 3481 ad
412 3410 578 3471 Aeschinen
598 3411 756 3470 orationem
778 3411 807 3469 in
823 3409 973 3488 prooemio
996 3420 1063 3465 con·

68 3496 173 3568 vertit,
196 3503 226 3552 et
240 3492 278 3553 bi.
295 3494 422 3572 Tullius,
444 3510 511 3555 cum
530 3510 584 3573 pro
606 3494 670 3553 aliis
687 3493 872 3572 quibusdam,
897 3490 933 3551 ad
947 3489 1064 3573 quosue

110 3600 140 3639 ιι.
150 3600 174 3635 u.
189 3591 305 3652 quintu:
862 3576 897 3635 ll
