2434 3925
316 152 815 221 1usr.oauuon.u1c.x11,7.8.
889 169 891 177 ¹
1013 145 1075 205 257

75 280 163 370 aliter
182 308 355 388 ‘acquirendi
381 308 521 369 recidant.
561 309 622 369 Sed
648 318 706 370 tum
730 328 846 390 quoque
872 313 1013 374 tenendus
1034 324 1119 380 estll

73 394 196 466 modus,
217 410 252 452 ac
266 392 416 471 plurimum
430 393 540 468 refert,
563 403 592 453 et
607 411 623 452 a
640 411 697 470 qno
714 397 838 473 accipiat
855 406 884 456 et
898 407 1031 475 quantum
1048 409 1078 458 et

75 494 243 557 quousque
272 475 441 537 Paciscendi
464 478 580 555 quidem
601 477 652 537 ille
672 479 809 555 piraticus
831 496 894 539 mos
917 491 945 540 et
967 499 1076 561 ponen-

73 565 145 623 tium
169 560 308 640 periculis
334 562 426 638 pretia
457 562 560 639 procul
589 562 779 622 abominanda
805 565 965 641 negotiatio
993 569 1077 627 etiam

73 646 263 707 mediocriter
277 644 418 722 improbis
432 645 543 721 aberit,
566 664 630 705 cum
645 647 817 724 praesertim
831 647 925 708 bonos
946 649 1076 709 homines

73 731 226 807 bonasque
248 747 351 788 causas
374 731 464 789 tuenti
479 746 537 788 non
554 730 592 788 sit
607 730 779 790 metuendus
800 732 945 809 ingratum
974 734 1097 811 quodsi

73 816 204 887 iuturus,
226 812 302 872 malo
318 822 420 872 tamen·
431 813 482 872 ille
497 822 613 892 peccet.
645 811 722 874 Nihil
738 831 812 890 ergo
828 817 981 894 acquirere
996 818 1118 883 roletlt

75 907 175 958 orator
191 896 266 955 ultra
288 915 372 975 qnam
394 898 464 956 satis
480 897 549 965 erit;
575 915 611 957 ac
632 915 668 956 ne
683 913 796 976 pauper
812 900 928 978 quidem
944 910 1077 979 tanquam

72 981 241 1041 mercedem
258 982 384 1059 accipiet
399 981 452 1040 sed
464 989 558 1040 mutua
575 980 771 1040 benivolentia
786 991 900 1059 ntetur,
924 1001 987 1044 cum
1003 987 1076 1045 sciat

74 1084 109 1126 εε
126 1074 203 1125 tanto
219 1064 285 1142 plus
302 1067 494 1143 praestitisse.
525 1063 589 1124 Non
605 1066 698 1141 enim,
717 1066 783 1143 quia
798 1068 898 1126 venire
912 1067 972 1127 boo
987 1068 1075 1128 bene·

74 1150 171 1217 licium
191 1165 249 1207 uon
272 1157 406 1227 oportet,
428 1151 525 1228 perire
549 1158 675 1227 oportet.
711 1148 844 1228 Denique
865 1160 895 1210 nt
908 1162 1008 1228 gratus
1028 1154 1075 1229 sit,

74 1234 112 1294 ad
128 1250 192 1293 eum
206 1234 298 1308 magis
314 1234 456 1312 pertinet,
476 1234 523 1312 qui
542 1232 638 1293 debet.

404 1386 491 1447 QUAE
507 1386 540 1436 IN
558 1344 738 1439 bisontinus,
800 1378 806 1391 ⁸

158 1481 235 1542 Vlll.
267 1482 400 1543 Proxima
426 1483 627 1543 discendae
655 1486 904 1562 consecratio,
932 1486 1010 1564 qnod
1033 1493 1078 1544 εει
1112 1511 1118 1526 ·

75 1568 216 1628 orationis
238 1566 460 1645 fundamentum.
490 1566 596 1646 Neque
619 1568 694 1627 enim
710 1570 860 1647 quisquam
883 1579 940 1629 tam
961 1571 1077 1646 ingenio

73 1652 154 1712 tenni
168 1652 349 1730 reperietur,
374 1653 438 1731 qui,
462 1670 525 1710 cum
542 1652 652 1726 omnia,
672 1670 746 1730 quae
761 1662 826 1712 sunt
841 1655 875 1711 in
888 1672 993 1728 causa,
1015 1654 1076 1713 dili·

73 1744 180 1814 genter
195 1737 384 1811 cognoverit,
403 1735 439 1795 ad
457 1735 619 1795 docendum
634 1745 716 1795 certe
730 1736 856 1796 indicem
870 1755 927 1797 nou
942 1737 1075 1796 sufficiat.

74 1819 136 1881 Sed
157 1821 219 1878 eius
233 1820 278 1878 rei
293 1820 473 1897 paucissimis
496 1837 563 1879 cura
580 1828 635 1878 est.
669 1819 741 1880 Nam
757 1829 788 1878 nt
802 1829 915 1880 taceam
931 1820 967 1880 de
982 1820 1103 1896 negti-a

73 1903 222 1983 gentibus,
239 1920 360 1981 quorum
375 1903 444 1964 nihil
460 1903 563 1980 refert,
579 1903 628 1964 ubi
646 1903 736 1964 litium
753 1904 841 1964 cardo
856 1913 996 1979 vertatur,
1013 1904 1078 1963 dum

74 1990 143 2063 sint,
162 2006 236 2067 quae
248 1987 297 2047 vel
309 1997 391 2048 extra
407 2007 524 2048 causam
538 2007 575 2047 ex
587 1991 724 2067 personis
739 1998 787 2048 aut
801 1992 942 2048 communi
956 1997 1079 2047 tractatu

73 2064 207 2133 locorum
228 2074 415 2132 occasionem
433 2072 573 2133 clamandi
590 2071 764 2151 largiantur:
781 2072 900 2151 aliquos
917 2080 946 2132 et
960 2071 1077 2131 ambitio

73 2157 233 2236 pervertit,
258 2157 305 2234 qni
321 2158 424 2233 partim
438 2165 572 2234 tanquam
588 2159 724 2236 occupati
740 2174 916 2235 semperque
934 2155 1011 2216 eliud
1028 2155 1076 2214 ha·

73 2241 199 2314 benten,
216 2241 293 2318 quod
308 2249 374 2300 aute
389 2241 532 2317 agendum
548 2242 599 2316 sit,
623 2241 716 2319 pridie
733 2241 768 2301 ad
784 2258 817 2299 se
832 2240 932 2299 venire
953 2240 1077 2317 litigato·

52 2342 139 2385 *rem
154 2333 202 2383 ant
218 2324 321 2383 eodem
332 2325 469 2383 matutino
485 2324 593 2400 iubent,
609 2341 811 2403 nonnunquam
827 2326 912 2384 etiam
924 2326 999 2383 inter
1014 2326 1077 2402 ipsa

74 2407 217 2488 subsellia
235 2408 371 2468 didicisse
387 2426 420 2468 se
436 2408 608 2486 gloriantur-3
634 2410 737 2487 partim
751 2409 885 2468 iactantia
899 2410 1023 2486 ingenii,
1047 2416 1104 2469 ut3

73 2510 127 2554 res
142 2493 200 2551 cito
221 2493 376 2571 accepisse
391 2490 558 2568 videantur,
583 2501 687 2552 tenere
705 2511 737 2551 se
759 2501 787 2551 ει
810 2492 976 2569 intelligere
997 2494 1078 2570 prius

74 2593 172 2656 paene
188 2593 273 2654 quam
287 2576 402 2636 audiant
412 2577 532 2651 mentiti,
549 2593 613 2636 cum
627 2575 715 2636 multa
731 2586 763 2636 ει
778 2576 887 2636 diserte
902 2578 1077 2652 summisque

77 2660 270 2736 clamoribus,
301 2678 376 2739 quae
398 2677 493 2738 neque
515 2660 552 2720 ad
573 2660 698 2720 iudicem
719 2679 816 2739 neque
839 2660 876 2720 ad
904 2659 1078 2735 litigatorem

76 2745 258 2823 pertincant,
281 2744 527 2819 decantaverunt,
553 2743 629 2803 bene
645 2744 782 2804 sudantes
801 2742 936 2820 beneque
952 2743 1079 2801 comitati

76 2846 133 2908 per
149 2828 242 2889 lorum
265 2828 450 2888 reducuntur.
480 2827 524 2887 Ne
540 2828 606 2888 illas
622 2829 737 2906 quidem
758 2827 873 2888 tulerim
891 2825 1011 2885 delicias
1027 2833 1107 2886 eol

75 2931 158 2986 rum,
187 2913 235 2991 qni
253 2913 354 2972 doceri
372 2913 482 2973 amicos
497 2928 566 2972 suos
586 2910 700 2980 iubent;
727 2928 887 2990 quanquam
904 2911 997 2969 minus
1012 2909 1079 2972 mali

77 3004 138 3072 est,
164 2998 189 3055 si
203 2996 246 3055 illi
261 2995 363 3057 saltem
382 3005 464 3056 recte
480 2996 592 3060 discant
612 3005 754 3073 recteque
771 2995 906 3054 doceant.
939 2993 999 3054 Sed
1015 2995 1078 3072 quis

77 3080 172 3140 discet
182 3077 242 3140 'tam
258 3079 334 3140 boue
351 3099 435 3160 qnam
452 3076 614 3158 patronus?
642 3079 795 3153 Quomodo
813 3087 907 3138 autem
923 3088 1078 3156 sequester
1166 3119 1167 3128 r

76 3163 128 3226 ille
140 3173 170 3224 et
180 3163 274 3224 media
286 3164 375 3231 litium
385 3183 485 3225 manus
498 3173 527 3223 et
539 3163 654 3241 quidam
670 3164 814 3242 interpres
824 3163 971 3242 impendet
982 3179 1077 3240 aequo

78 3249 172 3309 animo
194 3249 325 3308 laborem
347 3250 375 3308 in
398 3249 508 3309 alienas
532 3249 679 3322 actiones,
706 3265 770 3305 cum
785 3246 902 3306 dicturis
918 3248 987 3307 tanti
1008 3263 1076 3305 suae

77 3348 136 3391 non
156 3329 231 3392 sint?
260 3332 407 3393 Pessimae
431 3351 504 3393 vero
528 3331 761 3406 consuetudinis,
786 3330 895 3389 libellis
917 3348 984 3390 esse
1007 3338 1105 3389 con-5

78 3424 205 3491 tentum,
230 3434 303 3495 quos
318 3419 465 3498 componit
481 3426 528 3479 aut
544 3415 689 3493 litigator,
712 3414 906 3495 quiconlugit
926 3415 961 3476 ad
980 3422 1075 3491 patro-

120 3520 151 3558 un.
162 3521 188 3559 r.
201 3521 313 3571 quinutu.
326 3506 360 3561 ll.
881 3498 920 3557 17
