2434 3925
145 205 204 268 196
463 221 499 267 u.
515 219 593 267 aaa.
609 220 828 279 quarumnam

142 393 205 433 cem
226 376 374 434 continuus
396 372 508 451 quidam
528 375 651 451 gemitus
672 383 701 434 et
722 376 797 436 idem
816 376 949 436 tristitiae
965 375 1070 436 vultus
1089 397 1159 438 ser·

140 458 269 533 rabitur,
294 460 318 517 si
338 459 451 537 quidem
471 458 552 517 volet
572 459 704 519 dolorem
724 477 806 520 suum
828 460 912 520 etiam
935 462 963 519 in
988 461 1158 522 audientes

141 542 362 601 transfundere?
383 561 467 620 quem
482 544 506 601 si
521 561 640 620 usquam
657 545 810 619 remiserit,
830 546 858 603 in
876 546 995 603 animum
1011 545 1156 606 iudican-

100 629 207 687 sartum
233 643 290 685 uon
315 627 445 686 reducet.
483 624 566 698 Quod
591 629 749 705 praecipue
773 627 997 687 declamantibus
1026 629 1155 708 (neque

141 712 214 768 enim
228 728 273 769 me
289 712 418 789 poenitet
432 710 467 770 ad
483 710 538 769 boc
554 728 670 788 quoque
687 729 760 789 opus
775 729 869 771 meum
884 721 913 772 et
928 729 1025 771 curam
1037 731 1155 773 susce·

139 803 252 872 ptorum
277 794 367 853 semel
393 793 618 853 adolescentium
644 797 808 875 respicere)
837 794 1057 855 custodiendum
1090 808 1153 873 est,

140 895 198 954 quo
213 877 312 955 plures
328 879 356 936 in
372 877 473 936 sclrola
490 878 632 954 linguntur
647 879 778 955 allectus,
796 896 870 956 quos
884 896 941 938 non
957 888 988 938 ut
1003 879 1153 940 advocati

97 961 189 1024 esset
205 970 235 1021 ut
255 962 332 1039 passi
353 961 488 1020 subimus.
522 960 592 1020 Cum
609 965 693 1021 etiam
715 963 772 1022 boc
795 981 886 1040 genus
904 962 1030 1022 simulari
1047 964 1152 1024 litium

138 1045 247 1119 soleat
270 1063 332 1104 cum
355 1046 398 1104 ius
417 1047 516 1104 mortis
533 1063 549 1104 a
564 1055 664 1105 senatu
687 1047 800 1125 quidam
815 1046 854 1106 ob
869 1048 991 1124 aliquam
1006 1064 1152 1124 magnam

137 1089 334 1189 infelicitatem
353 1128 401 1188 vel
423 1130 508 1189 etiam
530 1132 733 1206 poeniteutiam
756 1139 873 1229 petunt,
900 1132 928 1189 in
953 1129 1055 1208 quibus
1082 1149 1148 1192 non

137 1213 230 1271 solum
249 1221 384 1287 cantare,
408 1213 485 1291 quod
505 1215 603 1272 vitium
624 1215 766 1291 pervasit,
789 1202 837 1274 dut
858 1215 993 1275 lascivire
1018 1215 1075 1275 sed
1104 1234 1148 1275 ne
1205 1228 1206 1249 ³

137 1298 330 1373 argumentari
346 1296 459 1374 quidem
474 1299 528 1355 nisi
543 1298 638 1356 mixtis
654 1308 683 1357 et
698 1298 812 1376 quidem
830 1300 885 1373 ita,
906 1300 959 1357 ut'
951 1315 1013 1377 rpsa
1028 1299 1146 1376 proba·

137 1382 215 1439 tione
230 1381 321 1458 magis
337 1382 488 1455 emineant,
504 1381 655 1440 affectibus
670 1381 764 1441 decet.
795 1380 868 1441 Nam
884 1384 931 1459 qui
946 1383 1146 1443 intermittere

136 1466 165 1523 in
180 1464 293 1541 agendo
309 1464 441 1524 dolorem
456 1473 570 1542 potest,
591 1465 705 1525 videtur
721 1482 809 1544 posse
825 1467 910 1525 etiam
931 1466 1094 1544 deponere.

94 1554 128 1609 st
219 1546 327 1608 Nescio
343 1556 437 1607 tamen
454 1567 490 1608 an
503 1549 597 1624 buius,
614 1549 723 1628 dequo
739 1549 890 1627 loquimur,
906 1549 1021 1609 decoris
1037 1559 1142 1611 custo·

138 1631 321 1692 dia'maxime
344 1634 421 1692 circa
444 1650 513 1708 eos,
535 1642 664 1694 contra
685 1650 774 1711 quos
792 1632 924 1708 dicimus,
946 1634 1139 1695 examinanda

136 1717 182 1775 sit.
222 1714 293 1776 Nam
312 1718 373 1776 sine
397 1717 483 1777 dubio
507 1720 535 1777 in
557 1716 686 1776 omnibus
711 1718 806 1776 statim
825 1717 1054 1777 accusationibus
1078 1718 1140 1778 boc

136 1800 276 1876 agendum
292 1810 347 1875 est,
363 1819 399 1859 ne
415 1802 450 1861 ad
467 1819 516 1860 eas
529 1801 654 1860 libenter
667 1801 855 1861 descendisse
869 1801 1024 1861 videamur.
1049 1800 1137 1862 Ideo·

137 1901 192 1961 que
216 1884 282 1944 mibi
303 1884 374 1944 illud
390 1882 482 1944 Cassii
504 1886 607 1944 Severi
628 1902 685 1944 non
707 1884 891 1945 mediocriter
907 1885 1057 1964 displicet:
1082 1885 1138 1947 Dii

135 1970 219 2046 boni,
248 1971 336 2038 ciem·
364 1976 408 2045 et,
435 1987 493 2047 quo
513 1989 561 2031 me
579 1973 682 2031 cicere
702 1971 798 2046 iacet,
823 1974 1028 2048 Asprenatem
1047 1990 1136 2031 ream

132 2055 229 2114 video.
265 2052 330 2113 Non
351 2054 423 2112 enim
439 2056 512 2114 iusta
530 2072 567 2112 ex
583 2072 669 2114 causa
684 2054 732 2113 vel
747 2056 913 2114 necessaria
927 2054 1020 2114 videri
1034 2064 1135 2132 potest

91 2146 125 2198 58
134 2136 298 2214 postulasse
316 2156 380 2196 eum
394 2137 446 2197 sed
463 2138 582 2215 quadam
593 2137 748 2197 accusandi
763 2138 920 2215 uoluptate.
945 2137 1064 2197 Praeter
1075 2138 1132 2198 boc

132 2229 236 2295 tamen,
253 2222 330 2299 quod
350 2229 395 2280 est
411 2239 570 2296 commune,
587 2224 732 2299 propriam
748 2222 973 2281 moderationem
991 2223 1132 2299 quaedam

132 2321 236 2364 causae
255 2305 428 2365 desiderant.
468 2304 653 2383 Quapropter
670 2315 714 2381 et,
737 2308 785 2385 qui
801 2307 977 2365 curationem
992 2305 1133 2365 bonorum

131 2390 221 2464 patris
237 2389 403 2466 postulabit,
423 2388 522 2449 doleat
539 2391 600 2448 eius
616 2389 823 2457 valetudinem:
850 2398 880 2449 et
895 2385 1052 2469 quamlibet
1066 2408 1132 2465 gra·

130 2472 176 2530 via
193 2471 252 2531 lilio
268 2481 351 2550 pater
366 2473 532 2532 obiecturus
548 2475 748 2533 misserrimam
764 2473 819 2532 sibi
833 2474 967 2534 ostendat
979 2490 1047 2533 esse
1058 2474 1133 2534 bauo

131 2556 221 2633 ipsam
246 2558 467 2631 necessitatem,
494 2575 549 2617 nec
570 2557 627 2616 boc
649 2559 749 2636 paucis
768 2557 855 2617 modo
879 2557 976 2618 uerbis
998 2558 1051 2618 sed
1068 2565 1131 2616 toto

132 2640 233 2699 colore
249 2641 387 2716 actionis,
410 2649 440 2699 ut
464 2640 492 2700 id
513 2659 577 2700 eum
600 2659 658 2701 non
675 2642 773 2703 dicere
788 2641 875 2701 modo
890 2641 943 2701 sed
959 2642 1044 2700 etiam
1059 2659 1131 2700 vere

88 2723 229 2784 59dicere
246 2734 394 2802 appareat.
425 2723 488 2783 Nec
504 2728 632 2786 causanti
646 2726 758 2805 pupillo
773 2727 816 2784 sic
830 2734 909 2785 tutor
923 2726 1064 2785 irascatur
1080 2744 1130 2785 uu·

131 2826 229 2885 quam,
255 2819 285 2868 ut
309 2827 366 2869 non
383 2818 549 2870 remaneant
568 2812 674 2870 amoris
691 2811 814 2886 uestigia
836 2818 865 2868 et
885 2827 971 2869 sacra
992 2810 1132 2888 quaedam

130 2895 219 2969 patris
243 2895 305 2953 eius
329 2896 474 2954 memoria.
506 2893 566 2955 lam
593 2894 738 2975 quomodo
761 2902 860 2953 contra
882 2893 1061 2954 abdicantem
1081 2911 1131 2972 pa·

130 2985 212 3050 trem,
229 2987 396 3055 querentem
413 2995 549 3053 uxorem,
572 2980 619 3054 agi
636 2996 750 3038 causam
766 2986 933 3056 oporteret,
950 2979 978 3036 in
994 2977 1085 3052 libro,
1103 2987 1133 3036 ut

130 3058 269 3135 arbitror,
292 3064 414 3139 septimo
438 3062 505 3122 dixi.
547 3060 697 3134 Quando
689 3079 770 3140 rpsos
794 3062 889 3139 loqui,
911 3062 1034 3161 quando
1047 3062 1131 3121 etiam

112 3177 113 3180 =
130 3141 262 3202 advocati
273 3161 347 3204 voce
364 3147 403 3205 uti
418 3146 530 3220 deceat,
548 3155 665 3223 quartus
680 3146 764 3223 liber,
780 3147 809 3205 lu
821 3162 879 3224 quo
893 3147 1034 3244 prooemii
1045 3162 1129 3225 prae-

130 3234 213 3304 cepta
229 3236 304 3292 sunt
321 3231 456 3289 continet.

86 3318 121 3372 60
210 3308 308 3370 Esse
300 3330 328 3369 m
343 3311 439 3370 verbis
458 3315 534 3391 quod
552 3315 656 3375 deceat
671 3324 719 3374 aut
735 3321 819 3394 turpe
835 3317 882 3390 sit,
897 3315 1002 3375 nemim
995 3312 1129 3373 dubium

22 3405 24 3412 ’
130 3404 184 3453 est.
221 3393 338 3452 Unum
330 3412 384 3453 ram
406 3397 491 3471 igitur
506 3398 573 3457 buic
588 3398 673 3474 loco,
696 3399 774 3476 quod
791 3407 836 3457 est
851 3417 920 3459 sane
936 3415 1060 3457 summae
1076 3395 1129 3455 dii-

129 3478 279 3553 srcultatis,
302 3477 490 3538 adiiciendum
512 3482 626 3541 videtur
633 3483 766 3561 ,quibus
786 3483 879 3543 modis
902 3499 952 3558 aa,
976 3491 1129 3559 quaesunt
