2434 3925
172 180 232 241 260
478 193 515 240 u.
537 192 615 238 sss.
638 189 857 250 Quinummu

144 346 344 426 aexplicabit3
371 353 400 406 at
418 345 443 404 si
460 345 532 405 iuris
550 345 762 405 aniractns‘aut
783 342 927 402 eruendae
950 345 1101 404 veritatis
1121 346 1184 405 late

172 433 240 491 bras
255 430 334 490 adire
347 438 483 507 cogetur:
499 446 556 491 non
571 427 750 505 obequitabit
764 445 820 487 nec
834 427 892 487 illis
907 427 1109 488 vibrantibus
1125 448 1184 489 cou-

173 516 326 591 citatisque
342 514 491 574 sententiis
505 514 587 573 velut
602 511 757 571 missilibus
773 520 883 586 utetur,
907 511 961 570 sed
985 513 1184 591 operibnset

144 599 311 665 4cuniculis
339 607 368 658 et
391 598 500 657 insidiis
527 605 557 657 et
581 596 705 656 occultis
734 595 842 655 artibus
867 613 928 655 rem
952 606 1057 672 geret.
1112 597 1183 671 Quae

173 683 266 742 omnia
287 699 344 742 non
364 682 429 742 dum
448 681 517 741 liunt
537 681 702 754 laudantur,
731 680 784 739 sed
808 698 870 739 cum
890 680 968 739 lacta
984 690 1082 748 sunt;
1119 682 1181 740 unde

172 769 257 825 etiam
285 766 476 844 cupidissimis
506 765 649 843 opinionis
669 763 734 842 plus
755 764 866 822 fructus
887 765 976 822 uenit.
1018 764 1107 825 Nam
1132 784 1182 825 cun

172 850 221 910 illa
239 850 352 910 dicendi
367 850 470 908 vitiosa
482 850 597 908 iactatio
612 850 688 907 inter
704 849 856 927 plausores
871 864 940 906 suos
957 848 1130 908 detonuit:
1148 868 1181 908 re

172 936 264 1011 surgit
285 952 374 993 verae
396 935 508 993 virtutis
529 933 633 992 fortior
653 932 744 1008 lama,
773 949 828 991 nec
846 932 973 1006 iudices,
1007 951 1117 1011 aquo
1139 937 1182 992 siut

171 1020 256 1095 moti,
274 1017 467 1091 dissimulant,
491 1025 520 1077 et
536 1017 630 1076 doctis
647 1016 787 1090 creditor,
810 1033 865 1074 nec
884 1025 929 1075 est
946 1020 1107 1076 orationis
1124 1036 1181 1076 vera

144 1102 245 1178 olaus,
264 1099 319 1160 nisi
334 1119 398 1161 cunr
414 1101 491 1161 linita
507 1110 562 1160 est.
587 1099 745 1161 Veteribus
761 1100 875 1178 quidem
890 1102 976 1159 etiam
988 1100 1182 1161 dissimulare

173 1186 366 1263 eloquentiam
388 1185 441 1245 luit
461 1187 565 1259 moris,
592 1184 679 1263 idque
700 1182 738 1242 Μ.
760 1183 901 1243 Antonius
922 1186 1103 1263 praecipit,
1134 1202 1181 1263 quc

172 1268 238 1348 plus
260 1270 420 1330 dicentibus
442 1269 507 1329 fidei
525 1270 675 1347 minusque
698 1277 854 1347 suspectae
875 1268 1099 1329 advocatorum
1125 1271 1181 1329 insi·

173 1353 237 1413 diae
252 1353 358 1413 forent
386 1352 446 1412 Sed
460 1352 509 1413 illa
524 1351 706 1427 dissimulari,
722 1369 797 1430 quae
811 1361 870 1411 tum
886 1360 958 1426 erat,
976 1356 1101 1429 potuit;
1121 1371 1180 1412 non·

173 1437 239 1497 dum
262 1437 337 1495 enim
359 1444 465 1496 tantum
489 1436 603 1496 dicendi
625 1435 720 1495 lumen
742 1444 927 1510 accesserat,
953 1444 984 1494 ut
1010 1439 1112 1497 etiam
1137 1455 1181 1516 per

174 1520 317 1580 obstantia
334 1529 509 1620 erumperet.
545 1519 643 1594 Quare
657 1529 736 1579 artes
751 1520 866 1599 quidem
882 1529 910 1579 et
926 1519 1055 1580 consilia
1073 1521 1195 1581 lateantl

174 1613 203 1662 et
224 1604 378 1682 quidquid,
402 1606 427 1663 si
449 1603 691 1682 deprehenditur,
715 1606 800 1683 perit.
836 1604 981 1663 Hactenus
1004 1591 1195 1684 eloquential

145 1697 319 1752 osecretnm
342 1687 438 1748 habet.
468 1688 631 1748 Verborum
652 1688 767 1765 quidem
790 1687 938 1761 delectus,
959 1690 1102 1764 gravitas
1122 1708 1178 1749 sen·

172 1773 340 1847 tentiarum,
368 1772 522 1849 figurarum
547 1773 692 1850 elegantia
718 1781 766 1832 aut
786 1781 930 1843 nonusnnt
951 1781 999 1830 aut
1022 1783 1176 1851 apparent.

172 1856 232 1916 Sed
247 1864 369 1934 propter
383 1857 440 1916 boc
455 1858 547 1935 ipsum
562 1856 741 1916 ostendenda
757 1872 814 1915 non
828 1865 903 1931 sunt,
922 1855 998 1934 quod
1015 1867 1174 1935 apparent

173 1958 208 2001 ac
222 1942 247 2000 si
262 1958 346 2001 unum
367 1942 404 2001 sit
425 1959 463 2001 ex
480 1940 591 2001 duobus
609 1941 789 2020 eligendum:
813 1958 899 2001 causa
921 1941 1019 2019 p'otius
1044 1941 1175 2002 laudetur
1196 1971 1197 2016 p

173 2044 257 2103 quam
274 2035 422 2125 patronus.
453 2025 553 2086 Finem
569 2035 664 2085 tamen
678 2025 754 2085 hunc
769 2025 928 2125 praestabit
944 2034 1064 2100 orator,
1093 2036 1126 2086 ut
1141 2028 1172 2084 ri·

175 2110 275 2170 deatur
299 2111 433 2208 optimam
458 2127 575 2169 causam
599 2111 707 2189 optime
731 2112 839 2187 egisse.
872 2109 946 2169 lllud
970 2118 1089 2169 certum
1115 2113 1171 2172 erit

173 2195 315 2253 neminem
338 2195 421 2274 peius
443 2212 533 2271 agere
560 2212 644 2273 quarn
666 2196 714 2272 qui
742 2194 915 2293 displicente
944 2210 1034 2252 causa
1061 2171 1197 2271 placet

145 2288 162 2344 7
174 2295 299 2337 necesse
321 2288 366 2337 est
388 2280 462 2337 euim
485 2288 566 2338 extra
590 2296 704 2337 cansam
726 2279 778 2353 sit,
801 2278 878 2357 quod
895 2278 1001 2376 placet.
1038 2276 1107 2337 Nec
1127 2278 1171 2338 illo

173 2361 288 2420 fastidio
305 2361 446 2422 laborabit
463 2372 562 2422 orator
575 2379 633 2422 non
649 2363 754 2440 agendi
769 2380 872 2421 causas
886 2364 1022 2435 minores,
1041 2371 1171 2441 tanquan

174 2445 247 2504 inira
265 2462 329 2504 eum
345 2448 401 2505 sint
415 2455 464 2507 ant
480 2447 645 2507 detractura
660 2450 697 2506 sit
712 2448 839 2526 opinioni
854 2448 945 2505 minus
963 2444 1098 2505 liberalis
1119 2464 1170 2505 na·

174 2529 257 2588 teria.
302 2528 374 2589 Nam
392 2539 421 2588 et
438 2530 614 2609 suscipiendi
631 2532 705 2591 ratio
728 2532 883 2590 iustissima
907 2538 952 2589 est
972 2528 1121 2607 cilicium,
1146 2540 1170 2588 et

175 2611 328 2690 optandum
349 2615 450 2690 etiam,
480 2624 511 2674 ut
531 2615 615 2674 amici
638 2633 722 2693 quam
742 2616 871 2674 minimas
888 2614 955 2674 lites
975 2612 1118 2682 babeant;
1146 2624 1170 2673 et

176 2696 288 2757 abunde
306 2698 375 2757 dixit
389 2697 481 2774 bene,
504 2699 635 2777 quisquis
650 2701 694 2758 rei
711 2699 870 2758 satisfecit.¹

146 2790 164 2845 8
259 2781 297 2841 At
312 2782 443 2860 quidam,
465 2784 576 2842 etiamsi
593 2782 671 2843 iorte
688 2791 881 2860 susceperunt
899 2783 1018 2859 negotia
1032 2783 1124 2860 paulo
1139 2782 1167 2842 ad

175 2866 327 2926 dicendum
350 2868 498 2942 tenuiora,
528 2869 719 2927 extrinsecus·
731 2868 862 2927 adductis
885 2885 921 2927 ea
942 2866 1029 2926 rebus
1052 2868 1166 2926 circun-

175 2949 276 3010 liniunt
293 2967 344 3025 ac,
360 2951 384 3009 si
400 2951 563 3012 defecerint
578 2951 651 3026 alia,
674 2952 813 3011 conuiciis
830 2951 951 3029 implent
962 2968 1055 3009 vacua
1072 2969 1165 3010 causa·

174 3050 249 3100 rum;
271 3035 297 3093 si
313 3036 469 3113 contingit,
488 3036 585 3103 veris;
611 3036 759 3110 siminus,
781 3035 870 3103 lictis;
893 3035 984 3095 modo.
1001 3036 1038 3092 sit
1053 3037 1164 3095 materia

174 3116 283 3192 ingenii
298 3129 500 3198 mereaturque
517 3119 673 3179 clamorem
689 3120 754 3180 dum
771 3120 882 3179 dicitur.
916 3119 1002 3193 Quod
1018 3136 1077 3194 ego
1096 3120 1163 3180 adeo

175 3199 263 3276 longe
278 3212 347 3279 puto
370 3203 405 3262 ab
424 3212 541 3263 oratore
555 3204 705 3282 perlecto,
729 3212 760 3263 ut
775 3221 838 3262 enm
854 3221 890 3262 ne
905 3221 975 3263 vera
991 3202 1104 3280 quidem
1120 3203 1161 3263 ob·

147 3284 330 3360 9iecturum,
347 3287 401 3345 nisi
417 3288 445 3348 id
462 3305 548 3347 causa
564 3289 665 3365 exigit,
684 3288 809 3347 credam.
842 3287 884 3347 Ea
900 3298 946 3347 est
963 3290 1037 3346 enim
1052 3304 1159 3365 prorsus

176 3370 306 3445 caniac,
330 3379 360 3428 ut
375 3372 414 3430 ait
430 3370 558 3449 Appius,
576 3369 759 3450 eloquentia,
776 3373 953 3449 cognituram
969 3371 1044 3430 male
1060 3371 1158 3430 dicendi

176 3451 288 3520 subirs;
320 3454 396 3531 quod
416 3454 586 3514 iacientibus
609 3458 694 3516 etiam
715 3455 790 3516 male
812 3455 945 3516 audiendi
961 3456 1156 3534 praesumenda
