2434 3925
174 195 215 295 'lt
490 244 527 292 ιι.
538 243 617 291 uun.
630 242 848 303 numeruntur

132 410 167 465 15
175 398 260 461 santi
291 401 372 462 Sicut
388 396 473 459 dere
494 397 619 473 militari,
639 415 799 476 quanquam
816 406 881 458 sunt
900 399 1003 460 tradita
1020 400 1166 479 quaedam

174 494 331 565 praecepta
349 484 516 555 communia,
532 483 623 558 magis
639 491 733 543 tamen
744 481 872 561 proderit
887 484 974 558 scire,
991 502 1046 563 qua
1059 484 1166 545 ducum

174 570 297 649 quisque
322 569 449 644 ratione,
470 569 499 626 in
523 566 601 645 quali
622 585 672 640 re,
694 576 843 645 tempore,
865 566 932 626 loco
956 569 993 627 sit
1015 569 1166 646 sapienter

173 670 243 713 usus
258 661 306 712 aut
321 660 430 712 contra.
468 650 540 711 Nam
555 651 582 709 in
599 650 729 710 omnibus
744 650 807 710 lere
821 652 912 710 miuus
927 651 1025 711 valent
1041 670 1165 730 praeoe-

133 744 223 816 lbpta
241 754 325 815 quam
341 736 552 814 experimenta,
578 734 624 793 dn
638 751 709 794 vero
725 733 897 795 declamabit
911 735 1026 813 quidem
1040 753 1165 814 praece·

175 829 256 899 ptor,
277 829 307 881 ut
325 820 362 879 sit
383 819 517 897 exemplo
541 819 600 877 suis
624 819 815 887 auditoribus;
836 836 892 877 non
907 819 973 896 plus
989 819 1166 880 contulerint

174 904 242 965 lecti
259 902 363 964 Cicero
387 913 435 963 aut
450 899 681 962 Demosthenes?
719 900 888 979 Corrigetur
909 904 1021 982 palam,
1045 904 1069 963 si
1095 904 1164 983 quid

173 989 202 1047 in
216 987 404 1049 declamando
416 986 574 1065 discipulus
590 987 745 1054 erraverit;
762 1003 819 1045 nou
835 988 979 1065 potentius
995 988 1050 1047 erit
1064 1005 1163 1047 emen·

174 1072 243 1133 dare
264 1074 440 1145 orationem,
461 1072 527 1150 quin
550 1071 635 1129 immo
656 1071 742 1130 etiam
764 1067 934 1130 iucundius?
967 1070 1070 1131 Aliena
1087 1074 1164 1132 enim

132 1156 241 1217 l'lvitia
268 1155 440 1235 reprehendi
465 1156 586 1234 quisque
609 1153 717 1212 mavult
739 1172 823 1234 quam
848 1172 910 1213 sua.
956 1154 1019 1215 Neo
1041 1155 1164 1215 deerant

175 1241 271 1319 plura,
291 1258 365 1318 quae
380 1240 521 1306 dicerem;
539 1237 591 1297 sed
605 1239 745 1297 neminem
763 1238 836 1298 haec
850 1239 957 1299 utilitas
973 1238 1056 1315 fugit,
1074 1249 1162 1318 atque

174 1325 279 1384 utinam
296 1333 423 1402 tamnen
439 1325 535 1402 pigeat
550 1322 649 1382 lacere
667 1322 741 1381 istud
758 1341 842 1401 quarn
859 1339 915 1382 non
930 1323 1105 1401 displicebit.

134 1409 168 1465 18
258 1407 341 1481 Quod
363 1408 387 1466 si
409 1408 534 1485 potuerit
561 1406 700 1481 obtineri,
726 1424 783 1465 non
803 1408 841 1466 ita
867 1406 992 1466 difficilis
1018 1407 1163 1485 supererit

175 1492 323 1574 quaestio,
347 1493 395 1570 qui
417 1490 532 1567 legendi
549 1491 604 1549 sint
626 1489 836 1569 incipientibus.
865 1489 938 1550 Nam
958 1490 1072 1570 qnidam
1093 1491 1163 1552 illos

174 1578 316 1649 minores,
342 1577 407 1653 quia
432 1574 546 1635 facilior
565 1574 730 1633 intellectus
755 1574 922 1648 videbatur,
950 1574 1161 1653 probaverunt;

174 1660 222 1720 alii
237 1659 365 1718 lloridius
382 1676 490 1735 genus,
512 1667 542 1718 ut
562 1659 598 1717 ad
619 1658 721 1718 alenda
737 1660 889 1736 primarum
906 1668 1031 1718 aetatum
1046 1660 1161 1735 ingenia

134 1744 265 1820 l9magis
287 1743 541 1803 accommodatum.
579 1741 645 1819 Ego
668 1743 792 1820 optimos
823 1742 937 1821 quidem
961 1751 990 1802 ct
1010 1745 1106 1802 statim
1133 1751 1169 1803 et·

174 1846 290 1906 semper
304 1828 357 1886 sed
371 1836 465 1887 tamen
481 1845 580 1887 corum
592 1826 820 1887 candidissimum
836 1845 978 1905 quemque
993 1835 1022 1885 et
1038 1827 1162 1886 maxime

174 1914 337 1991 expositum
351 1912 454 1988 velim,
472 1921 503 1972 ut
513 1911 621 1972 Livium
635 1911 759 1990 apueris
775 1913 866 1988 magis
876 1929 965 1991 quam
977 1909 1159 1978 Sallustium

175 1998 265 2058 ethic
280 1998 418 2057 historiae
433 1998 524 2057 maior
540 2006 584 2056 est
599 2005 719 2071 auctor,
737 1997 772 2056 ad
788 2014 873 2074 quem
888 2005 982 2056 tamen
998 1995 1161 2071 intelligen-

131 2082 239 2142 todum
255 2083 309 2141 iam
324 2081 457 2158 profectu
473 2098 546 2160 opus
562 2081 608 2139 sit.
640 2078 762 2154 Cicero,
779 2088 809 2139 ut
823 2081 890 2139 mihi
906 2080 1019 2160 quidem
1035 2079 1161 2154 videtur,

175 2175 204 2226 et
225 2165 363 2224 iucundus
386 2163 588 2243 incipientibus
609 2180 727 2242 qnoque
748 2174 777 2223 et
798 2173 915 2243 apertus
937 2172 981 2224 est
996 2163 1082 2237 satis,
1106 2180 1162 2222 uec

174 2249 316 2327 prodesse
332 2256 438 2308 tuntum
448 2249 500 2308 sed
518 2249 601 2309 etiarn
613 2249 700 2309 amari
715 2256 823 2325 potest,
839 2258 896 2307 tum
908 2245 1161 2327 (quemadmodum

174 2332 269 2392 Livius
285 2333 441 2411 praecipit)
460 2334 627 2411 utquisque
644 2333 699 2392 erit
715 2330 849 2392 Ciceroni
866 2332 1033 2391 simillimus.

68 2439 73 2451 ·
132 2420 165 2471 tl
256 2415 320 2475 Duo
336 2426 429 2476 autern
444 2434 552 2493 genera
567 2418 688 2477 maxime
705 2416 831 2476 cavenda
847 2417 944 2494 pueris
960 2424 1044 2494 puto:
1064 2433 1161 2490 unum,

175 2518 211 2559 na
229 2501 292 2578 quis
308 2517 360 2559 eos
376 2502 549 2579 antiquitatis
565 2503 666 2561 nimius
684 2500 837 2561 admirator
853 2502 881 2559 in
896 2499 1090 2560 Gracchorum
1106 2497 1160 2558 Ga·

174 2585 307 2662 tonisqne
323 2594 353 2644 et
374 2586 492 2645 aliorum
510 2586 642 2645 similium
664 2585 791 2646 lectione
808 2586 964 2646 durescere
980 2583 1065 2649 velit;
1092 2582 1162 2642 lient

174 2669 248 2726 enim
265 2668 372 2728 horridi
390 2679 475 2748 atque
496 2670 598 2738 ieiuui;
621 2688 685 2729 uam
702 2687 797 2747 neque
814 2669 870 2728 vim
888 2685 987 2728 eorum
1009 2665 1102 2726 adhuc
1118 2667 1161 2724 iu·

173 2751 293 2811 telleotu
317 2762 530 2832 consequantur
552 2761 581 2813 et
603 2753 787 2828 elocutione,
812 2770 887 2831 quae
909 2761 966 2812 tum
988 2752 1050 2810 sine
1073 2749 1160 2809 dubio

174 2844 236 2895 crat
251 2837 356 2914 optima
372 2837 424 2897 sed
439 2839 544 2897 uostris
556 2838 732 2916 temporibus
749 2837 841 2897 aliena
857 2845 912 2911 est,
929 2834 1066 2907 contenti,
1083 2833 1162 2912 quod

131 2927 218 2981 theat
232 2922 396 2997 pessimum,
413 2921 520 2980 similes
532 2921 586 2981 sibi
600 2923 710 2998 magnis
726 2923 796 2981 viris
811 2919 990 2981 videbuntur.
1016 2918 1159 2994 Alterum,

173 3003 250 3081 quod
266 3003 331 3064 huic
348 3006 490 3065 diversum
508 3014 568 3079 cst,
585 3024 621 3065 ne
636 3007 762 3066 recentis
778 3005 860 3064 huius
877 3004 1014 3064 lasciviae
1030 3002 1161 3062 tlosoulis
1185 3022 1187 3029 ⁴

173 3086 250 3163 capti
266 3088 414 3166 voluptate
432 3107 520 3167 prava
543 3088 738 3163 deleniantur,
760 3098 791 3148 ut
807 3088 964 3167 praedulce
980 3086 1049 3146 illud
1066 3103 1159 3163 genus

173 3177 202 3228 et
217 3170 375 3247 puerilibus
390 3173 511 3249 ingeniis
528 3172 584 3232 hoo
599 3174 718 3249 gratius,
737 3189 794 3251 quo
810 3173 928 3251 propius
945 3179 1000 3245 est,
1016 3172 1158 3230 adament.

130 3251 273 3315 sabinius
296 3263 390 3315 autem
412 3257 523 3317 iudiciis
546 3257 660 3335 iamque
684 3266 766 3316 extra
790 3256 949 3335 pericnlum
970 3256 1072 3333 positis
1092 3272 1157 3313 sua·

172 3338 259 3396 serim
281 3346 310 3398 et
326 3340 457 3417 antiquos
480 3339 599 3417 legere,
622 3359 660 3400 ex
677 3340 788 3419 quibus,
800 3342 824 3399 si
842 3348 1001 3400 assumatur
1015 3337 1109 3398 solida
1123 3355 1158 3396 ac

171 3421 262 3482 virilis
278 3423 384 3499 ingenii
398 3425 452 3498 vis,
470 3424 587 3484 deterso
604 3425 681 3484 rudis
697 3424 806 3484 saeculi
821 3424 968 3502 squalore,
987 3432 1044 3481 tum
1059 3429 1158 3480 noster

173 3505 220 3568 hie
236 3507 329 3568 cultus
346 3506 451 3568 clarius
467 3509 623 3577 enitescet;
642 3517 672 3569 et
686 3524 793 3584 novos,
816 3508 918 3586 quibus
941 3515 970 3566 et
985 3506 1055 3585 ipsis
1069 3503 1158 3567 multa
