2434 3925
291 197 293 200 v
364 177 452 227 msr.
469 178 618 229 onnron.
634 179 703 228 ιιι.
715 180 781 245 ιιι,
795 175 821 230 9.
1048 168 1096 232 397

95 336 225 416 quidum
233 335 323 397 iussit
331 336 406 414 poni
414 340 546 396 stoicum
557 350 685 396 curcum
696 332 815 395 bustam
825 339 980 396 tenentem.
997 334 1091 409 Quae-

95 422 184 495 ritur,
205 427 297 479 statuo
312 418 421 479 hastam
436 427 537 477 teneus
553 435 640 478 aurea
658 434 725 476 esse
740 416 860 492 debeat,
881 436 917 476 un
928 418 1008 479 basta
1025 438 1092 498 esse

97 520 186 565 aurea
200 505 229 562 in
240 511 332 563 statua
347 503 465 563 alterius
481 498 640 561 materiae?
655 499 701 560 Fit
716 517 769 578 per
781 500 886 560 tlexum
898 502 973 562 idem
984 506 1090 581 magis:

143 585 370 665 Quinqucpt'uta
384 588 438 648 ubi
455 593 545 647 eram
560 594 679 646 centum
693 586 766 645 inde
780 586 894 647 occidit
907 584 1049 664 Achilles,

99 671 213 749 Saepe,
235 672 290 730 utri
310 671 429 730 duomm
449 668 678 730 antecedentium
695 685 790 728 sermo
807 668 972 730 subiunctus
988 673 1041 760 ιιι,
1066 674 1121 735 in9

99 753 186 813 dubio
208 762 266 813 est:
296 753 419 814 undeet
443 754 657 828 controversia,
682 750 780 813 Heres
795 771 881 813 meus
899 750 997 815 uxori
1008 775 1094 817 ureae

100 839 181 899 dure
196 839 328 899 domnas
342 847 404 900 esto
424 838 559 917 arpenti,
581 839 663 916 quod
683 838 822 915 deperit,
841 839 945 917 pondo
966 848 1092 903 centum.

98 919 173 980 Uter
187 920 290 999 eligat,
308 924 462 999 quaeritur.

183 1004 291 1065 Verum
305 1006 333 1065 id
340 1006 443 1083 ‚quod
458 1024 495 1064 ex
511 1002 556 1063 bis
570 1005 690 1083 primum
709 1012 769 1079 ιιι,
790 1003 945 1064 mutatione
966 1022 1093 1081 casuum,

100 1106 226 1168 sequens
248 1089 387 1149 divisione
403 1089 556 1149 verborum
576 1098 624 1148 aut
636 1088 821 1149 translatione
837 1088 1018 1163 emendatur,
1036 1096 1094 1147 ter·

100 1174 170 1232 tium
193 1171 363 1233 adiectione.
413 1172 580 1235 Accusativi
605 1173 797 1250 geminatione
823 1172 899 1231 laeta
923 1171 1094 1250 amphibolia
1104 1185 1137 1236 10

102 1255 224 1317 solvitur
235 1255 378 1332 ablativo,
394 1266 424 1316 ut
438 1255 524 1331 illud,
537 1254 699 1319 Lachetem
710 1258 816 1318 audiui
828 1258 1018 1335 percussisse
1032 1254 1094 1317 De

100 1359 207 1441 meon,
230 1341 294 1416 liat,
327 1361 348 1402 a
362 1302 493 1403 dioclete
510 1359 692 1440 percussum
704 1338 851 1402 Demean.
889 1335 948 1399 Sed
970 1338 1094 1399 ablativo

100 1424 174 1503 ipsi,
197 1426 250 1483 ut
241 1443 269 1484 m
285 1426 373 1502 primo
389 1423 525 1500 diximus,
544 1426 618 1484 inest
632 1424 768 1485 naturalis
783 1409 965 1503 amphibolia.
1007 1421 1095 1487 Coelo

102 1509 241 1587 decurrit
260 1516 382 1587 operto:
403 1518 495 1569 utrum
508 1526 563 1608 per
584 1517 711 1586 apertum
728 1508 857 1584 coelum,
876 1526 911 1568 en
928 1526 991 1568 cum
1012 1527 1111 1588 aper·

102 1603 162 1652 tum
183 1577 271 1652 esset.
311 1593 421 1653 Divisio
437 1593 628 1671 respiratione
646 1600 675 1651 et
696 1609 775 1652 mora
795 1601 922 1652 constat:
952 1601 1095 1670 statuam,
1104 1607 1136 1659 11

102 1676 206 1736 deiude
227 1695 355 1738 curcum
375 1676 512 1746 bustam
536 1675 585 1736 vel
606 1684 737 1737 statuam
754 1694 898 1752 aureum,
921 1676 1023 1735 deinde
1041 1677 1118 1740 bu.

102 1770 192 1822 stam.
239 1760 374 1821 Adiectio
389 1759 454 1820 talis
470 1769 530 1836 est,
546 1768 722 1838 arpentum,
739 1761 820 1838 quod
834 1761 958 1838 cleperit
971 1763 1051 1838 ipse,
1066 1770 1097 1819 ut

102 1843 190 1904 beres
209 1844 397 1922 intelligatur;
417 1844 466 1903 vel
480 1845 564 1922 ipsc,
582 1851 613 1901 ut
627 1860 710 1902 uxor.
755 1843 925 1903 Adiectioue
947 1842 1022 1902 iacta
1037 1861 1093 1902 am·
1194 1876 1197 1882 2

102 1927 249 2008 pbibolia,
268 1928 361 2007 qualis
382 1929 435 2005 sit,
456 1926 519 1990 Nos
534 1924 640 2006 {lentes
658 1927 725 1989 illos
747 1927 1018 2007 deprehendimus,
1045 1927 1093 1986 de·

102 2013 244 2072 tructione
271 2013 410 2073 solvetur.
455 2011 586 2074 Pluribus
613 2010 710 2071 verbis
736 2011 954 2084 emendandum,
982 2009 1030 2069 ubi
1055 2011 1093 2086 id⁷
1105 2015 1136 2067 12

105 2096 200 2175 quod,
219 2113 276 2176 quo
295 2097 453 2171 referatur,
476 2095 590 2157 dubium
609 2105 669 2172 est,
697 2098 754 2155 et
745 2114 839 2175 ipsum
858 2103 902 2154 est
923 2093 1094 2170 ambiguum.

103 2179 203 2242 Heres
224 2198 309 2241 meus
334 2183 412 2242 dare
431 2182 477 2242 illi
498 2183 630 2241 damnus
652 2187 715 2241 esto
736 2181 838 2242 omnio
857 2197 925 2240 suu.
966 2177 999 2237 lu
1018 2177 1097 2256 quod

105 2282 196 2342 genus
211 2265 309 2324 incidit
324 2263 427 2325 Cicero
442 2265 563 2343 loquens
581 2261 874 2325 barbarismis
892 2265 993 2323 soceri
1011 2265 1097 2323 iristi-

104 2356 183 2424 tuto‚
212 2365 331 2428 quem,
348 2351 422 2427 ᾳιιίιι
447 2357 603 2427 cooptatus
630 2350 662 2410 ιἰι
681 2346 840 2428 Aupurum
862 2348 1018 2426 callepium
1037 2362 1098 2407 uon

105 2440 189 2509 ιιιι,
216 2450 277 2493 ucc
304 2434 467 2494 admodum
494 2432 658 2513 dilipebatr
682 2434 866 2511 praesertim
893 2451 961 2492 cum
981 2432 1033 2493 ille
1061 2428 1096 2504 Q.

104 2513 285 2578 Scaeuolam
298 2517 358 2578 sibi
370 2518 513 2578 uduorcm
526 2525 600 2578 natu
620 2533 765 2595 pecuum
781 2517 985 2595 praetulisset.
1026 2514 1097 2575 Nam

104 2593 163 2662 sibi
178 2599 256 2660 etad
271 2616 404 2667 socerum
418 2601 521 2660 referri
538 2599 617 2661 etad
632 2598 767 2660 Fannium
787 2609 895 2679 potest.
943 2597 1097 2658 Productro
1106 2603 1140 2658 13

105 2701 221 2764 quoque
241 2686 350 2783 scripto
367 2692 396 2743 et
410 2685 556 2763 correptio
576 2685 605 2743 in
621 2683 706 2744 dubio
721 2683 823 2744 relicte
843 2700 930 2744 eausa
947 2692 992 2741 est
1011 2681 1097 2740 ambi·

105 2769 237 2845 gustatis,
253 2770 304 2826 ut
295 2786 324 2827 m
336 2767 408 2842 boc,
426 2765 510 2830 Coto.
540 2765 627 2828 Aliud
642 2770 714 2827 enim
727 2768 852 2828 ostendit
862 2766 959 2826 brevis
972 2765 1097 2824 secunda

106 2850 219 2927 syllaba
242 2868 309 2912 casu
327 2853 516 2926 nominativo,
538 2850 614 2910 aliud
631 2851 731 2912 eadem
746 2850 858 2927 syllaba
874 2849 1013 2929 producta
1029 2866 1097 2909 casu

106 2936 202 2997 dativo
220 2944 267 2994 aut
289 2934 424 2996 ablativo.
468 2934 609 2995 Plurimae
624 2944 777 3014 praeterea
797 2943 861 2995 sunt
878 2932 952 2993 aliae
968 2935 1096 3011 species,

107 3036 178 3097 quas
193 3021 329 3099 persequi
343 3019 412 3079 nihil
425 3035 548 3090 necesse
562 3027 616 3078 est.

190 3101 253 3162 Nec
273 3104 380 3179 refert,
406 3120 463 3181 quo
479 3100 565 3162 modo
580 3103 616 3161 sit
637 3103 712 3162 lacta
728 3099 901 3178 amphibolia
916 3108 964 3160 out
981 3117 1037 3178 quo
1053 3119 1097 3164 re·
1106 3107 1140 3162 14

107 3185 244 3246 solvatur.
280 3185 359 3246 Duas
371 3188 445 3246 enim
455 3205 503 3246 res
519 3185 674 3261 significari
687 3185 865 3244 manifestum
880 3193 941 3260 est,
960 3193 1003 3259 et,
1021 3184 1099 3262 quod

107 3269 142 3330 od
163 3272 301 3347 scriptum
320 3287 460 3329 vocemve
477 3270 617 3349 pertinen
640 3270 668 3327 in
683 3277 830 3346 utramque
845 3277 956 3346 partem
971 3286 1022 3347 par
1042 3276 1096 3326 est.

109 3352 237 3431 ideoque
250 3352 356 3412 frustra
376 3355 567 3432 praecipitur,
588 3360 620 3411 ut
634 3354 663 3411 in
675 3351 732 3412 boe
748 3361 822 3411 statu
838 3369 940 3413 vocem
956 3354 1046 3429 ipsam
1062 3349 1098 3409 ad

108 3445 235 3497 nostram
251 3445 360 3516 partem
384 3454 520 3499 conemur
539 3445 667 3497 vertere.
709 3434 795 3514 Nem,
821 3437 845 3496 si
864 3435 894 3497 id
912 3436 975 3496 lieri
989 3441 1098 3515 potest,
