2434 3925
329 245 399 293 mn.
411 245 447 312 11,
460 241 600 297 16—21.
633 247 684 313 111,
703 241 807 299 1-7.
1050 246 1089 295 xr

57 435 93 447 -
111 408 154 464 14.
173 406 319 477 pleraque.
352 404 429 460 Amo.
451 408 490 466 l.,·
515 404 546 461 Z.
566 405 737 477 plerumque.
752 433 797 446 —
821 410 864 464 16.
887 421 1019 465 66-66.
1045 404 1092 463 Sic

57 489 161 546 41661.
178 489 289 551 Turie.;
309 488 340 543 Z.
353 494 512 545 aut--aut

133 572 214 643 Cap.
226 573 262 627 V.
294 575 320 629 4.
332 573 362 628 in
374 571 477 642 seripto
489 576 516 626 et
526 572 564 628 in.
585 571 662 628 Amo.
678 575 720 634 1..·
731 573 762 629 Ζ.
775 579 822 630 aut
835 574 863 628 in
875 589 929 629 ser.
942 579 989 629 aut
1000 575 1037 630 in.
1049 602 1092 614 -

60 658 155 727 scripto
169 656 215 711 do
231 655 308 713 Amb.
321 659 345 710 l.
352 677 363 718 ,·
373 654 404 710 Z.
416 657 500 710 arser.
513 661 634 714 6661.-
647 656 796 725 rationale,
807 657 862 712 hoe
874 658 973 728 legale.
991 657 1091 714 Bomb.

59 756 80 794 e.
92 740 174 797 0666.
185 740 248 810 fere
258 739 392 801 omninum
412 739 443 796 Z.
457 739 511 811 leg.
524 740 578 796 hoe
589 744 641 795 rat.
659 768 702 780 -
722 741 748 799 7.
761 756 832 810 quae
845 728 936 797 inor.
957 741 1034 797 Amb.
1049 745 1093 803 1.‚·

60 822 87 878 Z.
98 823 150 879 hae
166 811 218 880 tn.
229 853 272 864 -
292 831 333 882 10.
351 822 439 878 thesis
450 839 545 893 posse.
567 824 667 881 Bomb.
679 839 704 880 e.
716 829 780 894 optt.
795 824 877 881 codo.
884 846 893 886 ,·
912 824 943 879 Z.
955 841 1041 894 posse
1053 823 1091 879 th.

61 933 97 945 -
110 910 151 964 14.
165 906 337 963 confirmant.
358 907 435 961 Amb.
449 910 491 969 1.‚·
510 907 543 964 Z.
555 908 726 962 confirment.
738 936 782 948 -
798 909 974 979 serips1t‚et.
993 908 1092 966 Bamb.

61 1005 82 1044 6.
92 996 153 1060 optt.
166 991 249 1048 0666.
256 1013 266 1052 ,·
287 990 318 1045 Ζ.
331 993 415 1046 inser.
427 990 514 1047 libris.
523 1019 566 1033 -
584 996 626 1050 16.
638 989 749 1047 Adhuc.
771 992 870 1047 Bemb.
882 1006 907 1046 6.
919 991 1001 1048 eodo.
1013 999 1076 1063 optt.
1083 1014 1093 1054 ,·

62 1072 89 1127 Z.
101 1073 146 1129 Ad
157 1074 221 1129 hoe.
239 1102 283 1113 -
307 1078 349 1132 18.
368 1090 461 1128 rerum
478 1074 707 1130 eonlroversIam.
737 1074 815 1131 Arno.
827 1079 852 1132 1.
870 1090 895 1131 c.
916 1071 999 1131 0666.
1017 1081 1092 1147 opta,

62 1163 128 1212 certe
138 1158 357 1215 controversiam
369 1157 492 1213 dasena
498 1181 508 1220 ,·
529 1159 560 1214 Z.
573 1174 632 1213 rem
643 1165 862 1214 controversam.

139 1240 217 1313 Gap.
229 1241 276 1298 Vl.
307 1247 349 1299 11.
361 1242 478 1312 primam
489 1248 605 1312 partem.
623 1242 721 1299 Bomb.
733 1257 757 1300 c.
768 1249 832 1314 optt.
846 1242 928 1300 0666.
935 1263 945 1305 ,·
962 1241 992 1296 Z.
1003 1243 1093 1313 prima

62 1330 143 1394 perte.
153 1354 194 1366 -
217 1331 374 1395 competere
387 1325 516 1395 equitem.
537 1326 614 1381 Amb.
628 1329 669 1388 1.,·
691 1326 722 1380 Z.
735 1328 819 1383 inser.
832 1328 871 1381 in.
883 1348 926 1367 -υ
940 1329 982 1384 16.
995 1326 1091 1381 habes.

64 1408 130 1462 mni.
144 1411 186 1471 1.,·
206 1409 238 1466 Ζ.
250 1409 343 1465 habet.
353 1438 397 1449 —
418 1414 461 1467 21.
474 1410 538 1464 luit:
560 1409 803 1466 eum-eredere.
830 1410 876 1465 Sic
885 1409 983 1466 Bamb.
995 1424 1018 1466 e.
1031 1414 1090 1465 cett.

64 1489 166 1567 66666,
176 1491 207 1547 Ζ.
220 1494 256 1560 1.,
270 1499 314 1560 ut,
328 1509 434 1548 cum-
443 1493 595 1551 crederem.
606 1521 649 1533 —
670 1499 713 1551 21.
727 1494 821 1564 quive.
841 1495 918 1549 Amb.
932 1497 958 1548 1.
965 1515 974 1555 ,·
994 1494 1025 1548 Z.
1040 1509 1092 1548 nee

64 1576 117 1643 qui.
125 1604 168 1617 -
179 1582 222 1636 23.
236 1576 318 1632 dueta
330 1584 381 1632 est.
403 1576 478 1634 Arno.
493 1582 518 1634 1.
523 1600 534 1641 ,·
554 1576 585 1634 Ζ.
597 1577 707 1633 ductae.
719 1607 761 1617 —
772 1582 816 1637 26.
830 1579 904 1649 quia.
926 1577 1023 1632 Bomb.
1035 1592 1090 1633 ree.

63 1674 95 1713 m.
106 1675 130 1715 6.
144 1659 227 1716 0666.
238 1666 303 1731 opti.
310 1683 321 1723 ,·
341 1660 376 1716 Ζ.
384 1660 441 1731 qui.
460 1692 501 1707 --
520 1666 564 1720 99.
577 1668 750 1732 sequeretur.
773 1661 871 1717 Bomb.
883 1677 908 1716 e.
922 1661 1005 1718 6666.
1016 1667 1076 1717 oett.
1084 1683 1092 1720 ,·

64 1740 92 1795 Z.
108 1750 245 1814 sequetur.
256 1772 299 1784 -
321 1747 365 1803 34.
385 1749 602 1800 constet-non
615 1750 732 1802 eonstet.
754 1745 886 1807 Amt1.,·
906 1744 938 1799 Z.
954 1761 1010 1802 non
1026 1760 1092 1799 eon·

65 1831 279 1884 stet-constet.
289 1856 331 1867 -
345 1831 389 1886 46.
403 1827 546 1887 ducuntur.
567 1829 666 1886 Bamb.
681 1844 705 1884 6.
719 1829 895 1900 66160666..Ι
909 1827 940 1883 Z.
954 1828 1089 1883 dicuntur.

64 1914 151 1969 -llt
163 1911 319 1968 rhetoricis.
338 1911 436 1968 Bamb.
450 1929 499 1984 pr.
514 1930 550 1968 m.
569 1928 594 1969 e.
611 1912 699 1969 Bere.
718 1912 794 1969 Voss.
808 1916 834 1968 1.
847 1916 874 1969 3.
892 1928 943 1969 om.
956 1913 1038 1969 verbo
1049 1913 1090 1967 in·

64 1995 164 2050 tellecta
171 1996 345 2068 difficillimo.-
367 1997 448 2051 etiam
460 1997 502 2051 sie
518 2012 599 2052 omne
611 2013 682 2068 opus
696 1996 797 2051 dividit
809 1998 838 2051 in
852 1997 995 2053 veritatem
1007 2003 1034 2052 et
1043 2012 1092 2067 pe·

66 2077 142 2132 tenda
154 2096 186 2135 ao
197 2080 343 2152 fugienda,
360 2079 435 2151 quod
446 2087 489 2135 esl
500 2081 643 2136 suasoriae
656 2085 682 2135 et
694 2080 729 2135 de
744 2079 844 2135 eodem
855 2085 936 2150 alque
946 2081 1016 2146 alio,
1028 2095 1093 2150 par·

65 2159 148 2217 tiendo
160 2168 252 2219 lamen
263 2164 299 2219 ad
313 2164 385 2219 haee
401 2165 543 2235 pervenit,
561 2163 673 2236 quael.
685 2165 787 2236 recepit
800 2181 826 2219 e.
840 2165 1001 2233 conjectura
1013 2164 1090 2219 Butt-

64 2248 150 2300 monni
158 2248 278 2305 etiamsi.
290 2277 333 2287 —
352 2252 396 2307 49.
409 2248 485 2319 quod
499 2248 575 2305 dicit.
601 2248 700 2305 Bomb.
711 2263 766 2305 sec.
778 2266 814 2304 m.
828 2263 852 2304 c.
866 2247 947 2304 0666.
960 2253 1037 2307 oelt.‚·
1057 2246 1090 2302 Ζ.

66 2328 140 2397 quotl.
156 2359 199 2372 -·
222 2337 266 2390 51.
284 2330 387 2386 incidit.
411 2332 445 2386 de
461 2334 535 2404 conj.
549 2333 778 2404 Copperonnen'i:
800 2332 882 2389 0666.
905 2330 1038 2387 irreidunt.
1049 2357 1092 2370 -

65 2414 101 2468 61.
113 2413 289 2471 Aristotelen.
312 2415 411 2471 Bomb.
428 2432 453 2471 6.
467 2416 548 2472 0666.
566 2423 631 2487 uptt.
639 2439 649 2478 ;
670 2415 701 2471 Ζ.
714 2416 900 2472 Aristotelem.
911 2442 956 2456 -
974 2418 1018 2472 64.
1033 2415 1091 2484 jam

67 2494 147 2551 editos
158 2499 252 2555 libros.
269 2498 367 2556 Bomb.
379 2515 403 2557 e.
414 2500 496 2557 0666.
509 2504 588 2570 optt.,·
598 2499 630 2555 Z.
641 2517 708 2556 suos
720 2501 737 2554 lr
758 2516 780 2554 r.
790 2501 811 2569 j.
821 2498 920 2556 editos.
934 2527 971 2538 -
985 2502 1028 2556 66.
1037 2496 1091 2552 has

67 2580 185 2651 quinque.
197 2583 430 2640 Bomb.see.m.c.
440 2583 522 2642 0666.
530 2588 594 2654 optt.
601 2606 609 2644 ,·
621 2583 651 2638 Z.
664 2600 716 2641 om.
727 2582 837 2639 has—
847 2586 890 2642 76.
903 2583 1091 2652 quaestiones.

68 2661 153 2718 Bomb.
171 2681 197 2722 6.
210 2667 293 2724 0666.
305 2672 365 2722 vett.
372 2690 382 2729 ,·
398 2666 429 2721 Z.
441 2672 469 2720 et
481 2684 527 2738 qu.
538 2669 642 2726 -76,
660 2673 775 2722 mortem
793 2668 941 2722 maerebat.
956 2664 1032 2721 Amo.
1048 2667 1092 2723 1.‚·

68 2743 93 2798 Z.
103 2753 194 2805 morte.
206 2779 248 2792 -
267 2754 310 2810 77.
326 2753 360 2806 El
372 2751 506 2807 similiter.
528 2750 605 2806 Amb.
619 2754 662 2813 1.,·
681 2752 713 2807 Z.
725 2753 767 2806 Ac
778 2750 841 2804 sim.
851 2778 893 2788 —
917 2754 961 2808 83.
974 2748 1090 2804 dicatur.

68 2828 153 2887 Bono.
164 2847 218 2889 rec.
230 2850 266 2890 m.
278 2851 303 2891 e.
320 2835 402 2892 Codd.
415 2841 494 2906 optt.,·
514 2835 545 2890 Z.
559 2834 720 2892 6161166-
737 2837 781 2893 84.
794 2835 918 2888 actiones
931 2832 991 2888 sive
1002 2839 1093 2887 trans·

69 2910 181 2994 lotiones.
204 2919 303 2974 Bamb.
315 2933 369 2974 rec.
385 2936 419 2973 m.
432 2934 457 2974 6.
475 2924 538 2990 optt.
554 2919 654 2979 Codd.;
674 2919 707 2974 Z.
719 2918 837 2973 aetionis
853 2935 876 2972 s.
894 2916 1090 2972 translationis.

71 3023 99 3035 -
112 3015 165 3055 non
177 3007 284 3058 nature.
299 3002 396 3057 Bamb.
408 3017 463 3057 see.
475 3018 510 3057 m.
522 3018 547 3057 e.
557 3002 640 3059 0666.
653 3009 728 3059 vett.-
739 3001 770 3058 Z.
782 3018 833 3057 om.
846 3017 912 3056 non.
923 3028 966 3039 -
978 3005 1021 3060 86.
1034 3000 1091 3053 vel·

70 3081 108 3136 uti.
127 3084 202 3139 Amb.
215 3088 242 3142 1.
249 3110 257 3148 ,·
275 3085 308 3141 Ζ.
319 3089 403 3143 velut.
415 3114 458 3128 -·-
477 3091 520 3145 91.
533 3088 676 3156 subjacent
690 3086 734 3141 his
747 3091 783 3142 et.
806 3085 882 3140 Arni.
896 3088 938 3146 1.,·
954 3083 988 3139 Z.
1000 3086 1092 3154 subja·

69 3172 159 3223 centes.
171 3193 213 3209 -ι
234 3172 277 3228 93.
289 3175 316 3223 61
331 3169 410 3225 duos.
432 3170 529 3225 Bamb.
541 3184 595 3225 ree.
608 3185 644 3224 m.
657 3185 680 3224 6.
694 3169 776 3226 0666.
787 3173 853 3240 optt.
861 3191 870 3230 ;
890 3168 921 3222 Z.
936 3184 988 3222 om.
1001 3172 1037 3223 et.
1049 3195 1091 3207 -

68 3248 103 3304 tt
113 3252 225 3308 erimine
237 3259 329 3324 neget.
345 3255 420 3310 Amb.
434 3256 460 3309 1.
467 3275 477 3315 ,·
490 3254 521 3309 Z.
534 3255 617 3309 mser.
628 3253 675 3307 vel
692 3255 794 3308 omnia.
809 3283 845 3292 -
869 3256 912 3310 96.
925 3253 1089 3321 parentium.

67 3328 152 3390 Bono.
163 3352 187 3391 6.
201 3337 284 3393 0666.
296 3343 373 3399 oett.,·
392 3337 424 3392 Z.
436 3343 590 3406 parentum.
601 3365 645 3376 -—
660 3340 702 3395 99.
716 3343 742 3390 et
753 3332 856 3407 scripti.
877 3334 976 3390 Bamb.
986 3348 1041 3389 see.
1052 3349 1090 3387 m.

67 3424 90 3474 t.
101 3416 177 3480 0666.
190 3428 255 3493 opst.
263 3443 273 3483 ;
292 3421 323 3476 Z.
336 3438 387 3477 om.
404 3428 439 3476 et.
450 3449 493 3462 -·
514 3428 578 3476 tune
591 3427 680 3475 natus.
701 3418 777 3476 Ami.
792 3423 818 3476 1.
826 3444 834 3481 ‚·
855 3418 886 3474 Ζ.
898 3425 953 3473 tum
966 3433 993 3474 n.

141 3501 184 3560 Ca
189 3522 217 3578 p.
230 3505 289 3560 Vll.
333 3511 358 3564 1.
372 3505 518 3563 attulerint.
539 3504 639 3560 Bamb.
651 3520 676 3562 c.
690 3509 753 3578 optt.
768 3503 864 3561 oood..·
885 3501 917 3557 Z.
934 3501 1089 3558 attulerunt.
