2434 3925
186 196 221 257 10
490 209 528 257 u.
543 208 622 256 sun.
639 208 857 269 cumbrorum

184 365 259 422 nium
279 364 307 421 in
322 362 408 422 lilium
429 364 643 440 peregrinitatis
662 380 742 423 reum
757 363 839 431 dixit;
861 380 941 438 eum,
963 364 1010 441 qui
1025 362 1118 422 lilium
1135 363 1178 423 le·

183 448 250 506 noni
270 446 405 508 vendidit.
447 444 479 504 ln
493 445 566 521 hoc,
594 447 631 506 de
657 463 714 525 quo
737 445 894 524 loquimur,
921 455 1004 524 patre
1030 447 1100 524 quid
1127 465 1177 525 ap-

141 539 175 593 56
185 530 323 609 prehendi
337 525 455 608 potest?
476 554 479 561 ·
497 527 651 589 Damnatus
668 538 722 589 est.
753 529 894 607 Numquid
907 531 993 606 igitur
1010 530 1059 589 lex
1073 529 1112 589 ad
1128 530 1176 590 ab

183 614 294 673 solutos
309 621 414 672 tantum
430 620 528 691 patres
540 610 686 691 pertinet?
720 611 798 672 Dura
813 616 903 691 prima
917 614 1013 672 iroute
1025 615 1174 691 quaestio.

182 696 247 756 Non
261 697 463 775 desperemus;
487 696 626 756 credibile
644 705 704 771 est,
727 696 926 774 hocuvoluisse
943 697 1173 774 legumlatorem,

52 727 110 856 Ο
127 797 129 802 ’
183 800 219 840 ne
234 781 337 840 auxilia
352 781 506 840 liberorum
522 780 720 840 innocentibus
737 781 882 840 deessent.
925 781 983 840 Sed
1000 781 1058 839 boc
1073 779 1173 840 dicere

182 866 289 924 rustico
303 863 497 924 verecundum
511 873 572 939 est,
595 867 660 942 quia
678 866 857 923 innocentem
871 864 961 924 luisse
976 872 1088 941 patrem
1102 863 1171 924 late·

139 953 236 1012 titur.
274 946 332 1007 Dat
351 947 428 1008 aliud
452 957 647 1024 argumentum
670 949 881 1008 controversia:
902 946 1076 1008 Damnatus
1098 966 1171 1025 pro

182 1033 305 1093 didonis
325 1051 393 1093 cum
412 1033 562 1096 advocato
579 1032 689 1094 coutet.
723 1031 781 1091 Vix
800 1032 913 1091 videtur
931 1048 1019 1109 posse
1040 1031 1125 1105 lieri,
1146 1040 1173 1090 ut

182 1133 276 1193 poena
297 1114 357 1174 filio
377 1117 405 1174 in
428 1113 532 1174 eodem
545 1124 644 1193 patre,
669 1116 739 1176 etsi
759 1113 871 1175 abuerit
887 1123 916 1173 et
931 1116 955 1174 si
975 1131 1032 1173 non
1047 1113 1172 1186 affuerit,

183 1201 335 1259 constituta
350 1200 396 1257 sit.
438 1197 591 1258 Praeterea
606 1199 655 1258 lex
672 1199 707 1259 ad
723 1199 823 1259 exules
839 1199 916 1259 nulla
932 1200 1066 1277 pertinet.
1109 1197 1172 1257 Non

114 1291 117 1295 ’
182 1299 254 1360 ergo
278 1281 416 1342 credibile
432 1290 476 1340 est
490 1282 526 1341 de
538 1283 682 1342 advocato
697 1282 817 1342 damnati
834 1284 984 1360 seriptum;
1008 1299 1043 1342 an
1059 1283 1172 1358 possint

136 1369 256 1429 bsenim
270 1365 346 1425 bona
367 1382 434 1423 esse
450 1365 509 1426 ulla
530 1363 646 1425 exulis?
680 1366 877 1426 scholasticus
898 1368 926 1425 in
941 1374 1090 1443 utramque
1108 1383 1171 1443 par·

180 1458 238 1510 tem
262 1448 377 1508 dubium
394 1448 476 1517 facit;
505 1450 629 1510 disertus
650 1458 680 1509 et
699 1450 796 1509 verbis
818 1449 992 1523 inhaerebit,
1019 1448 1171 1526 inquibus

179 1533 258 1593 nulla
276 1533 410 1611 exceptio
432 1542 493 1609 est,
515 1541 544 1592 et
558 1542 679 1612 propter
693 1533 750 1592 boc
762 1535 856 1611 ipsum
876 1550 998 1611 poenam
1013 1549 1080 1591 esse
1104 1549 1170 1591 con·

180 1620 305 1677 stitutam
320 1618 378 1691 eis,
401 1619 448 1694 qui
463 1617 686 1693 nonaduerint,
709 1633 744 1686 ne
760 1616 890 1694 periculo
909 1616 988 1676 exilii
1003 1615 1170 1675 deterrean-

178 1712 224 1762 tur
236 1701 440 1775 advocatione,
455 1710 484 1760 et
495 1702 631 1761 rusticum
642 1702 784 1760 innocenti
795 1717 852 1759 nou
864 1700 980 1760 affuisse
992 1699 1078 1759 dicet.
1098 1696 1169 1759 Illud

178 1787 308 1864 protinus
322 1802 379 1843 non
394 1784 552 1861 indignum,
569 1785 646 1863 quod
665 1792 832 1859 annotetur,
855 1801 945 1862 posse
969 1801 1006 1842 ex
1022 1799 1078 1841 uno
1097 1790 1169 1842 statu

179 1869 249 1929 duas
271 1869 425 1946 generales
445 1870 507 1928 lieri
529 1869 729 1946 quaestiones,
750 1866 796 1927 Au
820 1864 969 1945 quisquis?
995 1883 1031 1926 an
1055 1867 1168 1925 cuicun-

137 1950 254 2031 59que?
288 1952 368 2013 llaec
384 1971 422 2012 ex
438 1951 547 2031 duabus
561 1954 693 2030 personis
709 1952 838 2030 quaesita
855 1959 929 2011 sunt.
960 1949 1006 2010 Ex
1020 1951 1108 2011 tertia
1125 1968 1169 2009 au·

178 2047 250 2111 tem,
272 2055 346 2115 quae
367 2046 412 2096 est
430 2036 603 2110 adversarii,
626 2037 703 2096 nulla
724 2037 793 2095 oriri
815 2036 946 2113 quaestio
969 2042 1081 2112 potest,
1107 2034 1169 2112 quia

178 2121 255 2180 nulla
274 2120 305 2179 fit
327 2123 354 2179 ei
371 2120 408 2180 de
427 2139 478 2179 sua
494 2129 577 2198 parte
595 2122 803 2180 controversia.
841 2117 972 2179 Nondum
987 2126 1082 2178 tamen
1103 2134 1169 2176 cura

178 2204 301 2264 deliciet.
346 2202 403 2263 lsta
426 2206 500 2262 enim
522 2203 615 2263 omnia
637 2204 692 2263 dici
713 2211 834 2283 possent
854 2205 938 2262 etiam
961 2218 1019 2260 non
1035 2201 1169 2279 restituto
1208 2234 1209 2305 q

178 2297 270 2366 patre.
308 2286 371 2346 Nee
386 2288 478 2346 statim
493 2304 530 2346 eo
547 2287 711 2363 tendamus,
734 2286 811 2365 quod
826 2287 952 2345 occurrit
972 2285 1066 2359 ultro,
1089 2302 1107 2343 a
1127 2302 1170 2343 ru·
1208 2316 1209 2361 3

178 2373 251 2429 stico
272 2372 441 2429 restitutum.
489 2369 544 2444 Qui
568 2370 711 2430 subtiliter
737 2379 874 2449 quaeret,
898 2368 1005 2446 aliquid
1026 2367 1171 2446 spectabit
1208 2378 1209 2383 ’

177 2453 266 2520 ultra;
292 2471 372 2523 nam,
397 2462 428 2512 ut
449 2471 541 2529 genus
561 2455 677 2532 species
699 2455 844 2531 sequitur,
866 2455 905 2512 ita
927 2453 1056 2531 speciem
1076 2468 1170 2527 genus

35 2595 39 2605 ,
135 2535 334 2615 60praecedit.
372 2534 526 2612 Fingamus
546 2554 618 2613 ergo
638 2537 674 2596 ab
695 2538 752 2597 alio
772 2538 947 2596 restitutum:
972 2535 1170 2595 ratiocinativa

178 2638 230 2679 seu
246 2619 399 2679 collectiva
414 2621 543 2697 quaestio
560 2622 684 2696 orietur,
707 2618 756 2681 An
770 2622 918 2682 restitutio
930 2638 989 2699 pro
1002 2619 1172 2681 mumdum

176 2705 286 2764 iudicii
302 2704 342 2764 sit
358 2713 388 2764 ct
406 2705 667 2782 proindeouleut,
687 2723 727 2766 ue
747 2706 775 2765 si
794 2704 941 2765 iudicium
961 2720 1021 2769 nou
1040 2701 1170 2780 fuisset?

176 2787 233 2847 Ubi
259 2787 407 2864 temptabit
428 2788 551 2847 rusticus
576 2787 690 2863 dicere,
718 2805 755 2847 ue
773 2788 929 2864 impetrare
953 2785 1066 2865 quidem
1088 2784 1170 2844 aliter

178 2873 309 2949 potuisse
324 2887 440 2930 suorum
453 2872 661 2952 restitutionem
672 2887 728 2929 uno
739 2873 867 2949 praemio
879 2871 933 2937 uisi
945 2878 1026 2948 patre
1038 2869 1169 2944 proinde,

158 3004 161 3008 ,
179 2973 214 3014 ac
228 2957 252 3013 si
268 2964 420 3014 aecusatus
433 2971 491 3014 uon
506 2963 600 3029 esset,
623 2963 777 3033 revocato,
794 2972 869 3033 quae
888 2971 937 3012 res
952 2952 1086 3012 advocati
1102 2968 1169 3030 quo

137 3054 171 3109 61
181 3056 236 3114 que
252 3055 392 3116 poenam,
414 3048 547 3116 tanquam
564 3040 589 3097 is
610 3056 668 3097 non
682 3038 826 3112 affuisset,
843 3037 995 3098 remiserit.
1036 3032 1109 3094 Tum
1124 3054 1170 3094 ve

179 3122 269 3179 nimus
292 3121 328 3181 ad
349 3122 393 3197 id,
417 3122 493 3200 quod
508 3124 627 3200 primum
642 3121 830 3196 occurrebat,
852 3121 990 3181 arustieo
1007 3136 1075 3176 esse
1090 3119 1170 3178 resti·

179 3213 269 3263 tutum
283 3214 403 3282 patrem.
443 3205 498 3265 Ubi
513 3224 612 3266 rursus
628 3206 855 3279 ratiocinamur,
866 3221 902 3263 an
916 3204 1066 3262 restitutor
1080 3202 1171 3280 accipi

180 3287 286 3347 debeat
301 3305 354 3366 pro
369 3288 528 3364 advocato,
549 3289 662 3366 quando
677 3288 705 3346 id
719 3288 909 3366 praestiterit,
926 3285 1002 3364 quod
1016 3283 1171 3344 advocatus

180 3373 275 3450 petiit;
305 3389 360 3430 nec
378 3371 538 3449 improbum
557 3372 594 3431 sit
616 3372 773 3449 prosimili
794 3372 902 3448 accipi,
931 3368 1009 3448 quod
1028 3364 1096 3445 plus
1117 3376 1171 3428 est.

139 3455 303 3536 62Reliqua
327 3456 383 3516 iarn
405 3455 572 3534 aequitatis,
599 3455 689 3515 utrius
714 3454 814 3515 iustius
839 3455 878 3517 sit
901 3446 1097 3514 desiderium?
1139 3449 1170 3531 ld

1103 3888 1106 3895 ,
