<?xml version="1.0" encoding="UTF-8"?>
<!DOCTYPE html PUBLIC "-//W3C//DTD XHTML 1.0 Transitional//EN"
    "http://www.w3.org/TR/xhtml1/DTD/xhtml1-transitional.dtd">
<html xmlns="http://www.w3.org/1999/xhtml" xml:lang="en" lang="en">
 <head>
  <title>
</title>
<meta http-equiv="Content-Type" content="text/html;charset=utf-8" />
  <meta name='ocr-system' content='tesseract 3.04.00' />
  <meta name='ocr-capabilities' content='ocr_page ocr_carea ocr_par ocr_line ocrx_word'/>
</head>
<body>
  <div class='ocr_page' id='page_1' title='image "./mfabiiquintilia08bonngoog_0105.png"; bbox 0 0 2434 3925; ppageno 0'>
   <div class='ocr_carea' id='block_1_1' title="bbox 242 241 1051 322">
    <p class='ocr_par' dir='ltr' id='par_1_1' title="bbox 242 241 1051 322">
     <span class='ocr_line' id='line_1_1' title="bbox 242 241 1051 322; baseline -0.005 -17"><span class='ocrx_word' id='word_1_1' title='bbox 242 268 243 272; x_wconf 38' lang='lat'>¹</span> <span class='ocrx_word' id='word_1_2' title='bbox 356 252 789 322; x_wconf 77' lang='lat' dir='ltr'>msu.onuron.n1n.11,5.</span> <span class='ocrx_word' id='word_1_3' title='bbox 971 311 973 314; x_wconf 81' lang='lat'>.</span> <span class='ocrx_word' id='word_1_4' title='bbox 1012 241 1051 302; x_wconf 79' lang='lat'>71</span> 
     </span>
    </p>
   </div>
   <div class='ocr_carea' id='block_1_2' title="bbox 59 409 1157 3342">
    <p class='ocr_par' dir='ltr' id='par_1_2' title="bbox 59 409 1079 1396">
     <span class='ocr_line' id='line_1_2' title="bbox 59 409 1053 489; baseline -0.005 -15"><span class='ocrx_word' id='word_1_5' title='bbox 59 421 119 489; x_wconf 86' lang='lat' dir='ltr'>tas,</span> <span class='ocrx_word' id='word_1_6' title='bbox 137 411 224 480; x_wconf 89' lang='lat' dir='ltr'>lides;</span> <span class='ocrx_word' id='word_1_7' title='bbox 243 411 320 489; x_wconf 91' lang='lat' dir='ltr'>quod</span> <span class='ocrx_word' id='word_1_8' title='bbox 336 409 487 488; x_wconf 90' lang='lat' dir='ltr'>aliquando</span> <span class='ocrx_word' id='word_1_9' title='bbox 505 411 696 471; x_wconf 83' lang='lat' dir='ltr'>consiliumet</span> <span class='ocrx_word' id='word_1_10' title='bbox 714 428 796 488; x_wconf 90' lang='lat' dir='ltr'>quam</span> <span class='ocrx_word' id='word_1_11' title='bbox 813 410 927 470; x_wconf 88' lang='lat' dir='ltr'>occulta</span> <span class='ocrx_word' id='word_1_12' title='bbox 944 409 1053 469; x_wconf 84' lang='lat' dir='ltr'>callidi·</span> 
     </span>
     <span class='ocr_line' id='line_1_3' title="bbox 59 494 1079 574; baseline -0.001 -17"><span class='ocrx_word' id='word_1_13' title='bbox 59 506 107 557; x_wconf 84' lang='lat' dir='ltr'>tas</span> <span class='ocrx_word' id='word_1_14' title='bbox 137 496 275 574; x_wconf 90' lang='lat' dir='ltr'>(namque</span> <span class='ocrx_word' id='word_1_15' title='bbox 298 513 333 555; x_wconf 90' lang='lat' dir='ltr'>ea</span> <span class='ocrx_word' id='word_1_16' title='bbox 354 495 418 574; x_wconf 82' lang='lat' dir='ltr'>sola</span> <span class='ocrx_word' id='word_1_17' title='bbox 439 497 466 553; x_wconf 93' lang='lat' dir='ltr'>in</span> <span class='ocrx_word' id='word_1_18' title='bbox 483 496 540 554; x_wconf 93' lang='lat' dir='ltr'>hoc</span> <span class='ocrx_word' id='word_1_19' title='bbox 561 513 608 554; x_wconf 88' lang='lat' dir='ltr'>ars</span> <span class='ocrx_word' id='word_1_20' title='bbox 629 504 691 570; x_wconf 90' lang='lat' dir='ltr'>est,</span> <span class='ocrx_word' id='word_1_21' title='bbox 716 511 790 572; x_wconf 88' lang='lat' dir='ltr'>quae</span> <span class='ocrx_word' id='word_1_22' title='bbox 807 495 928 571; x_wconf 76' lang='lat' dir='ltr'>intelligi</span> <span class='ocrx_word' id='word_1_23' title='bbox 948 497 1002 554; x_wconf 90' lang='lat' dir='ltr'>nisi</span> <span class='ocrx_word' id='word_1_24' title='bbox 1017 494 1079 556; x_wconf 80' lang='lat' dir='ltr'>abii</span> 
     </span>
     <span class='ocr_line' id='line_1_4' title="bbox 60 578 1052 659; baseline -0.002 -19"><span class='ocrx_word' id='word_1_25' title='bbox 60 580 176 640; x_wconf 84' lang='lat' dir='ltr'>artifice</span> <span class='ocrx_word' id='word_1_26' title='bbox 193 596 251 639; x_wconf 94' lang='lat' dir='ltr'>non</span> <span class='ocrx_word' id='word_1_27' title='bbox 265 581 390 659; x_wconf 85' lang='lat' dir='ltr'>possit);</span> <span class='ocrx_word' id='word_1_28' title='bbox 408 588 512 657; x_wconf 89' lang='lat' dir='ltr'>quanta</span> <span class='ocrx_word' id='word_1_29' title='bbox 527 579 666 658; x_wconf 75' lang='lat' dir='ltr'>deinceps</span> <span class='ocrx_word' id='word_1_30' title='bbox 683 580 711 637; x_wconf 93' lang='lat' dir='ltr'>in</span> <span class='ocrx_word' id='word_1_31' title='bbox 726 578 879 638; x_wconf 83' lang='lat' dir='ltr'>diuidendo</span> <span class='ocrx_word' id='word_1_32' title='bbox 892 579 1052 657; x_wconf 88' lang='lat' dir='ltr'>prudentia,</span> 
     </span>
     <span class='ocr_line' id='line_1_5' title="bbox 62 662 1052 743; baseline -0.003 -18"><span class='ocrx_word' id='word_1_33' title='bbox 62 683 148 743; x_wconf 87' lang='lat' dir='ltr'>quam</span> <span class='ocrx_word' id='word_1_34' title='bbox 161 663 273 723; x_wconf 88' lang='lat' dir='ltr'>subtilis</span> <span class='ocrx_word' id='word_1_35' title='bbox 288 673 317 723; x_wconf 90' lang='lat' dir='ltr'>et</span> <span class='ocrx_word' id='word_1_36' title='bbox 329 662 429 723; x_wconf 89' lang='lat' dir='ltr'>crebra</span> <span class='ocrx_word' id='word_1_37' title='bbox 445 665 669 740; x_wconf 80' lang='lat' dir='ltr'>argumentatio;</span> <span class='ocrx_word' id='word_1_38' title='bbox 687 662 788 741; x_wconf 85' lang='lat' dir='ltr'>quibus</span> <span class='ocrx_word' id='word_1_39' title='bbox 799 662 906 721; x_wconf 86' lang='lat' dir='ltr'>viribus</span> <span class='ocrx_word' id='word_1_40' title='bbox 922 664 1052 742; x_wconf 83' lang='lat' dir='ltr'>inspiret,</span> 
     </span>
     <span class='ocr_line' id='line_1_6' title="bbox 62 745 1052 827; baseline -0.002 -20"><span class='ocrx_word' id='word_1_41' title='bbox 62 766 121 827; x_wconf 92' lang='lat' dir='ltr'>qua</span> <span class='ocrx_word' id='word_1_42' title='bbox 140 747 316 807; x_wconf 83' lang='lat' dir='ltr'>iucunditate</span> <span class='ocrx_word' id='word_1_43' title='bbox 337 747 530 826; x_wconf 91' lang='lat' dir='ltr'>permulceat;</span> <span class='ocrx_word' id='word_1_44' title='bbox 554 757 658 826; x_wconf 89' lang='lat' dir='ltr'>quanta</span> <span class='ocrx_word' id='word_1_45' title='bbox 677 749 707 816; x_wconf 85' lang='lat' dir='ltr'>in</span> <span class='ocrx_word' id='word_1_46' title='bbox 724 745 883 806; x_wconf 87' lang='lat' dir='ltr'>maledictis</span> <span class='ocrx_word' id='word_1_47' title='bbox 901 749 1052 825; x_wconf 79' lang='lat' dir='ltr'>asperitas,</span> 
     </span>
     <span class='ocr_line' id='line_1_7' title="bbox 62 830 1053 910; baseline -0.002 -19"><span class='ocrx_word' id='word_1_48' title='bbox 62 834 91 891; x_wconf 93' lang='lat' dir='ltr'>in</span> <span class='ocrx_word' id='word_1_49' title='bbox 112 832 186 898; x_wconf 86' lang='lat' dir='ltr'>iocis</span> <span class='ocrx_word' id='word_1_50' title='bbox 201 831 361 900; x_wconf 90' lang='lat' dir='ltr'>urbanitas;</span> <span class='ocrx_word' id='word_1_51' title='bbox 384 840 415 889; x_wconf 95' lang='lat' dir='ltr'>ut</span> <span class='ocrx_word' id='word_1_52' title='bbox 430 832 553 910; x_wconf 88' lang='lat' dir='ltr'>denique</span> <span class='ocrx_word' id='word_1_53' title='bbox 574 831 735 891; x_wconf 74' lang='lat' dir='ltr'>dominetur</span> <span class='ocrx_word' id='word_1_54' title='bbox 749 832 777 889; x_wconf 92' lang='lat' dir='ltr'>iu</span> <span class='ocrx_word' id='word_1_55' title='bbox 796 830 946 890; x_wconf 79' lang='lat' dir='ltr'>affectibus</span> <span class='ocrx_word' id='word_1_56' title='bbox 967 840 1053 910; x_wconf 90' lang='lat' dir='ltr'>atque</span> 
     </span>
     <span class='ocr_line' id='line_1_8' title="bbox 62 914 1053 994; baseline -0.003 -19"><span class='ocrx_word' id='word_1_57' title='bbox 62 917 91 976; x_wconf 94' lang='lat' dir='ltr'>in</span> <span class='ocrx_word' id='word_1_58' title='bbox 106 924 229 994; x_wconf 89' lang='lat' dir='ltr'>pectora</span> <span class='ocrx_word' id='word_1_59' title='bbox 250 918 386 993; x_wconf 90' lang='lat' dir='ltr'>irrumpat</span> <span class='ocrx_word' id='word_1_60' title='bbox 408 917 586 994; x_wconf 89' lang='lat' dir='ltr'>animumque</span> <span class='ocrx_word' id='word_1_61' title='bbox 609 916 734 976; x_wconf 92' lang='lat' dir='ltr'>iudicum</span> <span class='ocrx_word' id='word_1_62' title='bbox 751 914 872 974; x_wconf 88' lang='lat' dir='ltr'>similem</span> <span class='ocrx_word' id='word_1_63' title='bbox 893 915 954 988; x_wconf 85' lang='lat' dir='ltr'>his,</span> <span class='ocrx_word' id='word_1_64' title='bbox 979 932 1053 993; x_wconf 88' lang='lat' dir='ltr'>quae</span> 
     </span>
     <span class='ocr_line' id='line_1_9' title="bbox 62 997 1079 1078; baseline 0.002 -18"><span class='ocrx_word' id='word_1_65' title='bbox 62 1001 149 1075; x_wconf 82' lang='lat' dir='ltr'>dicit,</span> <span class='ocrx_word' id='word_1_66' title='bbox 168 999 285 1059; x_wconf 87' lang='lat' dir='ltr'>eilioiat.</span> <span class='ocrx_word' id='word_1_67' title='bbox 316 1000 386 1059; x_wconf 84' lang='lat' dir='ltr'>Tum</span> <span class='ocrx_word' id='word_1_68' title='bbox 401 1001 428 1057; x_wconf 93' lang='lat' dir='ltr'>in</span> <span class='ocrx_word' id='word_1_69' title='bbox 445 1001 555 1059; x_wconf 88' lang='lat' dir='ltr'>ratione</span> <span class='ocrx_word' id='word_1_70' title='bbox 573 1000 746 1078; x_wconf 79' lang='lat' dir='ltr'>eloquendi,</span> <span class='ocrx_word' id='word_1_71' title='bbox 763 997 840 1077; x_wconf 93' lang='lat' dir='ltr'>quod</span> <span class='ocrx_word' id='word_1_72' title='bbox 854 999 972 1058; x_wconf 85' lang='lat' dir='ltr'>uerbum</span> <span class='ocrx_word' id='word_1_73' title='bbox 987 1007 1079 1077; x_wconf 84' lang='lat' dir='ltr'>pro-9</span> 
     </span>
     <span class='ocr_line' id='line_1_10' title="bbox 62 1082 1053 1162; baseline -0.001 -20"><span class='ocrx_word' id='word_1_74' title='bbox 62 1085 175 1162; x_wconf 85' lang='lat' dir='ltr'>prium,</span> <span class='ocrx_word' id='word_1_75' title='bbox 201 1092 345 1159; x_wconf 83' lang='lat' dir='ltr'>ornatum,</span> <span class='ocrx_word' id='word_1_76' title='bbox 370 1084 505 1152; x_wconf 89' lang='lat' dir='ltr'>sublime;</span> <span class='ocrx_word' id='word_1_77' title='bbox 525 1083 574 1144; x_wconf 93' lang='lat' dir='ltr'>ubi</span> <span class='ocrx_word' id='word_1_78' title='bbox 591 1084 774 1162; x_wconf 84' lang='lat' dir='ltr'>amplificatio</span> <span class='ocrx_word' id='word_1_79' title='bbox 796 1082 951 1156; x_wconf 74' lang='lat' dir='ltr'>laudanda,</span> <span class='ocrx_word' id='word_1_80' title='bbox 978 1100 1053 1160; x_wconf 88' lang='lat' dir='ltr'>quae</span> 
     </span>
     <span class='ocr_line' id='line_1_11' title="bbox 63 1168 1054 1246; baseline 0 -20"><span class='ocrx_word' id='word_1_81' title='bbox 63 1169 154 1226; x_wconf 88' lang='lat' dir='ltr'>virtus</span> <span class='ocrx_word' id='word_1_82' title='bbox 175 1168 202 1226; x_wconf 90' lang='lat' dir='ltr'>ei</span> <span class='ocrx_word' id='word_1_83' title='bbox 226 1169 386 1243; x_wconf 78' lang='lat' dir='ltr'>contraria,</span> <span class='ocrx_word' id='word_1_84' title='bbox 412 1168 479 1246; x_wconf 88' lang='lat' dir='ltr'>quid</span> <span class='ocrx_word' id='word_1_85' title='bbox 502 1169 639 1246; x_wconf 80' lang='lat' dir='ltr'>speciose</span> <span class='ocrx_word' id='word_1_86' title='bbox 659 1168 843 1241; x_wconf 83' lang='lat' dir='ltr'>translatum,</span> <span class='ocrx_word' id='word_1_87' title='bbox 866 1185 941 1246; x_wconf 88' lang='lat' dir='ltr'>quae</span> <span class='ocrx_word' id='word_1_88' title='bbox 962 1168 1054 1243; x_wconf 85' lang='lat' dir='ltr'>figura</span> 
     </span>
     <span class='ocr_line' id='line_1_12' title="bbox 62 1251 1053 1330; baseline 0 -20"><span class='ocrx_word' id='word_1_89' title='bbox 62 1252 235 1328; x_wconf 78' lang='lat' dir='ltr'>verborum,</span> <span class='ocrx_word' id='word_1_90' title='bbox 264 1270 337 1330; x_wconf 88' lang='lat' dir='ltr'>qnae</span> <span class='ocrx_word' id='word_1_91' title='bbox 360 1252 433 1311; x_wconf 89' lang='lat' dir='ltr'>levis</span> <span class='ocrx_word' id='word_1_92' title='bbox 455 1260 484 1311; x_wconf 90' lang='lat' dir='ltr'>et</span> <span class='ocrx_word' id='word_1_93' title='bbox 505 1252 643 1330; x_wconf 88' lang='lat' dir='ltr'>quadrata</span> <span class='ocrx_word' id='word_1_94' title='bbox 669 1251 722 1311; x_wconf 91' lang='lat' dir='ltr'>sed</span> <span class='ocrx_word' id='word_1_95' title='bbox 746 1251 837 1310; x_wconf 84' lang='lat' dir='ltr'>virilis</span> <span class='ocrx_word' id='word_1_96' title='bbox 860 1262 954 1311; x_wconf 89' lang='lat' dir='ltr'>tamen</span> <span class='ocrx_word' id='word_1_97' title='bbox 977 1268 1053 1311; x_wconf 89' lang='lat' dir='ltr'>com·</span> 
     </span>
     <span class='ocr_line' id='line_1_13' title="bbox 83 1336 181 1396; baseline -0.041 0"><span class='ocrx_word' id='word_1_98' title='bbox 83 1336 181 1396; x_wconf 86' lang='lat' dir='ltr'>ositio.</span> 
     </span>
    </p>

    <p class='ocr_par' dir='ltr' id='par_1_3' title="bbox 59 1353 1157 2738">
     <span class='ocr_line' id='line_1_14' title="bbox 62 1353 1097 1500; baseline 0.004 -22"><span class='ocrx_word' id='word_1_99' title='bbox 62 1353 80 1415; x_wconf 72' lang='lat' dir='ltr'>p</span> <span class='ocrx_word' id='word_1_100' title='bbox 147 1419 192 1478; x_wconf 91' lang='lat' dir='ltr'>Ne</span> <span class='ocrx_word' id='word_1_101' title='bbox 207 1418 236 1478; x_wconf 91' lang='lat' dir='ltr'>id</span> <span class='ocrx_word' id='word_1_102' title='bbox 251 1418 364 1497; x_wconf 90' lang='lat' dir='ltr'>quidem</span> <span class='ocrx_word' id='word_1_103' title='bbox 380 1418 495 1495; x_wconf 83' lang='lat' dir='ltr'>inutile,</span> <span class='ocrx_word' id='word_1_104' title='bbox 519 1420 604 1479; x_wconf 89' lang='lat' dir='ltr'>etiam</span> <span class='ocrx_word' id='word_1_105' title='bbox 627 1428 778 1499; x_wconf 84' lang='lat' dir='ltr'>corruptas</span> <span class='ocrx_word' id='word_1_106' title='bbox 798 1419 950 1500; x_wconf 90' lang='lat' dir='ltr'>aliquando</span> <span class='ocrx_word' id='word_1_107' title='bbox 967 1427 996 1478; x_wconf 88' lang='lat' dir='ltr'>et</span> <span class='ocrx_word' id='word_1_108' title='bbox 1012 1419 1097 1482; x_wconf 84' lang='lat' dir='ltr'>&#39;vi-10</span> 
     </span>
     <span class='ocr_line' id='line_1_15' title="bbox 61 1503 1053 1583; baseline 0 -21"><span class='ocrx_word' id='word_1_109' title='bbox 61 1505 155 1563; x_wconf 77' lang='lat' dir='ltr'>tiosos</span> <span class='ocrx_word' id='word_1_110' title='bbox 177 1503 340 1579; x_wconf 80' lang='lat' dir='ltr'>orationes,</span> <span class='ocrx_word' id='word_1_111' title='bbox 364 1520 435 1582; x_wconf 89' lang='lat' dir='ltr'>quas</span> <span class='ocrx_word' id='word_1_112' title='bbox 456 1512 550 1563; x_wconf 87' lang='lat' dir='ltr'>tamen</span> <span class='ocrx_word' id='word_1_113' title='bbox 571 1503 705 1583; x_wconf 91' lang='lat' dir='ltr'>plerique</span> <span class='ocrx_word' id='word_1_114' title='bbox 727 1506 896 1565; x_wconf 83' lang='lat' dir='ltr'>iudiciorum</span> <span class='ocrx_word' id='word_1_115' title='bbox 912 1505 1053 1582; x_wconf 80' lang='lat' dir='ltr'>pravitate</span> 
     </span>
     <span class='ocr_line' id='line_1_16' title="bbox 61 1587 1053 1668; baseline 0 -22"><span class='ocrx_word' id='word_1_116' title='bbox 61 1590 216 1661; x_wconf 73' lang='lat' dir='ltr'>mirantur,</span> <span class='ocrx_word' id='word_1_117' title='bbox 238 1587 296 1663; x_wconf 79' lang='lat' dir='ltr'>legi</span> <span class='ocrx_word' id='word_1_118' title='bbox 311 1587 406 1665; x_wconf 89' lang='lat' dir='ltr'>palam</span> <span class='ocrx_word' id='word_1_119' title='bbox 422 1588 593 1666; x_wconf 87' lang='lat' dir='ltr'>ostendique</span> <span class='ocrx_word' id='word_1_120' title='bbox 607 1589 637 1646; x_wconf 91' lang='lat' dir='ltr'>in</span> <span class='ocrx_word' id='word_1_121' title='bbox 651 1588 712 1665; x_wconf 79' lang='lat' dir='ltr'>his,</span> <span class='ocrx_word' id='word_1_122' title='bbox 735 1607 819 1668; x_wconf 90' lang='lat' dir='ltr'>quam</span> <span class='ocrx_word' id='word_1_123' title='bbox 841 1588 927 1648; x_wconf 89' lang='lat' dir='ltr'>multa</span> <span class='ocrx_word' id='word_1_124' title='bbox 948 1590 1053 1666; x_wconf 87' lang='lat' dir='ltr'>impro-</span> 
     </span>
     <span class='ocr_line' id='line_1_17' title="bbox 60 1670 1053 1751; baseline 0 -21"><span class='ocrx_word' id='word_1_125' title='bbox 60 1674 142 1751; x_wconf 77' lang='lat' dir='ltr'>pria,</span> <span class='ocrx_word' id='word_1_126' title='bbox 160 1670 300 1746; x_wconf 81' lang='lat' dir='ltr'>obscura,</span> <span class='ocrx_word' id='word_1_127' title='bbox 316 1671 436 1746; x_wconf 84' lang='lat' dir='ltr'>tumida,</span> <span class='ocrx_word' id='word_1_128' title='bbox 452 1672 583 1747; x_wconf 84' lang='lat' dir='ltr'>humilia,</span> <span class='ocrx_word' id='word_1_129' title='bbox 600 1672 733 1747; x_wconf 77' lang='lat' dir='ltr'>sordida,</span> <span class='ocrx_word' id='word_1_130' title='bbox 750 1673 874 1747; x_wconf 82' lang='lat' dir='ltr'>lasciva,</span> <span class='ocrx_word' id='word_1_131' title='bbox 891 1672 1053 1731; x_wconf 80' lang='lat' dir='ltr'>effeminata</span> 
     </span>
     <span class='ocr_line' id='line_1_18' title="bbox 60 1755 1054 1842; baseline -0.002 -27"><span class='ocrx_word' id='word_1_132' title='bbox 60 1757 134 1822; x_wconf 89' lang='lat' dir='ltr'>sint;</span> <span class='ocrx_word' id='word_1_133' title='bbox 159 1771 234 1842; x_wconf 90' lang='lat' dir='ltr'>quae</span> <span class='ocrx_word' id='word_1_134' title='bbox 255 1772 312 1813; x_wconf 93' lang='lat' dir='ltr'>non</span> <span class='ocrx_word' id='word_1_135' title='bbox 334 1755 484 1815; x_wconf 83' lang='lat' dir='ltr'>laudantur</span> <span class='ocrx_word' id='word_1_136' title='bbox 506 1755 592 1815; x_wconf 92' lang='lat' dir='ltr'>modo</span> <span class='ocrx_word' id='word_1_137' title='bbox 614 1773 630 1814; x_wconf 89' lang='lat' dir='ltr'>a</span> <span class='ocrx_word' id='word_1_138' title='bbox 650 1756 798 1834; x_wconf 90' lang='lat' dir='ltr'>plerisque</span> <span class='ocrx_word' id='word_1_139' title='bbox 821 1757 888 1830; x_wconf 85' lang='lat' dir='ltr'>sed,</span> <span class='ocrx_word' id='word_1_140' title='bbox 911 1756 988 1833; x_wconf 95' lang='lat' dir='ltr'>quod</span> <span class='ocrx_word' id='word_1_141' title='bbox 1009 1763 1054 1814; x_wconf 85' lang='lat' dir='ltr'>est</span> 
     </span>
     <span class='ocr_line' id='line_1_19' title="bbox 61 1838 1094 1919; baseline -0.003 -21"><span class='ocrx_word' id='word_1_142' title='bbox 61 1841 159 1919; x_wconf 83' lang='lat' dir='ltr'>peius,</span> <span class='ocrx_word' id='word_1_143' title='bbox 175 1843 296 1916; x_wconf 89' lang='lat' dir='ltr'>propter</span> <span class='ocrx_word' id='word_1_144' title='bbox 311 1838 367 1898; x_wconf 85' lang='lat' dir='ltr'>hon</span> <span class='ocrx_word' id='word_1_145' title='bbox 382 1840 484 1916; x_wconf 82' lang='lat' dir='ltr'>ipsum,</span> <span class='ocrx_word' id='word_1_146' title='bbox 502 1839 579 1918; x_wconf 92' lang='lat' dir='ltr'>quod</span> <span class='ocrx_word' id='word_1_147' title='bbox 594 1848 659 1898; x_wconf 91' lang='lat' dir='ltr'>sunt</span> <span class='ocrx_word' id='word_1_148' title='bbox 673 1857 772 1917; x_wconf 81' lang='lat' dir='ltr'>prava,</span> <span class='ocrx_word' id='word_1_149' title='bbox 791 1840 948 1899; x_wconf 84' lang='lat' dir='ltr'>laudantur.</span> <span class='ocrx_word' id='word_1_150' title='bbox 982 1838 1054 1897; x_wconf 87' lang='lat' dir='ltr'>Nam</span> <span class='ocrx_word' id='word_1_151' title='bbox 1062 1844 1094 1898; x_wconf 90' lang='grc'>11</span> 
     </span>
     <span class='ocr_line' id='line_1_20' title="bbox 60 1921 1053 1984; baseline -0.003 0"><span class='ocrx_word' id='word_1_152' title='bbox 60 1939 161 1984; x_wconf 88' lang='lat' dir='ltr'>sermo</span> <span class='ocrx_word' id='word_1_153' title='bbox 178 1930 277 1982; x_wconf 86' lang='lat' dir='ltr'>rectus</span> <span class='ocrx_word' id='word_1_154' title='bbox 298 1931 327 1983; x_wconf 87' lang='lat' dir='ltr'>et</span> <span class='ocrx_word' id='word_1_155' title='bbox 348 1923 504 1984; x_wconf 87' lang='lat' dir='ltr'>secundnm</span> <span class='ocrx_word' id='word_1_156' title='bbox 524 1931 653 1984; x_wconf 87' lang='lat' dir='ltr'>naturam</span> <span class='ocrx_word' id='word_1_157' title='bbox 675 1924 834 1984; x_wconf 90' lang='lat' dir='ltr'>enuntiatus</span> <span class='ocrx_word' id='word_1_158' title='bbox 855 1921 924 1982; x_wconf 91' lang='lat' dir='ltr'>nihil</span> <span class='ocrx_word' id='word_1_159' title='bbox 944 1921 1053 1981; x_wconf 90' lang='lat' dir='ltr'>habere</span> 
     </span>
     <span class='ocr_line' id='line_1_21' title="bbox 61 2006 1052 2087; baseline -0.004 -19"><span class='ocrx_word' id='word_1_160' title='bbox 61 2026 101 2068; x_wconf 86' lang='lat' dir='ltr'>ex</span> <span class='ocrx_word' id='word_1_161' title='bbox 118 2008 235 2083; x_wconf 80' lang='lat' dir='ltr'>ingenio</span> <span class='ocrx_word' id='word_1_162' title='bbox 256 2008 384 2082; x_wconf 83' lang='lat' dir='ltr'>uidetur,</span> <span class='ocrx_word' id='word_1_163' title='bbox 406 2007 559 2082; x_wconf 75' lang='lat' dir='ltr'>litavere,</span> <span class='ocrx_word' id='word_1_164' title='bbox 580 2025 656 2087; x_wconf 92' lang='lat' dir='ltr'>quae</span> <span class='ocrx_word' id='word_1_165' title='bbox 676 2016 821 2086; x_wconf 87' lang='lat' dir='ltr'>utcunque</span> <span class='ocrx_word' id='word_1_166' title='bbox 843 2006 956 2066; x_wconf 85' lang='lat' dir='ltr'>deilexa</span> <span class='ocrx_word' id='word_1_167' title='bbox 977 2013 1052 2081; x_wconf 84' lang='lat' dir='ltr'>sunt,</span> 
     </span>
     <span class='ocr_line' id='line_1_22' title="bbox 59 2091 1054 2170; baseline -0.005 -18"><span class='ocrx_word' id='word_1_168' title='bbox 59 2101 198 2170; x_wconf 91' lang='lat' dir='ltr'>tanquam</span> <span class='ocrx_word' id='word_1_169' title='bbox 214 2092 402 2169; x_wconf 83' lang='lat' dir='ltr'>exquisitiora</span> <span class='ocrx_word' id='word_1_170' title='bbox 424 2092 572 2160; x_wconf 89' lang='lat' dir='ltr'>miramur;</span> <span class='ocrx_word' id='word_1_171' title='bbox 593 2109 651 2150; x_wconf 93' lang='lat' dir='ltr'>non</span> <span class='ocrx_word' id='word_1_172' title='bbox 672 2091 755 2151; x_wconf 89' lang='lat' dir='ltr'>aliter</span> <span class='ocrx_word' id='word_1_173' title='bbox 776 2109 859 2170; x_wconf 89' lang='lat' dir='ltr'>quam</span> <span class='ocrx_word' id='word_1_174' title='bbox 880 2091 1008 2150; x_wconf 88' lang='lat' dir='ltr'>distortis</span> <span class='ocrx_word' id='word_1_175' title='bbox 1024 2097 1054 2149; x_wconf 90' lang='lat' dir='ltr'>et</span> 
     </span>
     <span class='ocr_line' id='line_1_23' title="bbox 60 2175 1053 2255; baseline -0.002 -21"><span class='ocrx_word' id='word_1_176' title='bbox 60 2191 238 2255; x_wconf 91' lang='lat' dir='ltr'>quocunque</span> <span class='ocrx_word' id='word_1_177' title='bbox 253 2176 338 2234; x_wconf 90' lang='lat' dir='ltr'>modo</span> <span class='ocrx_word' id='word_1_178' title='bbox 349 2175 524 2254; x_wconf 77' lang='lat' dir='ltr'>prodigiosis</span> <span class='ocrx_word' id='word_1_179' title='bbox 540 2176 711 2254; x_wconf 82' lang='lat' dir='ltr'>corporibus</span> <span class='ocrx_word' id='word_1_180' title='bbox 723 2177 797 2254; x_wconf 89' lang='lat' dir='ltr'>apud</span> <span class='ocrx_word' id='word_1_181' title='bbox 813 2175 951 2254; x_wconf 89' lang='lat' dir='ltr'>quosdam</span> <span class='ocrx_word' id='word_1_182' title='bbox 962 2175 1053 2234; x_wconf 86' lang='lat' dir='ltr'>maius</span> 
     </span>
     <span class='ocr_line' id='line_1_24' title="bbox 61 2258 1053 2338; baseline -0.002 -19"><span class='ocrx_word' id='word_1_183' title='bbox 61 2268 109 2320; x_wconf 86' lang='lat' dir='ltr'>est</span> <span class='ocrx_word' id='word_1_184' title='bbox 132 2261 255 2336; x_wconf 89' lang='lat' dir='ltr'>pretium</span> <span class='ocrx_word' id='word_1_185' title='bbox 276 2277 360 2337; x_wconf 90' lang='lat' dir='ltr'>quam</span> <span class='ocrx_word' id='word_1_186' title='bbox 381 2259 442 2333; x_wconf 79' lang='lat' dir='ltr'>his,</span> <span class='ocrx_word' id='word_1_187' title='bbox 464 2277 538 2338; x_wconf 89' lang='lat' dir='ltr'>quae</span> <span class='ocrx_word' id='word_1_188' title='bbox 559 2259 629 2320; x_wconf 87' lang='lat' dir='ltr'>nihil</span> <span class='ocrx_word' id='word_1_189' title='bbox 650 2279 688 2321; x_wconf 83' lang='lat' dir='ltr'>ex</span> <span class='ocrx_word' id='word_1_190' title='bbox 711 2261 850 2320; x_wconf 86' lang='lat' dir='ltr'>communi</span> <span class='ocrx_word' id='word_1_191' title='bbox 867 2259 964 2319; x_wconf 89' lang='lat' dir='ltr'>habito</span> <span class='ocrx_word' id='word_1_192' title='bbox 985 2258 1053 2318; x_wconf 94' lang='lat' dir='ltr'>boni</span> 
     </span>
     <span class='ocr_line' id='line_1_25' title="bbox 60 2341 1094 2423; baseline 0.002 -20"><span class='ocrx_word' id='word_1_193' title='bbox 60 2341 260 2423; x_wconf 91' lang='lat' dir='ltr'>perdiderunt.</span> <span class='ocrx_word' id='word_1_194' title='bbox 295 2341 391 2422; x_wconf 80' lang='lat' dir='ltr'>Atque</span> <span class='ocrx_word' id='word_1_195' title='bbox 407 2343 491 2403; x_wconf 91' lang='lat' dir='ltr'>etiam</span> <span class='ocrx_word' id='word_1_196' title='bbox 508 2344 556 2422; x_wconf 94' lang='lat' dir='ltr'>qui</span> <span class='ocrx_word' id='word_1_197' title='bbox 571 2346 672 2423; x_wconf 90' lang='lat' dir='ltr'>specie</span> <span class='ocrx_word' id='word_1_198' title='bbox 688 2345 851 2422; x_wconf 81' lang='lat' dir='ltr'>capiuntur,</span> <span class='ocrx_word' id='word_1_199' title='bbox 869 2343 958 2402; x_wconf 85' lang='lat' dir='ltr'>vulsis</span> <span class='ocrx_word' id='word_1_200' title='bbox 975 2344 1053 2403; x_wconf 87' lang='lat' dir='ltr'>leua-</span> <span class='ocrx_word' id='word_1_201' title='bbox 1061 2352 1094 2405; x_wconf 81' lang='lat' dir='ltr'>1u</span> 
     </span>
     <span class='ocr_line' id='line_1_26' title="bbox 60 2427 1157 2504; baseline -0.002 -16"><span class='ocrx_word' id='word_1_202' title='bbox 60 2429 160 2504; x_wconf 80' lang='lat' dir='ltr'>iisque</span> <span class='ocrx_word' id='word_1_203' title='bbox 181 2435 210 2486; x_wconf 93' lang='lat' dir='ltr'>et</span> <span class='ocrx_word' id='word_1_204' title='bbox 230 2427 338 2486; x_wconf 90' lang='lat' dir='ltr'>inustas</span> <span class='ocrx_word' id='word_1_205' title='bbox 360 2444 457 2486; x_wconf 90' lang='lat' dir='ltr'>comas</span> <span class='ocrx_word' id='word_1_206' title='bbox 477 2445 530 2486; x_wconf 92' lang='lat' dir='ltr'>acu</span> <span class='ocrx_word' id='word_1_207' title='bbox 552 2427 729 2488; x_wconf 89' lang='lat' dir='ltr'>comentibus</span> <span class='ocrx_word' id='word_1_208' title='bbox 751 2437 780 2487; x_wconf 92' lang='lat' dir='ltr'>et</span> <span class='ocrx_word' id='word_1_209' title='bbox 801 2444 858 2486; x_wconf 92' lang='lat' dir='ltr'>nou</span> <span class='ocrx_word' id='word_1_210' title='bbox 880 2444 933 2486; x_wconf 93' lang='lat' dir='ltr'>suo</span> <span class='ocrx_word' id='word_1_211' title='bbox 953 2428 1054 2487; x_wconf 88' lang='lat' dir='ltr'>colore</span> <span class='ocrx_word' id='word_1_212' title='bbox 1154 2446 1157 2453; x_wconf 90' lang='lat'>·</span> 
     </span>
     <span class='ocr_line' id='line_1_27' title="bbox 62 2509 1053 2590; baseline -0.001 -21"><span class='ocrx_word' id='word_1_213' title='bbox 62 2509 161 2570; x_wconf 90' lang='lat' dir='ltr'>nitidis</span> <span class='ocrx_word' id='word_1_214' title='bbox 176 2510 241 2588; x_wconf 92' lang='lat' dir='ltr'>plus</span> <span class='ocrx_word' id='word_1_215' title='bbox 258 2529 324 2569; x_wconf 87' lang='lat' dir='ltr'>esse</span> <span class='ocrx_word' id='word_1_216' title='bbox 340 2511 449 2570; x_wconf 90' lang='lat' dir='ltr'>lormae</span> <span class='ocrx_word' id='word_1_217' title='bbox 465 2520 580 2589; x_wconf 88' lang='lat' dir='ltr'>putant,</span> <span class='ocrx_word' id='word_1_218' title='bbox 604 2530 688 2590; x_wconf 89' lang='lat' dir='ltr'>quam</span> <span class='ocrx_word' id='word_1_219' title='bbox 702 2512 796 2589; x_wconf 88' lang='lat' dir='ltr'>possit</span> <span class='ocrx_word' id='word_1_220' title='bbox 816 2510 944 2569; x_wconf 88' lang='lat' dir='ltr'>tribuere</span> <span class='ocrx_word' id='word_1_221' title='bbox 959 2511 1053 2570; x_wconf 89' lang='lat' dir='ltr'>incor-</span> 
     </span>
     <span class='ocr_line' id='line_1_28' title="bbox 64 2594 1054 2674; baseline -0.002 -20"><span class='ocrx_word' id='word_1_222' title='bbox 64 2603 149 2674; x_wconf 93' lang='lat' dir='ltr'>rupta</span> <span class='ocrx_word' id='word_1_223' title='bbox 175 2603 290 2662; x_wconf 88' lang='lat' dir='ltr'>natura;</span> <span class='ocrx_word' id='word_1_224' title='bbox 316 2603 347 2654; x_wconf 90' lang='lat' dir='ltr'>ut</span> <span class='ocrx_word' id='word_1_225' title='bbox 368 2595 551 2673; x_wconf 82' lang='lat' dir='ltr'>pulchritudo</span> <span class='ocrx_word' id='word_1_226' title='bbox 578 2596 711 2674; x_wconf 85' lang='lat' dir='ltr'>corporis</span> <span class='ocrx_word' id='word_1_227' title='bbox 735 2596 835 2653; x_wconf 81' lang='lat' dir='ltr'>venire</span> <span class='ocrx_word' id='word_1_228' title='bbox 860 2594 991 2654; x_wconf 86' lang='lat' dir='ltr'>videatur</span> <span class='ocrx_word' id='word_1_229' title='bbox 1016 2612 1054 2652; x_wconf 86' lang='lat' dir='ltr'>ex</span> 
     </span>
     <span class='ocr_line' id='line_1_29' title="bbox 64 2677 298 2738; baseline -0.009 0"><span class='ocrx_word' id='word_1_230' title='bbox 64 2679 147 2738; x_wconf 88' lang='lat' dir='ltr'>malis</span> <span class='ocrx_word' id='word_1_231' title='bbox 162 2677 298 2738; x_wconf 88' lang='lat' dir='ltr'>moribus.</span> 
     </span>
    </p>

    <p class='ocr_par' dir='ltr' id='par_1_4' title="bbox 61 2757 1095 3260">
     <span class='ocr_line' id='line_1_30' title="bbox 150 2757 1095 2841; baseline 0 -20"><span class='ocrx_word' id='word_1_232' title='bbox 150 2761 252 2840; x_wconf 88' lang='lat' dir='ltr'>Neque</span> <span class='ocrx_word' id='word_1_233' title='bbox 270 2762 362 2822; x_wconf 85' lang='lat' dir='ltr'>solum</span> <span class='ocrx_word' id='word_1_234' title='bbox 377 2762 450 2822; x_wconf 91' lang='lat' dir='ltr'>haec</span> <span class='ocrx_word' id='word_1_235' title='bbox 467 2763 531 2841; x_wconf 89' lang='lat' dir='ltr'>ipse</span> <span class='ocrx_word' id='word_1_236' title='bbox 546 2761 664 2821; x_wconf 88' lang='lat' dir='ltr'>debebit</span> <span class='ocrx_word' id='word_1_237' title='bbox 684 2761 792 2822; x_wconf 87' lang='lat' dir='ltr'>docere</span> <span class='ocrx_word' id='word_1_238' title='bbox 808 2758 984 2840; x_wconf 87' lang='lat' dir='ltr'>praeceptor</span> <span class='ocrx_word' id='word_1_239' title='bbox 1001 2761 1054 2821; x_wconf 88' lang='lat' dir='ltr'>sed</span> <span class='ocrx_word' id='word_1_240' title='bbox 1065 2757 1095 2812; x_wconf 78' lang='grc'>[3</span> 
     </span>
     <span class='ocr_line' id='line_1_31' title="bbox 65 2845 1050 2924; baseline -0.003 -19"><span class='ocrx_word' id='word_1_241' title='bbox 65 2845 234 2923; x_wconf 80' lang='lat' dir='ltr'>frequenter</span> <span class='ocrx_word' id='word_1_242' title='bbox 258 2847 439 2922; x_wconf 86' lang='lat' dir='ltr'>interrogare</span> <span class='ocrx_word' id='word_1_243' title='bbox 467 2855 495 2906; x_wconf 91' lang='lat' dir='ltr'>et</span> <span class='ocrx_word' id='word_1_244' title='bbox 519 2846 654 2905; x_wconf 83' lang='lat' dir='ltr'>iudicium</span> <span class='ocrx_word' id='word_1_245' title='bbox 681 2846 885 2924; x_wconf 89' lang='lat' dir='ltr'>discipulorum</span> <span class='ocrx_word' id='word_1_246' title='bbox 915 2846 1050 2921; x_wconf 86' lang='lat' dir='ltr'>experiri.</span> 
     </span>
     <span class='ocr_line' id='line_1_32' title="bbox 65 2929 1052 3009; baseline 0.001 -21"><span class='ocrx_word' id='word_1_247' title='bbox 65 2931 116 2988; x_wconf 88' lang='lat' dir='ltr'>Sic</span> <span class='ocrx_word' id='word_1_248' title='bbox 132 2929 310 2989; x_wconf 87' lang='lat' dir='ltr'>audientibus</span> <span class='ocrx_word' id='word_1_249' title='bbox 328 2931 467 2989; x_wconf 89' lang='lat' dir='ltr'>securitas</span> <span class='ocrx_word' id='word_1_250' title='bbox 485 2930 578 2990; x_wconf 89' lang='lat' dir='ltr'>aberit</span> <span class='ocrx_word' id='word_1_251' title='bbox 599 2948 671 3005; x_wconf 89' lang='lat' dir='ltr'>nec,</span> <span class='ocrx_word' id='word_1_252' title='bbox 695 2948 769 3009; x_wconf 89' lang='lat' dir='ltr'>quae</span> <span class='ocrx_word' id='word_1_253' title='bbox 785 2930 929 3003; x_wconf 84' lang='lat' dir='ltr'>dicentur,</span> <span class='ocrx_word' id='word_1_254' title='bbox 952 2947 1052 3007; x_wconf 89' lang='lat' dir='ltr'>super·</span> 
     </span>
     <span class='ocr_line' id='line_1_33' title="bbox 63 3011 1052 3092; baseline -0.001 -19"><span class='ocrx_word' id='word_1_255' title='bbox 63 3013 154 3073; x_wconf 85' lang='lat' dir='ltr'>duent</span> <span class='ocrx_word' id='word_1_256' title='bbox 171 3030 266 3088; x_wconf 85' lang='lat' dir='ltr'>aures,</span> <span class='ocrx_word' id='word_1_257' title='bbox 283 3013 424 3092; x_wconf 86' lang='lat' dir='ltr'>simulque</span> <span class='ocrx_word' id='word_1_258' title='bbox 436 3014 510 3073; x_wconf 87' lang='lat' dir='ltr'>adid</span> <span class='ocrx_word' id='word_1_259' title='bbox 526 3015 730 3091; x_wconf 81' lang='lat' dir='ltr'>perducentur,</span> <span class='ocrx_word' id='word_1_260' title='bbox 747 3013 824 3092; x_wconf 89' lang='lat' dir='ltr'>quod</span> <span class='ocrx_word' id='word_1_261' title='bbox 840 3032 877 3072; x_wconf 85' lang='lat' dir='ltr'>ex</span> <span class='ocrx_word' id='word_1_262' title='bbox 891 3011 947 3071; x_wconf 92' lang='lat' dir='ltr'>hoc</span> <span class='ocrx_word' id='word_1_263' title='bbox 965 3031 1052 3091; x_wconf 90' lang='lat' dir='ltr'>quae-</span> 
     </span>
     <span class='ocr_line' id='line_1_34' title="bbox 62 3096 1052 3176; baseline -0.004 -17"><span class='ocrx_word' id='word_1_264' title='bbox 62 3097 152 3171; x_wconf 80' lang='lat' dir='ltr'>uitur,</span> <span class='ocrx_word' id='word_1_265' title='bbox 168 3105 199 3156; x_wconf 91' lang='lat' dir='ltr'>ut</span> <span class='ocrx_word' id='word_1_266' title='bbox 213 3097 357 3157; x_wconf 79' lang='lat' dir='ltr'>inveniant</span> <span class='ocrx_word' id='word_1_267' title='bbox 371 3098 426 3175; x_wconf 90' lang='lat' dir='ltr'>ipsi</span> <span class='ocrx_word' id='word_1_268' title='bbox 441 3105 471 3155; x_wconf 92' lang='lat' dir='ltr'>et</span> <span class='ocrx_word' id='word_1_269' title='bbox 486 3097 655 3174; x_wconf 81' lang='lat' dir='ltr'>intelligant.</span> <span class='ocrx_word' id='word_1_270' title='bbox 681 3096 753 3156; x_wconf 92' lang='lat' dir='ltr'>Nam</span> <span class='ocrx_word' id='word_1_271' title='bbox 769 3097 836 3176; x_wconf 90' lang='lat' dir='ltr'>quid</span> <span class='ocrx_word' id='word_1_272' title='bbox 851 3097 927 3157; x_wconf 89' lang='lat' dir='ltr'>aliud</span> <span class='ocrx_word' id='word_1_273' title='bbox 942 3099 1052 3174; x_wconf 75' lang='lat' dir='ltr'>agimus</span> 
     </span>
     <span class='ocr_line' id='line_1_35' title="bbox 61 3177 897 3260; baseline -0.002 -20"><span class='ocrx_word' id='word_1_274' title='bbox 61 3179 198 3240; x_wconf 88' lang='lat' dir='ltr'>docendo</span> <span class='ocrx_word' id='word_1_275' title='bbox 217 3196 287 3256; x_wconf 76' lang='lat' dir='ltr'>eos,</span> <span class='ocrx_word' id='word_1_276' title='bbox 303 3198 387 3260; x_wconf 89' lang='lat' dir='ltr'>quum</span> <span class='ocrx_word' id='word_1_277' title='bbox 402 3199 438 3239; x_wconf 91' lang='lat' dir='ltr'>ne</span> <span class='ocrx_word' id='word_1_278' title='bbox 454 3180 576 3241; x_wconf 88' lang='lat' dir='ltr'>docendi</span> <span class='ocrx_word' id='word_1_279' title='bbox 592 3199 708 3259; x_wconf 86' lang='lat' dir='ltr'>semper</span> <span class='ocrx_word' id='word_1_280' title='bbox 724 3177 800 3239; x_wconf 78' lang='lat' dir='ltr'>sinti</span> <span class='ocrx_word' id='word_1_281' title='bbox 894 3214 897 3219; x_wconf 90' lang='lat'>·</span> 
     </span>
    </p>

    <p class='ocr_par' dir='ltr' id='par_1_5' title="bbox 148 3260 1095 3342">
     <span class='ocr_line' id='line_1_36' title="bbox 148 3260 1095 3342; baseline 0 -19"><span class='ocrx_word' id='word_1_282' title='bbox 148 3262 212 3323; x_wconf 85' lang='lat' dir='ltr'>lloc</span> <span class='ocrx_word' id='word_1_283' title='bbox 229 3265 393 3342; x_wconf 84' lang='lat' dir='ltr'>diligentiae</span> <span class='ocrx_word' id='word_1_284' title='bbox 408 3282 501 3341; x_wconf 76' lang='lat' dir='ltr'>genos</span> <span class='ocrx_word' id='word_1_285' title='bbox 517 3266 607 3325; x_wconf 88' lang='lat' dir='ltr'>ausim</span> <span class='ocrx_word' id='word_1_286' title='bbox 623 3265 722 3325; x_wconf 86' lang='lat' dir='ltr'>dicere</span> <span class='ocrx_word' id='word_1_287' title='bbox 738 3265 802 3342; x_wconf 91' lang='lat' dir='ltr'>plus</span> <span class='ocrx_word' id='word_1_288' title='bbox 826 3263 996 3340; x_wconf 78' lang='lat' dir='ltr'>collaturum</span> <span class='ocrx_word' id='word_1_289' title='bbox 1011 3265 1052 3324; x_wconf 91' lang='lat' dir='ltr'>di·</span> <span class='ocrx_word' id='word_1_290' title='bbox 1060 3260 1095 3314; x_wconf 75' lang='lat'>14</span> 
     </span>
    </p>
   </div>
   <div class='ocr_carea' id='block_1_3' title="bbox 60 3347 1052 3597">
    <p class='ocr_par' dir='ltr' id='par_1_6' title="bbox 60 3347 1052 3597">
     <span class='ocr_line' id='line_1_37' title="bbox 61 3347 1052 3427; baseline -0.002 -20"><span class='ocrx_word' id='word_1_291' title='bbox 61 3347 213 3407; x_wconf 88' lang='lat' dir='ltr'>scentibus</span> <span class='ocrx_word' id='word_1_292' title='bbox 229 3367 312 3426; x_wconf 89' lang='lat' dir='ltr'>quam</span> <span class='ocrx_word' id='word_1_293' title='bbox 329 3366 428 3407; x_wconf 92' lang='lat' dir='ltr'>omnes</span> <span class='ocrx_word' id='word_1_294' title='bbox 444 3349 567 3408; x_wconf 92' lang='lat' dir='ltr'>omnium</span> <span class='ocrx_word' id='word_1_295' title='bbox 583 3358 672 3423; x_wconf 80' lang='lat' dir='ltr'>artes,</span> <span class='ocrx_word' id='word_1_296' title='bbox 688 3367 762 3427; x_wconf 91' lang='lat' dir='ltr'>quae</span> <span class='ocrx_word' id='word_1_297' title='bbox 777 3350 873 3408; x_wconf 83' lang='lat' dir='ltr'>iurant</span> <span class='ocrx_word' id='word_1_298' title='bbox 887 3350 949 3409; x_wconf 88' lang='lat' dir='ltr'>sine</span> <span class='ocrx_word' id='word_1_299' title='bbox 965 3348 1052 3408; x_wconf 91' lang='lat' dir='ltr'>dubio</span> 
     </span>
     <span class='ocr_line' id='line_1_38' title="bbox 60 3430 1052 3511; baseline -0.003 -20"><span class='ocrx_word' id='word_1_300' title='bbox 60 3430 196 3499; x_wconf 91' lang='lat' dir='ltr'>multum;</span> <span class='ocrx_word' id='word_1_301' title='bbox 213 3432 265 3490; x_wconf 91' lang='lat' dir='ltr'>sed</span> <span class='ocrx_word' id='word_1_302' title='bbox 281 3433 383 3492; x_wconf 89' lang='lat' dir='ltr'>latiore</span> <span class='ocrx_word' id='word_1_303' title='bbox 400 3434 520 3511; x_wconf 88' lang='lat' dir='ltr'>quadam</span> <span class='ocrx_word' id='word_1_304' title='bbox 536 3433 794 3511; x_wconf 88' lang='lat' dir='ltr'>comprehensione</span> <span class='ocrx_word' id='word_1_305' title='bbox 809 3451 863 3511; x_wconf 89' lang='lat' dir='ltr'>per</span> <span class='ocrx_word' id='word_1_306' title='bbox 877 3449 976 3492; x_wconf 89' lang='lat' dir='ltr'>omnes</span> <span class='ocrx_word' id='word_1_307' title='bbox 991 3431 1052 3510; x_wconf 91' lang='lat' dir='ltr'>qui·</span> 
     </span>
     <span class='ocr_line' id='line_1_39' title="bbox 62 3514 1052 3597; baseline -0.003 -21"><span class='ocrx_word' id='word_1_308' title='bbox 62 3514 132 3576; x_wconf 88' lang='lat' dir='ltr'>deru</span> <span class='ocrx_word' id='word_1_309' title='bbox 152 3515 268 3595; x_wconf 86' lang='lat' dir='ltr'>species</span> <span class='ocrx_word' id='word_1_310' title='bbox 292 3534 395 3591; x_wconf 88' lang='lat' dir='ltr'>rerum</span> <span class='ocrx_word' id='word_1_311' title='bbox 410 3515 516 3577; x_wconf 86' lang='lat' dir='ltr'>cotidie</span> <span class='ocrx_word' id='word_1_312' title='bbox 538 3534 633 3597; x_wconf 89' lang='lat' dir='ltr'>paene</span> <span class='ocrx_word' id='word_1_313' title='bbox 653 3518 829 3578; x_wconf 86' lang='lat' dir='ltr'>nascentium</span> <span class='ocrx_word' id='word_1_314' title='bbox 851 3517 894 3575; x_wconf 90' lang='lat' dir='ltr'>ire</span> <span class='ocrx_word' id='word_1_315' title='bbox 914 3517 962 3594; x_wconf 93' lang='lat' dir='ltr'>qui</span> <span class='ocrx_word' id='word_1_316' title='bbox 984 3530 1052 3594; x_wconf 84' lang='lat' dir='ltr'>poa·</span> 
     </span>
    </p>
   </div>
   <div class='ocr_carea' id='block_1_4' title="bbox 0 0 1227 3925">
    <p class='ocr_par' dir='ltr' id='par_1_7' title="bbox 0 0 1227 3925">
     <span class='ocr_line' id='line_1_40' title="bbox 0 0 1227 3925; baseline 0 0"><span class='ocrx_word' id='word_1_317' title='bbox 0 0 1227 3925; x_wconf 95' lang='lat' dir='ltr'> </span> 
     </span>
    </p>
   </div>
  </div>
 </body>
</html>
