2434 3925
1075 126 1087 161 Ι

346 201 437 252 rusr.
450 199 600 252 caruca.
613 202 682 252 ma.
695 202 781 267 1x‚a.
1041 194 1083 260 99
1111 254 1115 267 ,

82 361 196 436 ltalia,
219 361 248 421 ei
267 361 364 421 omnia
384 378 438 421 res
452 358 580 438 publico
596 360 642 419 stc
657 361 819 438 loquatur:
838 359 878 420 ld.
899 359 992 439 tutti,
1009 365 1085 442 quid

83 447 177 525 apic?
204 443 279 506 lllud
293 443 428 502 audacius
441 460 550 520 genus:
574 439 662 515 Quae
675 452 782 521 tecum,
799 444 944 523 Catilina,
958 450 1013 509 cio
1020 451 1084 527 opit

84 538 114 593 et
132 529 352 607 quodammodo
365 529 461 588 tacita
475 528 628 604 loquitar:
650 525 772 588 Nullum
787 532 849 590 tom
865 532 980 608 aliquot
994 535 1084 593 onnia

81 615 209 694 focinus
223 613 321 672 matta
333 612 394 671 nisi
401 629 462 688 per
476 620 514 673 te.
542 608 700 669 Commode
716 613 800 670 etiam
815 623 863 672 aut
877 615 961 673 nobis
973 615 1126 692 aliquas33

86 707 151 757 ante
168 695 270 755 oculos
286 713 353 754 esse
368 713 480 770 rerum,
498 712 703 772 personarum,
721 712 825 755 vocum
846 699 984 774 imagines
1003 700 1084 775 fingi-

79 800 158 856 mus,
175 789 222 839 aut
238 779 340 839 eadem
356 779 529 838 adversariis
546 787 593 837 aut
615 778 756 838 iudicibus
779 798 835 839 non
852 781 985 840 accidere
1000 786 1084 842 mira·

83 883 162 924 mur:
178 864 273 941 qualia
291 872 355 922 sunt
377 862 503 923 Videtur
516 864 600 938 milti,
618 871 647 920 et
661 860 768 924 Nonae
781 867 904 926 videtur
918 867 992 926 tidi‘l
1025 868 1084 926 Sed

84 966 186 1024 magna
202 947 341 1025 quaedam
360 948 403 1005 vis
419 947 604 1024 eloquentiae
627 945 816 1008 desideratur.
856 948 941 1009 Falsa
962 952 1036 1011 enirn
1055 959 1084 1010 et

83 1031 263 1093 incredibilia
277 1041 377 1091 natura
395 1049 520 1090 necesse
536 1039 641 1089 estant
657 1033 747 1107 magis
761 1042 905 1108 moveant,
919 1035 984 1111 quia
996 1052 1084 1112 supra

82 1135 154 1176 vera
177 1124 254 1182 sunt;
284 1124 332 1174 aut
353 1131 406 1192 pro
426 1116 508 1173 ranis
527 1115 722 1191 accipiantur,
748 1118 814 1194 quia
836 1135 905 1176 vera
928 1135 985 1176 non
1008 1127 1082 1177 sunt.

79 1200 121 1261 Ut
137 1200 212 1259 dicta
228 1207 322 1258 autem
337 1198 476 1276 quaedam
492 1200 531 1258 ita
547 1200 655 1275 scripta
668 1216 784 1276 quoque
803 1200 870 1277 fingi
883 1201 990 1277 solent,
1006 1202 1127 1280 quotae

82 1286 153 1345 iacit
170 1284 286 1342 Asinius
301 1299 354 1361 pro
370 1282 518 1342 Liburnia:
539 1279 642 1343 Mater
662 1302 749 1358 meo,
772 1285 936 1362 quaemihi
950 1294 1011 1345 tum
1028 1306 1083 1347 co·

81 1370 207 1430 mesiam
230 1377 291 1428 tum
312 1368 491 1443 dolcissimo
509 1366 585 1444 suit,
618 1384 759 1445 quaeque
784 1370 858 1429 mibi
882 1371 1084 1447 dimittitque

82 1455 188 1516 eodem
200 1454 251 1514 die
262 1453 354 1512 citam
366 1453 451 1512 dedit
466 1459 495 1510 et
505 1451 632 1528 reliqua;
645 1451 748 1511 deinde
761 1453 889 1514 caderes
905 1462 976 1517 ecto.
1003 1453 1085 1513 Haec

83 1555 149 1597 cnm
166 1553 219 1614 per
239 1553 272 1594 se
287 1536 378 1611 ligura
398 1544 444 1594 est
458 1544 517 1593 tum
532 1535 711 1613 duplicatur,
733 1538 866 1613 quotiens
889 1539 963 1597 sicut
984 1539 1012 1597 in
1029 1539 1085 1597 hac

83 1638 171 1681 causa
191 1619 227 1680 ad
247 1620 431 1679 imitationem
452 1619 570 1677 alterius
596 1620 758 1696 scripturae
780 1624 970 1700 componitur.
1012 1621 1125 1687 Nemas

85 1713 185 1764 contra
213 1703 391 1763 recitabatur
411 1711 627 1762 testamentum:
655 1701 688 1763 P.
711 1701 869 1766 Novanius
891 1705 1006 1779 Gallio,
1034 1708 1084 1766 cni

83 1808 138 1867 epo
152 1790 253 1849 omnio
267 1789 457 1848 meritissimo
471 1788 538 1848 colo
555 1794 584 1847 ot
598 1787 693 1846 dedeo
714 1806 773 1864 pro
789 1790 855 1849 eitra
873 1791 968 1849 ontmt
987 1794 1019 1849 to
1037 1808 1084 1849 mc

81 1889 201 1934 aramma
221 1873 392 1947 voluntate,
425 1879 454 1929 et
482 1871 603 1931 adiectis
626 1869 765 1949 deinceps
790 1873 871 1947 aliis,
899 1874 989 1934 teres
1010 1882 1082 1934 erto.

80 1956 184 2035 Incipit
197 1976 263 2017 esse
279 1955 488 2034 quodammodo
499 1947 634 2039 παρῳδή,
651 1956 729 2033 qnod
739 1974 843 2017 nomen
859 1956 971 2017 ductum
988 1975 1083 2016 acan·

81 2044 147 2101 ticis
176 2041 211 2101 ad
240 2042 361 2100 aliorum
387 2040 596 2099 similitudinem
620 2040 772 2100 modulatis
796 2041 914 2100 abusive
945 2043 1030 2101 etiam
1055 2043 1083 2099 in

82 2125 305 2184 versificationis
321 2143 356 2184 ac
372 2141 535 2184 sermonum
557 2126 713 2184 imitatione
729 2135 871 2185 servatur.
901 2126 960 2185 Sed
976 2126 1125 2193 formas36

81 2226 198 2287 quoque
215 2209 346 2285 fingimus
361 2227 468 2287 saepe,
488 2218 518 2267 ut
537 2207 652 2267 Famam
666 2208 831 2285 Vergilius,
852 2219 883 2268 ut
897 2209 1083 2287 Voluptatem

80 2311 117 2353 ac
131 2293 272 2352 Virtutem
287 2292 539 2371 (quemadmodum
551 2311 567 2352 a
577 2292 771 2370 Xenophonte
784 2295 918 2372 traditur)
931 2293 1082 2369 Prodicus,

80 2386 112 2436 nt
128 2376 249 2436 Mortem
265 2395 299 2435 ac
315 2377 427 2452 Vitam,
451 2395 521 2455 quas
538 2376 747 2437 contendentes
763 2380 791 2436 in
807 2378 909 2438 Satura
925 2378 1011 2436 tradit
1025 2376 1082 2436 En·

80 2463 154 2519 nius.
187 2460 240 2519 Est
256 2470 285 2519 et
300 2461 427 2520 incertae
446 2478 590 2540 personae
607 2461 673 2520 ficta
691 2464 799 2521 oratio:
824 2461 884 2522 llic
897 2463 1020 2540 aliquis,
1040 2472 1079 2535 et,
1089 2472 1125 2530 37

80 2543 175 2605 Dicat
191 2545 313 2622 aliquis.
345 2544 398 2604 Est
419 2556 447 2605 et
462 2548 553 2605 iactus
569 2547 631 2604 sine
649 2562 774 2622 persona
794 2563 908 2605 sermo·

135 2627 194 2691 llic
207 2627 356 2707 Dolopum
368 2648 491 2705 manaa,
513 2630 563 2691 bic
583 2648 697 2690 saevus
714 2632 857 2692 tendebat
870 2627 1011 2691 Achillea.

83 2711 167 2786 Quod
189 2713 220 2771 dt
239 2715 361 2773 mixtura
376 2713 544 2790 figurarum,
561 2732 626 2773 cum
642 2716 865 2797 upooonrorrortp
886 2714 999 2773 accedit
1018 2712 1080 2786 illa,

81 2814 156 2875 quae
184 2806 230 2856 est
255 2797 391 2857 orationis
417 2815 472 2875 per
491 2797 713 2866 detractionem
739 2798 896 2858 detractum
924 2805 968 2855 est
996 2797 1080 2870 enim,
1107 2823 1109 2826 ·

81 2882 146 2959 quis
162 2880 283 2940 diceret.
313 2881 444 2940 Vertitur
458 2883 569 2939 interim
583 2884 806 2962 προσωποποιΐα
827 2882 999 2958 inspeciem
1016 2896 1080 2937 nar-

79 2963 171 3023 randi.
203 2964 285 3024 Unde
305 2966 381 3043 apud
395 2965 550 3025 historicos
568 2967 750 3043 reperiuntur
772 2965 907 3041 obliquae
929 2963 1083 3022 allocutio·

79 3066 151 3108 nes:
167 3056 199 3107 ut
214 3051 242 3107 in
257 3048 289 3107 Τ.
305 3048 376 3108 Livii
392 3051 484 3127 primo
503 3050 596 3108 statim
621 3048 719 3112 Urbes
736 3065 855 3127 qaoque
873 3055 906 3108 ut
923 3054 1027 3109 cetero
1043 3064 1084 3109 eor

79 3132 182 3210 infimo
195 3136 303 3203 nasci,·
324 3135 452 3209 dando,
474 3150 553 3210 quos
568 3152 627 3194 rao
640 3136 738 3194 virtus
758 3132 992 3210 aedilitatem,
1014 3150 1082 3192 ma·

77 3233 160 3297 qnae
177 3236 250 3296 opes
264 3218 323 3278 sibi
336 3235 539 3297 mopnumque
553 3236 661 3279 nomen
674 3217 792 3296 facere.

167 3300 338 3360 Aversus
368 3318 485 3380 quoque
519 3318 535 3360 a
563 3300 688 3360 iudice
718 3316 861 3374 sermo,
900 3300 948 3377 qui
980 3299 1125 3363 diciturass

80 3375 271 3464 incoronari,
293 3386 363 3444 mire
381 3394 494 3461 movet,
518 3386 580 3444 sive
603 3384 787 3444 adversarios
804 3384 975 3443 invadimus:
1000 3380 1083 3455 Quid

81 3465 161 3532 adm
174 3477 245 3531 tuus
257 3469 327 3545 tlte,
353 3468 488 3546 Tubero,
510 3470 543 3530 in
557 3470 626 3531 acic
641 3466 845 3534 Pharsalico?
867 3469 929 3608 qiqe
949 3466 984 3526 ad
1001 3467 1082 3524 inro-
