<?xml version="1.0" encoding="UTF-8"?>
<!DOCTYPE html PUBLIC "-//W3C//DTD XHTML 1.0 Transitional//EN"
    "http://www.w3.org/TR/xhtml1/DTD/xhtml1-transitional.dtd">
<html xmlns="http://www.w3.org/1999/xhtml" xml:lang="en" lang="en">
 <head>
  <title>
</title>
<meta http-equiv="Content-Type" content="text/html;charset=utf-8" />
  <meta name='ocr-system' content='tesseract 3.04.00' />
  <meta name='ocr-capabilities' content='ocr_page ocr_carea ocr_par ocr_line ocrx_word'/>
</head>
<body>
  <div class='ocr_page' id='page_1' title='image "./mfabiiquintilia08bonngoog_0069.png"; bbox 0 0 2434 3925; ppageno 0'>
   <div class='ocr_carea' id='block_1_1' title="bbox 240 194 1050 275">
    <p class='ocr_par' dir='ltr' id='par_1_1' title="bbox 240 194 1050 275">
     <span class='ocr_line' id='line_1_1' title="bbox 240 194 1050 275; baseline 0 -19"><span class='ocrx_word' id='word_1_1' title='bbox 240 266 241 270; x_wconf 8' lang='grc' dir='ltr'><strong>Ἰ</strong></span> <span class='ocrx_word' id='word_1_2' title='bbox 353 205 765 275; x_wconf 77' lang='lat' dir='ltr'>msn.ouuuonurn.1,n</span> <span class='ocrx_word' id='word_1_3' title='bbox 1011 194 1050 257; x_wconf 82' lang='lat'>35</span> 
     </span>
    </p>
   </div>
   <div class='ocr_carea' id='block_1_2' title="bbox 8 361 1128 3463">
    <p class='ocr_par' dir='ltr' id='par_1_2' title="bbox 8 361 1128 3463">
     <span class='ocr_line' id='line_1_2' title="bbox 57 361 1092 441; baseline 0.005 -18"><span class='ocrx_word' id='word_1_4' title='bbox 57 362 206 424; x_wconf 79' lang='lat' dir='ltr'>cuiusdam</span> <span class='ocrx_word' id='word_1_5' title='bbox 223 371 317 422; x_wconf 87' lang='lat' dir='ltr'>estet</span> <span class='ocrx_word' id='word_1_6' title='bbox 334 362 458 423; x_wconf 83' lang='lat' dir='ltr'>frivolae</span> <span class='ocrx_word' id='word_1_7' title='bbox 478 365 507 423; x_wconf 91' lang='lat' dir='ltr'>in</span> <span class='ocrx_word' id='word_1_8' title='bbox 526 363 623 441; x_wconf 82' lang='lat' dir='ltr'>parvis</span> <span class='ocrx_word' id='word_1_9' title='bbox 644 365 806 423; x_wconf 84' lang='lat' dir='ltr'>iactantiae.</span> <span class='ocrx_word' id='word_1_10' title='bbox 842 361 960 424; x_wconf 79' lang='lat' dir='ltr'>blultum</span> <span class='ocrx_word' id='word_1_11' title='bbox 978 366 1092 428; x_wconf 81' lang='lat' dir='ltr'>enim21</span> 
     </span>
     <span class='ocr_line' id='line_1_3' title="bbox 55 446 1051 525; baseline 0.001 -18"><span class='ocrx_word' id='word_1_12' title='bbox 55 446 218 521; x_wconf 87' lang='lat' dir='ltr'>litteratus,</span> <span class='ocrx_word' id='word_1_13' title='bbox 242 446 370 525; x_wconf 86' lang='lat' dir='ltr'>quisine</span> <span class='ocrx_word' id='word_1_14' title='bbox 391 448 569 525; x_wconf 79' lang='lat' dir='ltr'><strong>aspiratione</strong></span> <span class='ocrx_word' id='word_1_15' title='bbox 588 456 618 506; x_wconf 90' lang='lat' dir='ltr'>et</span> <span class='ocrx_word' id='word_1_16' title='bbox 634 447 773 525; x_wconf 85' lang='lat' dir='ltr'>producta</span> <span class='ocrx_word' id='word_1_17' title='bbox 790 448 916 508; x_wconf 88' lang='lat' dir='ltr'>secunda</span> <span class='ocrx_word' id='word_1_18' title='bbox 938 447 1051 524; x_wconf 70' lang='lat' dir='ltr'>syllaba</span> 
     </span>
     <span class='ocr_line' id='line_1_4' title="bbox 55 530 1051 610; baseline 0.002 -20"><span class='ocrx_word' id='word_1_19' title='bbox 55 530 188 590; x_wconf 81' lang='lat' dir='ltr'>salutarit</span> <span class='ocrx_word' id='word_1_20' title='bbox 205 531 315 608; x_wconf 83' lang='lat' dir='ltr'>(onere</span> <span class='ocrx_word' id='word_1_21' title='bbox 329 538 374 590; x_wconf 92' lang='lat' dir='ltr'>est</span> <span class='ocrx_word' id='word_1_22' title='bbox 387 532 476 610; x_wconf 89' lang='lat' dir='ltr'>enim)</span> <span class='ocrx_word' id='word_1_23' title='bbox 489 538 519 590; x_wconf 89' lang='lat' dir='ltr'>et</span> <span class='ocrx_word' id='word_1_24' title='bbox 534 532 709 610; x_wconf 78' lang='lat' dir='ltr'><strong><em>calefacere</em></strong></span> <span class='ocrx_word' id='word_1_25' title='bbox 723 532 826 591; x_wconf 76' lang='lat' dir='ltr'>dixerit</span> <span class='ocrx_word' id='word_1_26' title='bbox 840 534 952 610; x_wconf 85' lang='lat' dir='ltr'>potius,</span> <span class='ocrx_word' id='word_1_27' title='bbox 968 551 1051 610; x_wconf 87' lang='lat' dir='ltr'>qnam</span> 
     </span>
     <span class='ocr_line' id='line_1_5' title="bbox 57 614 1051 694; baseline 0.004 -21"><span class='ocrx_word' id='word_1_28' title='bbox 57 614 138 692; x_wconf 89' lang='lat' dir='ltr'>qnod</span> <span class='ocrx_word' id='word_1_29' title='bbox 159 615 295 689; x_wconf 80' lang='lat' dir='ltr'>dicimus,</span> <span class='ocrx_word' id='word_1_30' title='bbox 320 622 349 673; x_wconf 96' lang='lat' dir='ltr'>et</span> <span class='ocrx_word' id='word_1_31' title='bbox 370 616 618 676; x_wconf 70' lang='lat' dir='ltr'>conservacione.-</span> <span class='ocrx_word' id='word_1_32' title='bbox 640 614 684 673; x_wconf 91' lang='lat' dir='ltr'>his</span> <span class='ocrx_word' id='word_1_33' title='bbox 707 615 820 674; x_wconf 88' lang='lat' dir='ltr'>adiiciat</span> <span class='ocrx_word' id='word_1_34' title='bbox 838 617 911 694; x_wconf 76' lang='lat' dir='ltr'>foce</span> <span class='ocrx_word' id='word_1_35' title='bbox 932 624 961 675; x_wconf 88' lang='lat' dir='ltr'>et</span> <span class='ocrx_word' id='word_1_36' title='bbox 981 619 1051 677; x_wconf 82' lang='lat' dir='ltr'>dieo</span> 
     </span>
     <span class='ocr_line' id='line_1_6' title="bbox 8 696 1092 776; baseline 0.004 -19"><span class='ocrx_word' id='word_1_37' title='bbox 8 713 9 732; x_wconf 50' lang='grc' dir='ltr'><strong>ι</strong></span> <span class='ocrx_word' id='word_1_38' title='bbox 56 707 84 758; x_wconf 91' lang='lat' dir='ltr'>et</span> <span class='ocrx_word' id='word_1_39' title='bbox 104 698 218 757; x_wconf 83' lang='lat' dir='ltr'>similia.</span> <span class='ocrx_word' id='word_1_40' title='bbox 255 696 347 757; x_wconf 87' lang='lat' dir='ltr'>Recta</span> <span class='ocrx_word' id='word_1_41' title='bbox 369 706 414 757; x_wconf 89' lang='lat' dir='ltr'>est</span> <span class='ocrx_word' id='word_1_42' title='bbox 434 697 507 758; x_wconf 89' lang='lat' dir='ltr'>baec</span> <span class='ocrx_word' id='word_1_43' title='bbox 525 701 587 774; x_wconf 91' lang='lat' dir='ltr'>via,</span> <span class='ocrx_word' id='word_1_44' title='bbox 610 700 673 776; x_wconf 86' lang='lat' dir='ltr'>quis</span> <span class='ocrx_word' id='word_1_45' title='bbox 695 696 803 775; x_wconf 76' lang='lat' dir='ltr'>negati</span> <span class='ocrx_word' id='word_1_46' title='bbox 825 700 877 760; x_wconf 92' lang='lat' dir='ltr'>sed</span> <span class='ocrx_word' id='word_1_47' title='bbox 893 700 1005 760; x_wconf 84' lang='lat' dir='ltr'>adiacet</span> <span class='ocrx_word' id='word_1_48' title='bbox 1023 709 1092 762; x_wconf 72' lang='lat' dir='ltr'>ettb</span> 
     </span>
     <span class='ocr_line' id='line_1_7' title="bbox 8 782 1049 864; baseline 0.001 -22"><span class='ocrx_word' id='word_1_49' title='bbox 8 849 9 864; x_wconf 40' lang='lat'>,</span> <span class='ocrx_word' id='word_1_50' title='bbox 54 782 174 842; x_wconf 88' lang='lat' dir='ltr'>mollior</span> <span class='ocrx_word' id='word_1_51' title='bbox 195 790 224 840; x_wconf 92' lang='lat' dir='ltr'>et</span> <span class='ocrx_word' id='word_1_52' title='bbox 245 783 336 857; x_wconf 85' lang='lat' dir='ltr'>magis</span> <span class='ocrx_word' id='word_1_53' title='bbox 358 784 433 841; x_wconf 88' lang='lat' dir='ltr'>trita.</span> <span class='ocrx_word' id='word_1_54' title='bbox 475 782 540 859; x_wconf 85' lang='lat' dir='ltr'>Ego</span> <span class='ocrx_word' id='word_1_55' title='bbox 563 792 657 841; x_wconf 92' lang='lat' dir='ltr'>tamen</span> <span class='ocrx_word' id='word_1_56' title='bbox 678 799 736 841; x_wconf 94' lang='lat' dir='ltr'>non</span> <span class='ocrx_word' id='word_1_57' title='bbox 757 783 813 842; x_wconf 86' lang='lat' dir='ltr'>alio</span> <span class='ocrx_word' id='word_1_58' title='bbox 834 786 925 859; x_wconf 85' lang='lat' dir='ltr'>magis</span> <span class='ocrx_word' id='word_1_59' title='bbox 946 801 1049 861; x_wconf 87' lang='lat' dir='ltr'>angor,</span> 
     </span>
     <span class='ocr_line' id='line_1_8' title="bbox 8 857 1120 946; baseline 0.003 -21"><span class='ocrx_word' id='word_1_60' title='bbox 8 877 9 880; x_wconf 75' lang='grc'>’</span> <span class='ocrx_word' id='word_1_61' title='bbox 56 884 142 944; x_wconf 81' lang='lat' dir='ltr'>quam</span> <span class='ocrx_word' id='word_1_62' title='bbox 168 864 245 943; x_wconf 87' lang='lat' dir='ltr'>quod</span> <span class='ocrx_word' id='word_1_63' title='bbox 268 865 392 943; x_wconf 86' lang='lat' dir='ltr'>obliquis</span> <span class='ocrx_word' id='word_1_64' title='bbox 421 865 536 936; x_wconf 85' lang='lat' dir='ltr'>casibus</span> <span class='ocrx_word' id='word_1_65' title='bbox 563 866 641 926; x_wconf 89' lang='lat' dir='ltr'>ducti</span> <span class='ocrx_word' id='word_1_66' title='bbox 664 868 748 932; x_wconf 87' lang='lat' dir='ltr'>etiam</span> <span class='ocrx_word' id='word_1_67' title='bbox 769 868 874 944; x_wconf 90' lang='lat' dir='ltr'>primas</span> <span class='ocrx_word' id='word_1_68' title='bbox 895 866 950 926; x_wconf 91' lang='lat' dir='ltr'>sibi</span> <span class='ocrx_word' id='word_1_69' title='bbox 972 870 1049 946; x_wconf 91' lang='lat' dir='ltr'>posi·</span> <span class='ocrx_word' id='word_1_70' title='bbox 1116 857 1120 870; x_wconf 70' lang='grc'>’</span> 
     </span>
     <span class='ocr_line' id='line_1_9' title="bbox 8 950 1051 1028; baseline 0.003 -19"><span class='ocrx_word' id='word_1_71' title='bbox 8 1009 9 1022; x_wconf 19' lang='grc'><strong>1</strong></span> <span class='ocrx_word' id='word_1_72' title='bbox 55 952 152 1009; x_wconf 90' lang='lat' dir='ltr'>tiones</span> <span class='ocrx_word' id='word_1_73' title='bbox 167 967 224 1009; x_wconf 92' lang='lat' dir='ltr'>non</span> <span class='ocrx_word' id='word_1_74' title='bbox 245 950 373 1008; x_wconf 89' lang='lat' dir='ltr'>invenire</span> <span class='ocrx_word' id='word_1_75' title='bbox 394 950 448 1009; x_wconf 92' lang='lat' dir='ltr'>sed</span> <span class='ocrx_word' id='word_1_76' title='bbox 464 958 573 1010; x_wconf 89' lang='lat' dir='ltr'>mutare</span> <span class='ocrx_word' id='word_1_77' title='bbox 593 952 773 1028; x_wconf 88' lang='lat' dir='ltr'>permittunt:</span> <span class='ocrx_word' id='word_1_78' title='bbox 795 958 826 1008; x_wconf 91' lang='lat' dir='ltr'>ut</span> <span class='ocrx_word' id='word_1_79' title='bbox 841 968 904 1009; x_wconf 89' lang='lat' dir='ltr'>oum</span> <span class='ocrx_word' id='word_1_80' title='bbox 925 952 1001 1012; x_wconf 80' lang='lat' dir='ltr'>ebur</span> <span class='ocrx_word' id='word_1_81' title='bbox 1021 961 1051 1012; x_wconf 89' lang='lat' dir='ltr'>et</span> 
     </span>
     <span class='ocr_line' id='line_1_10' title="bbox 8 1034 1050 1110; baseline 0 -15"><span class='ocrx_word' id='word_1_82' title='bbox 8 1039 9 1104; x_wconf 71' lang='lat' dir='ltr'>t</span> <span class='ocrx_word' id='word_1_83' title='bbox 55 1035 170 1107; x_wconf 80' lang='lat' dir='ltr'>robur,</span> <span class='ocrx_word' id='word_1_84' title='bbox 192 1035 230 1092; x_wconf 89' lang='lat' dir='ltr'>ita</span> <span class='ocrx_word' id='word_1_85' title='bbox 245 1034 321 1093; x_wconf 90' lang='lat' dir='ltr'>dicta</span> <span class='ocrx_word' id='word_1_86' title='bbox 335 1051 370 1092; x_wconf 88' lang='lat' dir='ltr'>ac</span> <span class='ocrx_word' id='word_1_87' title='bbox 389 1035 497 1110; x_wconf 84' lang='lat' dir='ltr'>scripta</span> <span class='ocrx_word' id='word_1_88' title='bbox 513 1036 627 1093; x_wconf 92' lang='lat' dir='ltr'>summis</span> <span class='ocrx_word' id='word_1_89' title='bbox 644 1034 826 1108; x_wconf 90' lang='lat' dir='ltr'>auctoribus,</span> <span class='ocrx_word' id='word_1_90' title='bbox 849 1036 909 1097; x_wconf 90' lang='lat' dir='ltr'>ino</span> <span class='ocrx_word' id='word_1_91' title='bbox 927 1035 1050 1095; x_wconf 77' lang='lat' dir='ltr'>litteram</span> 
     </span>
     <span class='ocr_line' id='line_1_11' title="bbox 8 1109 1048 1197; baseline 0.004 -19"><span class='ocrx_word' id='word_1_92' title='bbox 8 1109 9 1178; x_wconf 59' lang='lat' dir='ltr'>l</span> <span class='ocrx_word' id='word_1_93' title='bbox 56 1117 204 1177; x_wconf 88' lang='lat' dir='ltr'>secundae</span> <span class='ocrx_word' id='word_1_94' title='bbox 226 1116 356 1191; x_wconf 77' lang='lat' dir='ltr'>syllabae</span> <span class='ocrx_word' id='word_1_95' title='bbox 378 1116 568 1192; x_wconf 84' lang='lat' dir='ltr'>transferunt,</span> <span class='ocrx_word' id='word_1_96' title='bbox 596 1118 661 1196; x_wconf 85' lang='lat' dir='ltr'>quia</span> <span class='ocrx_word' id='word_1_97' title='bbox 683 1120 720 1176; x_wconf 90' lang='lat' dir='ltr'>sit</span> <span class='ocrx_word' id='word_1_98' title='bbox 746 1119 866 1179; x_wconf 78' lang='lat' dir='ltr'>roboris</span> <span class='ocrx_word' id='word_1_99' title='bbox 886 1127 915 1179; x_wconf 93' lang='lat' dir='ltr'>et</span> <span class='ocrx_word' id='word_1_100' title='bbox 938 1121 1048 1197; x_wconf 75' lang='lat' dir='ltr'>eboris,</span> 
     </span>
     <span class='ocr_line' id='line_1_12' title="bbox 55 1200 1049 1281; baseline -0.001 -18"><span class='ocrx_word' id='word_1_101' title='bbox 55 1202 160 1281; x_wconf 73' lang='lat' dir='ltr'>sulfur</span> <span class='ocrx_word' id='word_1_102' title='bbox 180 1209 275 1260; x_wconf 81' lang='lat' dir='ltr'>autem</span> <span class='ocrx_word' id='word_1_103' title='bbox 293 1209 321 1260; x_wconf 90' lang='lat' dir='ltr'>et</span> <span class='ocrx_word' id='word_1_104' title='bbox 334 1209 439 1279; x_wconf 73' lang='lat' dir='ltr'>guttur</span> <span class='ocrx_word' id='word_1_105' title='bbox 453 1221 474 1262; x_wconf 89' lang='grc' dir='ltr'>ιι</span> <span class='ocrx_word' id='word_1_106' title='bbox 489 1200 612 1260; x_wconf 76' lang='lat' dir='ltr'>litteram</span> <span class='ocrx_word' id='word_1_107' title='bbox 626 1202 655 1260; x_wconf 94' lang='lat' dir='ltr'>in</span> <span class='ocrx_word' id='word_1_108' title='bbox 669 1204 796 1277; x_wconf 84' lang='lat' dir='ltr'>genitivo</span> <span class='ocrx_word' id='word_1_109' title='bbox 814 1211 946 1272; x_wconf 88' lang='lat' dir='ltr'>servent;</span> <span class='ocrx_word' id='word_1_110' title='bbox 969 1205 1049 1264; x_wconf 88' lang='lat' dir='ltr'>ideo-</span> 
     </span>
     <span class='ocr_line' id='line_1_13' title="bbox 56 1284 1091 1363; baseline 0.002 -18"><span class='ocrx_word' id='word_1_111' title='bbox 56 1304 115 1363; x_wconf 86' lang='lat' dir='ltr'>que</span> <span class='ocrx_word' id='word_1_112' title='bbox 134 1287 223 1347; x_wconf 81' lang='lat' dir='ltr'>iecur</span> <span class='ocrx_word' id='word_1_113' title='bbox 245 1287 329 1343; x_wconf 87' lang='lat' dir='ltr'>etiam</span> <span class='ocrx_word' id='word_1_114' title='bbox 353 1293 382 1345; x_wconf 89' lang='lat' dir='ltr'>et</span> <span class='ocrx_word' id='word_1_115' title='bbox 401 1284 504 1363; x_wconf 78' lang='lat' dir='ltr'>semor</span> <span class='ocrx_word' id='word_1_116' title='bbox 527 1287 752 1345; x_wconf 86' lang='lat' dir='ltr'>controversiam</span> <span class='ocrx_word' id='word_1_117' title='bbox 781 1287 920 1346; x_wconf 86' lang='lat' dir='ltr'>iecerunt.</span> <span class='ocrx_word' id='word_1_118' title='bbox 965 1287 1091 1361; x_wconf 75' lang='lat' dir='ltr'>Quod23</span> 
     </span>
     <span class='ocr_line' id='line_1_14' title="bbox 55 1368 1048 1449; baseline 0.003 -21"><span class='ocrx_word' id='word_1_119' title='bbox 55 1387 114 1429; x_wconf 94' lang='lat' dir='ltr'>non</span> <span class='ocrx_word' id='word_1_120' title='bbox 133 1371 225 1429; x_wconf 92' lang='lat' dir='ltr'>minus</span> <span class='ocrx_word' id='word_1_121' title='bbox 246 1377 291 1427; x_wconf 89' lang='lat' dir='ltr'>est</span> <span class='ocrx_word' id='word_1_122' title='bbox 306 1368 502 1445; x_wconf 88' lang='lat' dir='ltr'>licentiosum,</span> <span class='ocrx_word' id='word_1_123' title='bbox 526 1386 609 1447; x_wconf 88' lang='lat' dir='ltr'>quarn</span> <span class='ocrx_word' id='word_1_124' title='bbox 625 1371 650 1427; x_wconf 90' lang='lat' dir='ltr'>si</span> <span class='ocrx_word' id='word_1_125' title='bbox 664 1371 775 1448; x_wconf 78' lang='lat' dir='ltr'>enisuri</span> <span class='ocrx_word' id='word_1_126' title='bbox 790 1379 819 1430; x_wconf 89' lang='lat' dir='ltr'>et</span> <span class='ocrx_word' id='word_1_127' title='bbox 831 1373 947 1449; x_wconf 77' lang='lat' dir='ltr'>gutturi</span> <span class='ocrx_word' id='word_1_128' title='bbox 962 1371 1048 1431; x_wconf 92' lang='lat' dir='ltr'>subii·</span> 
     </span>
     <span class='ocr_line' id='line_1_15' title="bbox 57 1452 1049 1532; baseline 0 -18"><span class='ocrx_word' id='word_1_129' title='bbox 57 1463 157 1514; x_wconf 83' lang='lat' dir='ltr'>nerent</span> <span class='ocrx_word' id='word_1_130' title='bbox 179 1455 208 1513; x_wconf 92' lang='lat' dir='ltr'>in</span> <span class='ocrx_word' id='word_1_131' title='bbox 229 1454 357 1530; x_wconf 85' lang='lat' dir='ltr'>genitivo</span> <span class='ocrx_word' id='word_1_132' title='bbox 377 1453 500 1512; x_wconf 88' lang='lat' dir='ltr'>litteram</span> <span class='ocrx_word' id='word_1_133' title='bbox 521 1472 538 1514; x_wconf 92' lang='lat' dir='ltr'>o</span> <span class='ocrx_word' id='word_1_134' title='bbox 559 1452 696 1529; x_wconf 88' lang='lat' dir='ltr'>mediam,</span> <span class='ocrx_word' id='word_1_135' title='bbox 720 1455 785 1532; x_wconf 88' lang='lat' dir='ltr'>quia</span> <span class='ocrx_word' id='word_1_136' title='bbox 807 1464 886 1514; x_wconf 90' lang='lat' dir='ltr'>esset</span> <span class='ocrx_word' id='word_1_137' title='bbox 900 1456 1000 1517; x_wconf 70' lang='lat' dir='ltr'>ebovio</span> <span class='ocrx_word' id='word_1_138' title='bbox 1020 1463 1049 1514; x_wconf 92' lang='lat' dir='ltr'>et</span> 
     </span>
     <span class='ocr_line' id='line_1_16' title="bbox 48 1534 1050 1615; baseline 0.001 -18"><span class='ocrx_word' id='word_1_139' title='bbox 48 1539 196 1611; x_wconf 48' lang='lat' dir='ltr'>,roboris3</span> <span class='ocrx_word' id='word_1_140' title='bbox 219 1539 293 1597; x_wconf 89' lang='lat' dir='ltr'>siout</span> <span class='ocrx_word' id='word_1_141' title='bbox 315 1536 455 1597; x_wconf 81' lang='lat' dir='ltr'>Antonius</span> <span class='ocrx_word' id='word_1_142' title='bbox 473 1534 601 1615; x_wconf 80' lang='lat' dir='ltr'>Gnipho,</span> <span class='ocrx_word' id='word_1_143' title='bbox 625 1539 672 1615; x_wconf 88' lang='lat' dir='ltr'>qui</span> <span class='ocrx_word' id='word_1_144' title='bbox 687 1538 782 1598; x_wconf 79' lang='lat' dir='ltr'>robor</span> <span class='ocrx_word' id='word_1_145' title='bbox 803 1539 916 1615; x_wconf 88' lang='lat' dir='ltr'>quidem</span> <span class='ocrx_word' id='word_1_146' title='bbox 930 1547 960 1597; x_wconf 89' lang='lat' dir='ltr'>et</span> <span class='ocrx_word' id='word_1_147' title='bbox 973 1541 1050 1601; x_wconf 84' lang='lat' dir='ltr'>ebur</span> 
     </span>
     <span class='ocr_line' id='line_1_17' title="bbox 56 1621 1048 1700; baseline 0 -19"><span class='ocrx_word' id='word_1_148' title='bbox 56 1631 143 1700; x_wconf 86' lang='lat' dir='ltr'>atque</span> <span class='ocrx_word' id='word_1_149' title='bbox 166 1623 252 1681; x_wconf 91' lang='lat' dir='ltr'>etiam</span> <span class='ocrx_word' id='word_1_150' title='bbox 271 1640 410 1682; x_wconf 84' lang='lat' dir='ltr'>marmur</span> <span class='ocrx_word' id='word_1_151' title='bbox 430 1621 535 1681; x_wconf 88' lang='lat' dir='ltr'>latetur</span> <span class='ocrx_word' id='word_1_152' title='bbox 555 1638 639 1695; x_wconf 92' lang='lat' dir='ltr'>esse,</span> <span class='ocrx_word' id='word_1_153' title='bbox 661 1639 760 1680; x_wconf 87' lang='lat' dir='ltr'>verum</span> <span class='ocrx_word' id='word_1_154' title='bbox 781 1621 844 1681; x_wconf 88' lang='lat' dir='ltr'>lieri</span> <span class='ocrx_word' id='word_1_155' title='bbox 864 1622 925 1680; x_wconf 84' lang='lat' dir='ltr'>vult</span> <span class='ocrx_word' id='word_1_156' title='bbox 945 1641 983 1682; x_wconf 87' lang='lat' dir='ltr'>ex</span> <span class='ocrx_word' id='word_1_157' title='bbox 1004 1624 1048 1682; x_wconf 89' lang='lat' dir='ltr'>his</span> 
     </span>
     <span class='ocr_line' id='line_1_18' title="bbox 57 1703 1091 1781; baseline 0.003 -16"><span class='ocrx_word' id='word_1_158' title='bbox 57 1708 192 1781; x_wconf 81' lang='lat' dir='ltr'>rodurn,</span> <span class='ocrx_word' id='word_1_159' title='bbox 219 1706 333 1781; x_wconf 81' lang='lat' dir='ltr'>ebora,</span> <span class='ocrx_word' id='word_1_160' title='bbox 355 1724 525 1767; x_wconf 82' lang='lat' dir='ltr'>murmura.</span> <span class='ocrx_word' id='word_1_161' title='bbox 562 1703 674 1777; x_wconf 80' lang='lat' dir='ltr'>Quodsi</span> <span class='ocrx_word' id='word_1_162' title='bbox 694 1706 952 1765; x_wconf 87' lang='lat' dir='ltr'>animadverterent</span> <span class='ocrx_word' id='word_1_163' title='bbox 973 1707 1091 1768; x_wconf 77' lang='lat' dir='ltr'>litte-st</span> 
     </span>
     <span class='ocr_line' id='line_1_19' title="bbox 55 1787 1048 1866; baseline 0.002 -17"><span class='ocrx_word' id='word_1_164' title='bbox 55 1808 150 1849; x_wconf 88' lang='lat' dir='ltr'>rarum</span> <span class='ocrx_word' id='word_1_165' title='bbox 173 1789 353 1863; x_wconf 81' lang='lat' dir='ltr'>affinitatem,</span> <span class='ocrx_word' id='word_1_166' title='bbox 376 1791 483 1848; x_wconf 89' lang='lat' dir='ltr'>scirent</span> <span class='ocrx_word' id='word_1_167' title='bbox 504 1789 547 1848; x_wconf 90' lang='lat' dir='ltr'>sic</span> <span class='ocrx_word' id='word_1_168' title='bbox 570 1787 605 1847; x_wconf 91' lang='lat' dir='ltr'>ab</span> <span class='ocrx_word' id='word_1_169' title='bbox 628 1804 682 1863; x_wconf 89' lang='lat' dir='ltr'>eo,</span> <span class='ocrx_word' id='word_1_170' title='bbox 706 1789 782 1866; x_wconf 88' lang='lat' dir='ltr'>quod</span> <span class='ocrx_word' id='word_1_171' title='bbox 804 1798 849 1848; x_wconf 87' lang='lat' dir='ltr'>est</span> <span class='ocrx_word' id='word_1_172' title='bbox 869 1791 974 1858; x_wconf 81' lang='lat' dir='ltr'>robur,</span> <span class='ocrx_word' id='word_1_173' title='bbox 996 1809 1048 1851; x_wconf 87' lang='lat' dir='ltr'>ro-</span> 
     </span>
     <span class='ocr_line' id='line_1_20' title="bbox 55 1871 1048 1952; baseline -0.001 -17"><span class='ocrx_word' id='word_1_174' title='bbox 55 1875 139 1935; x_wconf 78' lang='lat' dir='ltr'>boris</span> <span class='ocrx_word' id='word_1_175' title='bbox 159 1874 238 1948; x_wconf 87' lang='lat' dir='ltr'>lieri,</span> <span class='ocrx_word' id='word_1_176' title='bbox 259 1873 402 1952; x_wconf 87' lang='lat' dir='ltr'>quomodo</span> <span class='ocrx_word' id='word_1_177' title='bbox 424 1871 459 1931; x_wconf 91' lang='lat' dir='ltr'>ab</span> <span class='ocrx_word' id='word_1_178' title='bbox 483 1888 537 1946; x_wconf 92' lang='lat' dir='ltr'>eo,</span> <span class='ocrx_word' id='word_1_179' title='bbox 559 1872 637 1950; x_wconf 88' lang='lat' dir='ltr'>quod</span> <span class='ocrx_word' id='word_1_180' title='bbox 658 1881 703 1931; x_wconf 90' lang='lat' dir='ltr'>est</span> <span class='ocrx_word' id='word_1_181' title='bbox 723 1874 809 1932; x_wconf 79' lang='lat' dir='ltr'>miles</span> <span class='ocrx_word' id='word_1_182' title='bbox 823 1874 925 1948; x_wconf 80' lang='lat' dir='ltr'>limes,</span> <span class='ocrx_word' id='word_1_183' title='bbox 947 1875 1048 1934; x_wconf 66' lang='lat' dir='ltr'>antitis</span> 
     </span>
     <span class='ocr_line' id='line_1_21' title="bbox 55 1957 1048 2036; baseline -0.003 -17"><span class='ocrx_word' id='word_1_184' title='bbox 55 1959 173 2035; x_wconf 78' lang='lat' dir='ltr'>limitis,</span> <span class='ocrx_word' id='word_1_185' title='bbox 192 1959 289 2019; x_wconf 75' lang='lat' dir='ltr'>iudea</span> <span class='ocrx_word' id='word_1_186' title='bbox 303 1958 432 2029; x_wconf 76' lang='lat' dir='ltr'>minden,</span> <span class='ocrx_word' id='word_1_187' title='bbox 452 1957 565 2018; x_wconf 78' lang='lat' dir='ltr'>indicis</span> <span class='ocrx_word' id='word_1_188' title='bbox 577 1957 727 2032; x_wconf 77' lang='lat' dir='ltr'>vindicio,</span> <span class='ocrx_word' id='word_1_189' title='bbox 748 1966 777 2015; x_wconf 91' lang='lat' dir='ltr'>et</span> <span class='ocrx_word' id='word_1_190' title='bbox 796 1975 869 2035; x_wconf 88' lang='lat' dir='ltr'>qnae</span> <span class='ocrx_word' id='word_1_191' title='bbox 889 1976 976 2036; x_wconf 88' lang='lat' dir='ltr'>supra</span> <span class='ocrx_word' id='word_1_192' title='bbox 993 1959 1048 2016; x_wconf 89' lang='lat' dir='ltr'>iam</span> 
     </span>
     <span class='ocr_line' id='line_1_22' title="bbox 56 2040 1089 2120; baseline 0.003 -19"><span class='ocrx_word' id='word_1_193' title='bbox 56 2045 147 2120; x_wconf 90' lang='lat' dir='ltr'>attigi.</span> <span class='ocrx_word' id='word_1_194' title='bbox 190 2040 265 2115; x_wconf 83' lang='lat' dir='ltr'>Quid</span> <span class='ocrx_word' id='word_1_195' title='bbox 285 2059 356 2101; x_wconf 86' lang='lat' dir='ltr'>vero</span> <span class='ocrx_word' id='word_1_196' title='bbox 379 2041 472 2120; x_wconf 88' lang='lat' dir='ltr'>quod,</span> <span class='ocrx_word' id='word_1_197' title='bbox 502 2049 532 2099; x_wconf 91' lang='grc' dir='ltr'>ιιι</span> <span class='ocrx_word' id='word_1_198' title='bbox 554 2040 735 2116; x_wconf 80' lang='lat' dir='ltr'>dicebamus,</span> <span class='ocrx_word' id='word_1_199' title='bbox 757 2042 866 2100; x_wconf 88' lang='lat' dir='ltr'>similes</span> <span class='ocrx_word' id='word_1_200' title='bbox 888 2043 1089 2120; x_wconf 80' lang='lat' dir='ltr'>positiones25</span> 
     </span>
     <span class='ocr_line' id='line_1_23' title="bbox 54 2123 1049 2205; baseline 0.003 -20"><span class='ocrx_word' id='word_1_201' title='bbox 54 2128 82 2185; x_wconf 89' lang='lat' dir='ltr'>in</span> <span class='ocrx_word' id='word_1_202' title='bbox 97 2127 189 2205; x_wconf 91' lang='lat' dir='ltr'>longe</span> <span class='ocrx_word' id='word_1_203' title='bbox 204 2126 334 2186; x_wconf 81' lang='lat' dir='ltr'>diversas</span> <span class='ocrx_word' id='word_1_204' title='bbox 349 2126 455 2205; x_wconf 82' lang='lat' dir='ltr'>figuras</span> <span class='ocrx_word' id='word_1_205' title='bbox 470 2143 523 2203; x_wconf 91' lang='lat' dir='ltr'>per</span> <span class='ocrx_word' id='word_1_206' title='bbox 539 2123 674 2201; x_wconf 90' lang='lat' dir='ltr'>obliquos</span> <span class='ocrx_word' id='word_1_207' title='bbox 690 2142 774 2184; x_wconf 89' lang='lat' dir='ltr'>casus</span> <span class='ocrx_word' id='word_1_208' title='bbox 790 2134 906 2202; x_wconf 88' lang='lat' dir='ltr'>exeunt,</span> <span class='ocrx_word' id='word_1_209' title='bbox 921 2135 952 2185; x_wconf 91' lang='lat' dir='ltr'>ut</span> <span class='ocrx_word' id='word_1_210' title='bbox 961 2127 1049 2204; x_wconf 78' lang='lat' dir='ltr'>uirgo</span> 
     </span>
     <span class='ocr_line' id='line_1_24' title="bbox 54 2206 1048 2289; baseline 0 -19"><span class='ocrx_word' id='word_1_211' title='bbox 54 2208 150 2287; x_wconf 81' lang='lat' dir='ltr'>luno,</span> <span class='ocrx_word' id='word_1_212' title='bbox 168 2210 375 2289; x_wconf 65' lang='lat' dir='ltr'>surculosus,</span> <span class='ocrx_word' id='word_1_213' title='bbox 396 2210 500 2288; x_wconf 71' lang='lat' dir='ltr'>censpis</span> <span class='ocrx_word' id='word_1_214' title='bbox 512 2211 626 2286; x_wconf 80' lang='lat' dir='ltr'>puppis</span> <span class='ocrx_word' id='word_1_215' title='bbox 652 2217 681 2268; x_wconf 89' lang='lat' dir='ltr'>et</span> <span class='ocrx_word' id='word_1_216' title='bbox 698 2210 777 2269; x_wconf 91' lang='lat' dir='ltr'>mille</span> <span class='ocrx_word' id='word_1_217' title='bbox 796 2206 870 2269; x_wconf 84' lang='lat' dir='ltr'>alia?</span> <span class='ocrx_word' id='word_1_218' title='bbox 892 2228 955 2269; x_wconf 90' lang='lat' dir='ltr'>cum</span> <span class='ocrx_word' id='word_1_219' title='bbox 978 2210 1048 2270; x_wconf 90' lang='lat' dir='ltr'>illud</span> 
     </span>
     <span class='ocr_line' id='line_1_25' title="bbox 56 2292 1049 2372; baseline 0 -19"><span class='ocrx_word' id='word_1_220' title='bbox 56 2297 141 2354; x_wconf 86' lang='lat' dir='ltr'>etiam</span> <span class='ocrx_word' id='word_1_221' title='bbox 158 2294 285 2370; x_wconf 86' lang='lat' dir='ltr'>accidat,</span> <span class='ocrx_word' id='word_1_222' title='bbox 307 2303 337 2354; x_wconf 94' lang='lat' dir='ltr'>ut</span> <span class='ocrx_word' id='word_1_223' title='bbox 352 2294 490 2372; x_wconf 81' lang='lat' dir='ltr'>quaedam</span> <span class='ocrx_word' id='word_1_224' title='bbox 504 2292 655 2371; x_wconf 88' lang='lat' dir='ltr'>pluraliter</span> <span class='ocrx_word' id='word_1_225' title='bbox 670 2310 727 2352; x_wconf 92' lang='lat' dir='ltr'>non</span> <span class='ocrx_word' id='word_1_226' title='bbox 741 2294 886 2368; x_wconf 88' lang='lat' dir='ltr'>dicantur,</span> <span class='ocrx_word' id='word_1_227' title='bbox 909 2294 1049 2371; x_wconf 88' lang='lat' dir='ltr'>quaedam</span> 
     </span>
     <span class='ocr_line' id='line_1_26' title="bbox 56 2377 1048 2456; baseline -0.001 -19"><span class='ocrx_word' id='word_1_228' title='bbox 56 2387 157 2438; x_wconf 89' lang='lat' dir='ltr'>contra</span> <span class='ocrx_word' id='word_1_229' title='bbox 172 2377 310 2454; x_wconf 84' lang='lat' dir='ltr'>singulari</span> <span class='ocrx_word' id='word_1_230' title='bbox 325 2394 460 2454; x_wconf 88' lang='lat' dir='ltr'>numero,</span> <span class='ocrx_word' id='word_1_231' title='bbox 475 2377 614 2455; x_wconf 88' lang='lat' dir='ltr'>quaedam</span> <span class='ocrx_word' id='word_1_232' title='bbox 630 2377 743 2436; x_wconf 83' lang='lat' dir='ltr'>casibus</span> <span class='ocrx_word' id='word_1_233' title='bbox 758 2387 890 2452; x_wconf 87' lang='lat' dir='ltr'>careant,</span> <span class='ocrx_word' id='word_1_234' title='bbox 909 2378 1048 2456; x_wconf 87' lang='lat' dir='ltr'>quaedam</span> 
     </span>
     <span class='ocr_line' id='line_1_27' title="bbox 56 2460 1089 2540; baseline -0.002 -19"><span class='ocrx_word' id='word_1_235' title='bbox 56 2462 183 2540; x_wconf 89' lang='lat' dir='ltr'>aprimis</span> <span class='ocrx_word' id='word_1_236' title='bbox 200 2464 293 2521; x_wconf 90' lang='lat' dir='ltr'>statim</span> <span class='ocrx_word' id='word_1_237' title='bbox 305 2461 495 2540; x_wconf 86' lang='lat' dir='ltr'>positionibus</span> <span class='ocrx_word' id='word_1_238' title='bbox 510 2469 571 2520; x_wconf 88' lang='lat' dir='ltr'>tota</span> <span class='ocrx_word' id='word_1_239' title='bbox 585 2469 738 2535; x_wconf 90' lang='lat' dir='ltr'>mutentur,</span> <span class='ocrx_word' id='word_1_240' title='bbox 754 2470 784 2520; x_wconf 91' lang='lat' dir='ltr'>ut</span> <span class='ocrx_word' id='word_1_241' title='bbox 793 2460 940 2540; x_wconf 80' lang='lat' dir='ltr'>luppiter.</span> <span class='ocrx_word' id='word_1_242' title='bbox 963 2460 1047 2534; x_wconf 94' lang='lat' dir='ltr'>Quod</span> <span class='ocrx_word' id='word_1_243' title='bbox 1055 2465 1089 2519; x_wconf 75' lang='grc' dir='ltr'>ιδ</span> 
     </span>
     <span class='ocr_line' id='line_1_28' title="bbox 56 2545 1047 2624; baseline 0.001 -21"><span class='ocrx_word' id='word_1_244' title='bbox 56 2546 154 2605; x_wconf 85' lang='lat' dir='ltr'>verbis</span> <span class='ocrx_word' id='word_1_245' title='bbox 170 2547 254 2605; x_wconf 89' lang='lat' dir='ltr'>etiam</span> <span class='ocrx_word' id='word_1_246' title='bbox 271 2547 375 2606; x_wconf 84' lang='lat' dir='ltr'>accidit</span> <span class='ocrx_word' id='word_1_247' title='bbox 389 2555 419 2605; x_wconf 92' lang='lat' dir='ltr'>ut</span> <span class='ocrx_word' id='word_1_248' title='bbox 433 2545 475 2604; x_wconf 93' lang='lat' dir='ltr'>illi</span> <span class='ocrx_word' id='word_1_249' title='bbox 487 2545 571 2624; x_wconf 81' lang='lat' dir='ltr'>sero,</span> <span class='ocrx_word' id='word_1_250' title='bbox 590 2546 670 2607; x_wconf 87' lang='lat' dir='ltr'>ouius</span> <span class='ocrx_word' id='word_1_251' title='bbox 686 2547 872 2624; x_wconf 90' lang='lat' dir='ltr'>praeteritum</span> <span class='ocrx_word' id='word_1_252' title='bbox 885 2545 1047 2624; x_wconf 85' lang='lat' dir='ltr'>perlectum</span> 
     </span>
     <span class='ocr_line' id='line_1_29' title="bbox 58 2627 1048 2706; baseline -0.001 -18"><span class='ocrx_word' id='word_1_253' title='bbox 58 2640 84 2690; x_wconf 90' lang='lat' dir='ltr'>et</span> <span class='ocrx_word' id='word_1_254' title='bbox 100 2631 223 2691; x_wconf 90' lang='lat' dir='ltr'>ulterius</span> <span class='ocrx_word' id='word_1_255' title='bbox 240 2647 297 2689; x_wconf 92' lang='lat' dir='ltr'>non</span> <span class='ocrx_word' id='word_1_256' title='bbox 317 2632 467 2690; x_wconf 88' lang='lat' dir='ltr'>invenitur.</span> <span class='ocrx_word' id='word_1_257' title='bbox 502 2627 565 2688; x_wconf 88' lang='lat' dir='ltr'>Neo</span> <span class='ocrx_word' id='word_1_258' title='bbox 584 2628 735 2706; x_wconf 91' lang='lat' dir='ltr'>plurimum</span> <span class='ocrx_word' id='word_1_259' title='bbox 753 2628 860 2703; x_wconf 85' lang='lat' dir='ltr'>refert,</span> <span class='ocrx_word' id='word_1_260' title='bbox 882 2629 959 2689; x_wconf 88' lang='lat' dir='ltr'>nulla</span> <span class='ocrx_word' id='word_1_261' title='bbox 974 2628 1048 2689; x_wconf 89' lang='lat' dir='ltr'>haec</span> 
     </span>
     <span class='ocr_line' id='line_1_30' title="bbox 57 2712 1046 2792; baseline -0.002 -19"><span class='ocrx_word' id='word_1_262' title='bbox 57 2731 90 2773; x_wconf 87' lang='lat' dir='ltr'>an</span> <span class='ocrx_word' id='word_1_263' title='bbox 110 2714 255 2792; x_wconf 85' lang='lat' dir='ltr'>praedura</span> <span class='ocrx_word' id='word_1_264' title='bbox 276 2716 340 2774; x_wconf 91' lang='lat' dir='ltr'>sint.</span> <span class='ocrx_word' id='word_1_265' title='bbox 390 2713 461 2772; x_wconf 85' lang='lat' dir='ltr'>Nam</span> <span class='ocrx_word' id='word_1_266' title='bbox 483 2713 549 2789; x_wconf 87' lang='lat' dir='ltr'>quid</span> <span class='ocrx_word' id='word_1_267' title='bbox 565 2713 728 2791; x_wconf 77' lang='lat' dir='ltr'>progenies</span> <span class='ocrx_word' id='word_1_268' title='bbox 749 2715 876 2790; x_wconf 86' lang='lat' dir='ltr'>genitivo</span> <span class='ocrx_word' id='word_1_269' title='bbox 898 2712 1046 2790; x_wconf 82' lang='lat' dir='ltr'>singulari,</span> 
     </span>
     <span class='ocr_line' id='line_1_31' title="bbox 59 2793 1048 2877; baseline -0.002 -18"><span class='ocrx_word' id='word_1_270' title='bbox 59 2799 121 2876; x_wconf 77' lang='lat' dir='ltr'>puid</span> <span class='ocrx_word' id='word_1_271' title='bbox 143 2797 247 2876; x_wconf 88' lang='lat' dir='ltr'>plurali</span> <span class='ocrx_word' id='word_1_272' title='bbox 265 2817 336 2877; x_wconf 80' lang='lat' dir='ltr'>spec</span> <span class='ocrx_word' id='word_1_273' title='bbox 357 2793 465 2857; x_wconf 85' lang='lat' dir='ltr'>faciet‘l</span> <span class='ocrx_word' id='word_1_274' title='bbox 487 2794 638 2867; x_wconf 87' lang='lat' dir='ltr'>Quomodo</span> <span class='ocrx_word' id='word_1_275' title='bbox 662 2806 756 2856; x_wconf 89' lang='lat' dir='ltr'>antem</span> <span class='ocrx_word' id='word_1_276' title='bbox 778 2798 867 2874; x_wconf 79' lang='lat' dir='ltr'>quire</span> <span class='ocrx_word' id='word_1_277' title='bbox 886 2806 915 2855; x_wconf 90' lang='lat' dir='ltr'>et</span> <span class='ocrx_word' id='word_1_278' title='bbox 936 2815 1048 2875; x_wconf 77' lang='lat' dir='ltr'>argere</span> 
     </span>
     <span class='ocr_line' id='line_1_32' title="bbox 59 2877 1128 2959; baseline -0.002 -19"><span class='ocrx_word' id='word_1_279' title='bbox 59 2882 101 2941; x_wconf 82' lang='lat' dir='ltr'>rel</span> <span class='ocrx_word' id='word_1_280' title='bbox 124 2884 153 2941; x_wconf 93' lang='lat' dir='ltr'>in</span> <span class='ocrx_word' id='word_1_281' title='bbox 171 2884 326 2959; x_wconf 88' lang='lat' dir='ltr'>praeterita</span> <span class='ocrx_word' id='word_1_282' title='bbox 345 2881 469 2959; x_wconf 87' lang='lat' dir='ltr'>patiendi</span> <span class='ocrx_word' id='word_1_283' title='bbox 485 2880 571 2938; x_wconf 91' lang='lat' dir='ltr'>modo</span> <span class='ocrx_word' id='word_1_284' title='bbox 592 2879 642 2939; x_wconf 90' lang='lat' dir='ltr'>vel</span> <span class='ocrx_word' id='word_1_285' title='bbox 655 2882 684 2939; x_wconf 91' lang='lat' dir='ltr'>in</span> <span class='ocrx_word' id='word_1_286' title='bbox 702 2883 853 2959; x_wconf 87' lang='lat' dir='ltr'>participia</span> <span class='ocrx_word' id='word_1_287' title='bbox 868 2877 1047 2941; x_wconf 79' lang='lat' dir='ltr'>transibunt?</span> <span class='ocrx_word' id='word_1_288' title='bbox 1125 2889 1128 2894; x_wconf 84' lang='grc'><em>“</em></span> 
     </span>
     <span class='ocr_line' id='line_1_33' title="bbox 56 2965 1088 3040; baseline 0 -15"><span class='ocrx_word' id='word_1_289' title='bbox 56 2965 131 3039; x_wconf 92' lang='lat' dir='ltr'>Quid</span> <span class='ocrx_word' id='word_1_290' title='bbox 148 2965 184 3024; x_wconf 91' lang='lat' dir='ltr'>de</span> <span class='ocrx_word' id='word_1_291' title='bbox 202 2966 265 3025; x_wconf 91' lang='lat' dir='ltr'>aliis</span> <span class='ocrx_word' id='word_1_292' title='bbox 284 2967 391 3040; x_wconf 90' lang='lat' dir='ltr'>dicam,</span> <span class='ocrx_word' id='word_1_293' title='bbox 412 2982 475 3024; x_wconf 88' lang='lat' dir='ltr'>cnm</span> <span class='ocrx_word' id='word_1_294' title='bbox 492 2971 619 3024; x_wconf 80' lang='lat' dir='ltr'>senatos</span> <span class='ocrx_word' id='word_1_295' title='bbox 637 2967 737 3026; x_wconf 81' lang='lat' dir='ltr'>cenati</span> <span class='ocrx_word' id='word_1_296' title='bbox 755 2984 791 3024; x_wconf 93' lang='lat' dir='ltr'>au</span> <span class='ocrx_word' id='word_1_297' title='bbox 808 2972 932 3025; x_wconf 82' lang='lat' dir='ltr'>senatus</span> <span class='ocrx_word' id='word_1_298' title='bbox 949 2965 1046 3039; x_wconf 86' lang='lat' dir='ltr'>iaciat,</span> <span class='ocrx_word' id='word_1_299' title='bbox 1054 2970 1088 3025; x_wconf 80' lang='lat' dir='ltr'>at</span> 
     </span>
     <span class='ocr_line' id='line_1_34' title="bbox 55 3009 1048 3123; baseline -0.001 -14"><span class='ocrx_word' id='word_1_300' title='bbox 55 3051 197 3109; x_wconf 85' lang='lat' dir='ltr'>incertum</span> <span class='ocrx_word' id='word_1_301' title='bbox 218 3046 276 3109; x_wconf 85' lang='lat' dir='ltr'>sit?</span> <span class='ocrx_word' id='word_1_302' title='bbox 309 3049 405 3123; x_wconf 89' lang='lat' dir='ltr'>Quare</span> <span class='ocrx_word' id='word_1_303' title='bbox 423 3048 489 3108; x_wconf 92' lang='lat' dir='ltr'>mihi</span> <span class='ocrx_word' id='word_1_304' title='bbox 504 3065 561 3106; x_wconf 92' lang='lat' dir='ltr'>non</span> <span class='ocrx_word' id='word_1_305' title='bbox 578 3049 728 3108; x_wconf 90' lang='lat' dir='ltr'>invenuste</span> <span class='ocrx_word' id='word_1_306' title='bbox 747 3049 803 3108; x_wconf 90' lang='lat' dir='ltr'>dici</span> <span class='ocrx_word' id='word_1_307' title='bbox 818 3049 948 3123; x_wconf 86' lang='lat' dir='ltr'>videtur,</span> <span class='ocrx_word' id='word_1_308' title='bbox 971 3009 1048 3108; x_wconf 85' lang='lat' dir='ltr'>aliud</span> 
     </span>
     <span class='ocr_line' id='line_1_35' title="bbox 55 3131 1046 3229; baseline -0.002 -37"><span class='ocrx_word' id='word_1_309' title='bbox 55 3152 123 3193; x_wconf 90' lang='lat' dir='ltr'>esse</span> <span class='ocrx_word' id='word_1_310' title='bbox 139 3132 236 3192; x_wconf 83' lang='lat' dir='ltr'>Latine</span> <span class='ocrx_word' id='word_1_311' title='bbox 252 3134 328 3193; x_wconf 91' lang='lat' dir='ltr'>aliud</span> <span class='ocrx_word' id='word_1_312' title='bbox 347 3133 530 3209; x_wconf 82' lang='lat' dir='ltr'>grammatice</span> <span class='ocrx_word' id='word_1_313' title='bbox 546 3131 634 3208; x_wconf 89' lang='lat' dir='ltr'>loqui</span> <span class='ocrx_word' id='word_1_314' title='bbox 665 3132 709 3192; x_wconf 83' lang='lat' dir='ltr'>Ao</span> <span class='ocrx_word' id='word_1_315' title='bbox 725 3133 761 3192; x_wconf 91' lang='lat' dir='ltr'>de</span> <span class='ocrx_word' id='word_1_316' title='bbox 776 3133 922 3229; x_wconf 87' lang='lat' dir='ltr'>analogia</span> <span class='ocrx_word' id='word_1_317' title='bbox 923 3135 1046 3192; x_wconf 92' lang='lat' dir='ltr'>nimium</span> 
     </span>
     <span class='ocr_line' id='line_1_36' title="bbox 139 3201 1089 3317; baseline 0.001 -42"><span class='ocrx_word' id='word_1_318' title='bbox 139 3215 392 3294; x_wconf 73' lang='lat' dir='ltr'>Etymologia,</span> <span class='ocrx_word' id='word_1_319' title='bbox 421 3234 495 3293; x_wconf 89' lang='lat' dir='ltr'>quae</span> <span class='ocrx_word' id='word_1_320' title='bbox 522 3214 676 3275; x_wconf 90' lang='lat' dir='ltr'>verbomm</span> <span class='ocrx_word' id='word_1_321' title='bbox 704 3219 843 3317; x_wconf 77' lang='lat' dir='ltr'>originem</span> <span class='ocrx_word' id='word_1_322' title='bbox 870 3201 1001 3294; x_wconf 86' lang='lat' dir='ltr'>inquirit,</span> <span class='ocrx_word' id='word_1_323' title='bbox 1032 3222 1089 3276; x_wconf 70' lang='lat' dir='ltr'>atti</span> 
     </span>
     <span class='ocr_line' id='line_1_37' title="bbox 54 3299 1046 3379; baseline -0.003 -17"><span class='ocrx_word' id='word_1_324' title='bbox 54 3299 201 3362; x_wconf 76' lang='lat' dir='ltr'>cicerone</span> <span class='ocrx_word' id='word_1_325' title='bbox 223 3302 298 3362; x_wconf 89' lang='lat' dir='ltr'>dicta</span> <span class='ocrx_word' id='word_1_326' title='bbox 321 3310 366 3360; x_wconf 91' lang='lat' dir='ltr'>est</span> <span class='ocrx_word' id='word_1_327' title='bbox 386 3301 516 3378; x_wconf 81' lang='lat' dir='ltr'>notatio,</span> <span class='ocrx_word' id='word_1_328' title='bbox 545 3301 610 3376; x_wconf 88' lang='lat' dir='ltr'>quia</span> <span class='ocrx_word' id='word_1_329' title='bbox 632 3317 736 3360; x_wconf 89' lang='lat' dir='ltr'>nomen</span> <span class='ocrx_word' id='word_1_330' title='bbox 757 3303 819 3361; x_wconf 90' lang='lat' dir='ltr'>eius</span> <span class='ocrx_word' id='word_1_331' title='bbox 839 3302 914 3379; x_wconf 90' lang='lat' dir='ltr'>apud</span> <span class='ocrx_word' id='word_1_332' title='bbox 935 3300 1046 3360; x_wconf 82' lang='lat' dir='ltr'>Aristo·</span> 
     </span>
     <span class='ocr_line' id='line_1_38' title="bbox 53 3378 1047 3463; baseline -0.005 -19"><span class='ocrx_word' id='word_1_333' title='bbox 53 3385 143 3445; x_wconf 88' lang='lat' dir='ltr'>telem</span> <span class='ocrx_word' id='word_1_334' title='bbox 164 3386 306 3445; x_wconf 82' lang='lat' dir='ltr'>invenitur</span> <span class='ocrx_word' id='word_1_335' title='bbox 327 3378 488 3463; x_wconf 77' lang='grc' dir='ltr'><em>σύμβολον,</em></span> <span class='ocrx_word' id='word_1_336' title='bbox 513 3383 589 3459; x_wconf 89' lang='lat' dir='ltr'>quod</span> <span class='ocrx_word' id='word_1_337' title='bbox 612 3392 658 3443; x_wconf 89' lang='lat' dir='ltr'>est</span> <span class='ocrx_word' id='word_1_338' title='bbox 677 3394 766 3455; x_wconf 83' lang='lat' dir='ltr'>nota,·</span> <span class='ocrx_word' id='word_1_339' title='bbox 787 3403 851 3444; x_wconf 87' lang='lat' dir='ltr'>nam</span> <span class='ocrx_word' id='word_1_340' title='bbox 871 3384 989 3445; x_wconf 88' lang='lat' dir='ltr'>verbum</span> <span class='ocrx_word' id='word_1_341' title='bbox 1010 3400 1047 3440; x_wconf 88' lang='lat' dir='ltr'>ex</span> 
     </span>
    </p>
   </div>
   <div class='ocr_carea' id='block_1_3' title="bbox 53 3467 1046 3610">
    <p class='ocr_par' dir='ltr' id='par_1_3' title="bbox 53 3467 1046 3610">
     <span class='ocr_line' id='line_1_39' title="bbox 53 3467 1046 3610; baseline -0.007 -80"><span class='ocrx_word' id='word_1_342' title='bbox 53 3468 147 3530; x_wconf 87' lang='lat' dir='ltr'>verbo</span> <span class='ocrx_word' id='word_1_343' title='bbox 163 3469 294 3546; x_wconf 81' lang='lat' dir='ltr'>ductum,</span> <span class='ocrx_word' id='word_1_344' title='bbox 315 3469 344 3529; x_wconf 92' lang='lat' dir='ltr'>id</span> <span class='ocrx_word' id='word_1_345' title='bbox 360 3477 406 3529; x_wconf 91' lang='lat' dir='ltr'>est</span> <span class='ocrx_word' id='word_1_346' title='bbox 422 3468 670 3545; x_wconf 70' lang='lat' dir='ltr'>centenorum,</span> <span class='ocrx_word' id='word_1_347' title='bbox 662 3487 725 3546; x_wconf 90' lang='lat' dir='ltr'>rpse</span> <span class='ocrx_word' id='word_1_348' title='bbox 742 3468 933 3610; x_wconf 55' lang='lat' dir='ltr'>Cicero3*qu1</span> <span class='ocrx_word' id='word_1_349' title='bbox 955 3467 1046 3541; x_wconf 85' lang='lat' dir='ltr'>tinxit,</span> 
     </span>
    </p>
   </div>
   <div class='ocr_carea' id='block_1_4' title="bbox 0 0 1222 3925">
    <p class='ocr_par' dir='ltr' id='par_1_4' title="bbox 0 0 1222 3925">
     <span class='ocr_line' id='line_1_40' title="bbox 0 0 1222 3925; baseline 0 0"><span class='ocrx_word' id='word_1_350' title='bbox 0 0 1222 3925; x_wconf 95' lang='lat' dir='ltr'> </span> 
     </span>
    </p>
   </div>
  </div>
 </body>
</html>
