2434 3925
338 195 788 263 msu.onaron.nm.x11,1.
1001 184 1063 248 239

50 352 254 431 distringente
268 360 355 431 atque
370 351 427 414 alio
445 350 570 413 ducente
586 367 685 428 causa,
701 350 845 430 spectabit
862 351 890 412 id
905 352 1009 429 solum,
1026 354 1062 415 ad

51 436 141 516 quod
164 437 334 514 accingitur.
371 435 482 509 Quodsi
506 450 642 511 agrorum
662 437 747 495 nimia
769 453 837 495 cura
861 445 891 496 ct
910 438 1091 504 sollicitiore

50 522 101 581 rei
126 520 277 581 lauriliaris
298 519 447 597 diligentia
474 527 504 579 et
523 518 647 583 venandi
668 520 803 598 voluptas
827 530 857 580 et
871 521 929 581 dati
944 532 1060 600 specta·

52 605 136 666 culis
159 606 223 666 dias
245 604 362 665 multum
385 604 484 664 studiis
506 602 639 662 auferunt
654 603 737 681 (huic
751 604 825 663 enim
840 606 883 663 rei
899 607 975 683 perit
990 616 1060 666 tem·

49 707 132 769 pus,
162 688 354 768 quodcunque
375 687 458 747 alteri
474 688 586 766 datur):
611 688 678 765 quid
693 697 823 767 putamus
839 688 964 748 iacturas
982 692 1061 769 cupi·

49 774 194 848 ditatam,
219 774 381 848 avaritiam,
406 772 557 846 invidiam,
574 788 693 849 quarum
708 774 964 850 impotentissimae
981 776 1061 850 cogi·

50 859 187 917 tationes
202 873 321 917 somnos
343 857 428 915 etiam
452 864 482 914 et
498 854 548 914 illa
570 873 625 933 per
644 857 770 934 quietem
788 858 851 916 visa
867 855 1061 935 perturbant?

51 940 138 1001 Nihil
154 949 201 1000 est
225 940 300 1001 cuim
316 949 372 1000 tam
388 949 575 1017 occupatum,
598 948 656 999 tam
679 939 870 1017 multiforme,
894 950 938 1000 tot
952 959 988 1003 ac
1005 951 1089 1011 tamt

51 1025 148 1084 variis
164 1024 316 1085 affectibus
334 1025 482 1085 concisum
501 1032 588 1101 atque
605 1024 763 1084 laceratum
780 1043 863 1103 quam
876 1026 952 1086 mala
968 1044 1060 1087 meus.

52 1107 133 1168 Nam
158 1118 271 1169 etcum
294 1109 458 1168 insidiatur:
483 1125 553 1186 spe,
577 1109 670 1183 curis,
693 1108 794 1169 labore
809 1110 1002 1186 distringitur3
1031 1121 1061 1171 et

8 1242 9 1257 1
54 1193 116 1252 iam
145 1210 210 1252 cum
232 1191 356 1253 sceleris
381 1208 503 1270 compos
528 1191 595 1252 luit:
629 1191 841 1270 sollicitudine,
869 1196 1058 1272 poenitentia,

56 1293 221 1356 poenarum
242 1278 366 1336 omnium
391 1277 596 1355 expectatione
615 1285 775 1355 torquetur.
811 1276 883 1352 Quis
897 1281 972 1339 inter
986 1281 1061 1340 haec

8 1420 9 1447 ,
56 1360 167 1420 litteris
184 1369 232 1421 aut
246 1359 298 1420 ulli
319 1361 414 1421 bonae
434 1362 488 1420 arti
504 1358 609 1420 locus?
640 1359 706 1420 Non
724 1361 845 1422 hercule
864 1365 956 1440 magis
976 1381 1060 1443 quam

8 1512 9 1518 q
56 1444 193 1522 frugibus
208 1446 237 1503 in
254 1454 332 1505 terra
353 1444 482 1505 sentibus
503 1463 539 1505 ac
553 1443 633 1504 rubis
654 1455 807 1523 occupata.
845 1446 927 1523 Aga,
949 1465 1008 1508 non
1024 1447 1088 1508 ad8

57 1528 253 1607 perferendos
274 1529 432 1591 studiorum
454 1527 572 1588 labores
590 1531 759 1590 necessaria
780 1529 953 1607 frugalitas?
984 1530 1059 1606 Quid

8 1669 9 1673 ,
57 1613 149 1690 igitur
169 1630 207 1674 ex
228 1612 346 1673 libidine
362 1631 396 1672 ac
416 1612 529 1673 luxuria
551 1610 635 1692 spei?
667 1612 733 1677 Nou
753 1617 913 1693 praecipue
933 1615 1060 1676 acuitad
1148 1673 1151 1685 ,

58 1695 246 1774 cupiditatem
268 1697 426 1757 litterarum
449 1713 531 1757 amor
553 1696 669 1757 laudis‘l
700 1697 774 1759 Num
789 1700 875 1775 igitur
890 1699 973 1760 malis
991 1718 1059 1760 esse

8 1840 9 1845 ,
57 1780 175 1842 laudem
191 1799 278 1841 curae
293 1778 446 1863 putamus?
483 1779 615 1842 lambac
632 1783 696 1860 quis
715 1799 772 1842 non
792 1783 887 1860 videt,
908 1786 1059 1844 maximam

56 1873 172 1944 partem
193 1866 330 1925 orationis
352 1867 380 1925 in
397 1873 519 1925 tractatu
541 1868 627 1944 aequi
647 1866 773 1945 bonique
790 1865 973 1931 consistere?
1008 1868 1058 1927 Di-

8 2013 9 2018 ,
57 1958 146 2010 cetae
158 1949 195 2010 de
210 1949 254 2010 bis
267 1949 423 2011 secundum
434 1949 559 2010 debitam
573 1970 669 2011 rerum
684 1951 850 2029 dignitatem
864 1952 957 2013 malus
970 1963 1056 2032 atque

56 2031 196 2112 iniquus?
227 2034 372 2114 Denique,
388 2043 419 2094 ut
435 2037 584 2095 maximam
599 2045 712 2114 partem
731 2038 908 2115 quaestionis
925 2039 1086 2111 eximama

56 2119 178 2194 demus,
194 2118 223 2179 id
238 2119 316 2198 quod
331 2119 411 2179 nullo
425 2118 511 2179 modo
526 2120 589 2180 lieri
602 2129 716 2199 potest,
734 2121 811 2181 idem
825 2122 942 2198 ingenii,
961 2115 1056 2197 studii,

57 2202 227 2278 doctrinae,
249 2205 377 2282 pessimo
400 2212 488 2282 atque
511 2207 620 2282 optimo
641 2206 720 2264 viro:
747 2212 813 2264 nter
826 2206 930 2265 melior
945 2206 1058 2267 dicetur

57 2282 180 2347 orator?
214 2286 350 2346 Nimirum
373 2288 421 2366 qui
443 2288 529 2348 bomo
545 2306 662 2367 quoque
679 2289 791 2348 melior.
826 2289 891 2349 Non
906 2291 993 2367 igitur
1007 2309 1057 2350 un-

56 2388 146 2450 quam
161 2370 253 2430 malus
268 2370 343 2431 idem
358 2371 444 2431 bomo
461 2380 491 2432 et
509 2373 660 2451 perlectus
677 2382 785 2433 orator.
821 2371 888 2432 Non
903 2376 977 2433 euim
991 2386 1101 2453 per-10

57 2455 167 2517 fectum
187 2463 232 2514 est
250 2457 419 2534 quidquam,
440 2473 498 2533 quo
518 2456 621 2516 melius
641 2466 687 2517 cst
704 2456 790 2517 aliud.
821 2458 899 2533 Sed,
921 2477 958 2518 ne
972 2476 1054 2518 more

60 2540 275 2601 Socraticorum
289 2539 434 2600 nobismet
449 2542 505 2618 ipsi
520 2557 692 2618 responsum
707 2541 826 2601 linxisse
841 2541 1003 2618 videamur,
1020 2544 1058 2602 sit

59 2622 163 2701 aliquis
183 2622 259 2684 adeo
282 2633 383 2684 contra
404 2627 555 2684 veritatem
577 2625 755 2702 obstinatus,
778 2636 809 2686 ut
824 2626 929 2687 audeat
944 2628 1055 2701 dicere,

62 2706 164 2766 eodem
178 2708 312 2786 iugenio,
328 2709 440 2783 studio,
457 2708 587 2769 doctrina
600 2710 761 2788 praeditum
776 2709 868 2770 nihilo·
879 2711 1055 2771 deteriorem

62 2790 184 2850 futurum
200 2800 347 2852 oratorem
365 2791 469 2852 malum
486 2795 577 2852 virum
600 2812 684 2872 quam
703 2793 824 2854 bonum:
852 2796 1054 2855 convincamus

63 2875 143 2934 buius
168 2891 285 2952 quoque
310 2877 471 2936 amentiam.
507 2876 581 2937 Nam
605 2878 663 2938 boc
689 2888 770 2938 certe
797 2895 882 2938 nemo
907 2876 1097 2953 dubitabit,ll

64 2975 171 3018 omnem
186 2961 346 3019 orationem
361 2960 389 3021 id
404 2978 505 3037 agere,
519 2970 551 3022 ut
567 2962 665 3036 iudici,
681 2979 756 3040 quae
771 2962 1053 3040 propositaiuerint,

62 3060 130 3103 vera
150 3050 179 3101 ct
199 3042 322 3104 honesta
338 3045 499 3104 videantur.
529 3045 629 3105 Utrum
650 3047 736 3123 igitur
758 3045 815 3106 boc
832 3046 945 3105 iacilius
960 3044 1054 3106 bonus

62 3129 105 3186 vir
119 3126 304 3205 persuadebit
319 3144 355 3188 an
370 3126 484 3189 malus?
514 3129 611 3189 Bonus
627 3129 741 3207 quidem
756 3130 835 3190 dicet
849 3132 966 3209 saepius
982 3148 1053 3191 vera

63 3220 146 3288 utque
171 3208 304 3270 honesta.
334 3211 499 3273 sedetiam
521 3214 546 3272 si
573 3213 687 3291 quando
709 3213 806 3292 aliquo
830 3214 932 3276 ductus
953 3214 1096 3277 officiali

64 3293 156 3374 (quod
170 3293 321 3370 accidere,
336 3305 367 3355 ut
382 3314 451 3356 mox
466 3296 650 3372 docebimus,
665 3299 780 3377 potest)
796 3298 872 3359 ialso
888 3298 961 3360 baec
976 3299 1052 3359 allin-

63 3397 138 3440 mare
161 3376 325 3438 conabitur:
346 3381 455 3440 maiore
475 3399 540 3441 cnm
557 3381 614 3441 lide
631 3399 754 3440 necesse
776 3392 821 3442 est
845 3384 982 3443 audiatur.
1013 3382 1053 3441 At

63 3463 140 3523 malis
161 3461 322 3522 bominibus
343 3481 381 3522 ex
403 3474 569 3545 contemptu
592 3463 736 3544 opinionis
756 3476 787 3526 et
800 3468 962 3546 ignorantia
976 3466 1051 3526 recti

1127 584 1139 613 θ
1208 592 1209 625 l
