2434 3925
293 180 627 230 monendomum
640 182 702 248 ΧΠ,
718 178 745 233 o.
757 177 784 232 a.
961 168 1023 231 259

33 338 275 415 consignationes,
291 338 384 415 ipsum
400 337 525 415 denique
542 334 739 396 adversarium
753 338 893 414 quaedam
904 355 962 398 non
973 357 1023 398 oe·

33 431 167 500 gaturum.
197 420 327 500 Ideoque
347 439 421 500 opus
437 430 483 480 est
496 421 600 480 intueri
616 438 700 480 omne
719 420 778 480 litis
791 423 1066 490 instrumentum;1a

33 505 105 585 quod
123 504 224 565 videre
238 521 297 564 uon
313 514 357 564 est
372 507 460 580 satis,
476 503 686 584 perlegendum
704 506 768 564 erit.
801 504 874 565 Nam
888 506 1023 585 frequen·

33 592 136 649 issime
151 597 271 649 autnon
285 598 350 649 sunt
365 591 490 664 omnino,
507 606 582 667 quae
599 588 850 666 promittebantur,
869 599 917 648 aut
932 593 1024 650 minus

33 676 174 743 continent
194 681 243 733 aut
265 692 328 732 cum
355 673 412 733 alic
436 673 533 751 aliquo
559 674 692 732 nocituro
720 675 861 752 permixta
884 684 949 734 sunt
978 685 1025 734 aut

33 760 111 818 nimia
131 765 196 816 sunt
218 766 248 816 et
267 757 353 817 iidem
374 757 432 817 hcc
454 759 519 834 ipso
542 757 725 831 detractura,
753 757 831 834 quod
847 774 906 817 non
920 757 1026 818 babent

33 843 150 902 nodum.
182 840 315 920 Denique
335 842 422 901 linum
437 850 551 919 ruptum
567 849 616 900 aut
631 840 773 900 turbatam
787 859 885 901 ceram
900 850 948 902 aut
963 843 1025 902 sine
1034 853 1067 907 13

33 928 158 1004 agnitore
179 926 261 1001 signa
281 924 451 1004 frequenter
471 926 617 993 invenies;
640 943 734 1003 quae,
758 926 812 984 nisi
827 925 903 985 dorni
920 944 1024 986 excus-

33 1012 119 1086 seris,
142 1010 171 1068 in
185 1009 251 1068 icrc
272 1010 418 1088 inopinata
436 1010 601 1088 decipient,
624 1008 749 1087 plusque
770 1009 918 1070 nocebunt
936 1009 1024 1069 desti·

33 1106 85 1155 uta
103 1112 186 1173 quam
207 1111 264 1152 ncn
280 1096 423 1172 promissa
438 1095 616 1153 nocuissent.
645 1091 735 1152 dlulta
750 1095 836 1153 etiarn
846 1138 854 1169 ,
865 1096 952 1172 ‘quae
968 1093 1023 1152 liti-

33 1189 111 1257 gator
128 1177 197 1237 nihil
217 1178 252 1238 ad
268 1196 383 1239 causam
398 1179 546 1256 pertinere
570 1177 743 1252 crediderit,
768 1187 906 1256 patronus
930 1186 1023 1253 eruet,

33 1263 111 1322 nodo
126 1280 180 1340 per
197 1279 308 1339 omnes,
325 1280 399 1341 quos
415 1262 593 1335 tradidimus,
614 1271 847 1338 argumentorum
863 1262 948 1323 locos
966 1270 1022 1322 eat.

33 1347 107 1420 Quos
128 1355 158 1406 ut
180 1347 423 1425 circumspectare
443 1348 473 1406 in
489 1344 602 1422 agendo
620 1354 650 1405 et
664 1354 806 1405 attentare
827 1347 958 1423 singulos
973 1347 1023 1405 mi·
1031 1355 1067 1409 14

34 1432 99 1490 rime
118 1431 266 1506 convenit,
285 1439 407 1511 propter
422 1449 493 1509 quas
509 1429 631 1489 diximus
649 1447 768 1489 causas:
786 1431 825 1490 ita
840 1432 868 1489 in
884 1430 1023 1491 discendo

33 1515 120 1574 rimari
136 1517 332 1574 necessarium
348 1524 408 1590 est,
426 1533 500 1593 quae
515 1530 677 1593 personae,
698 1531 773 1592 quae
788 1522 930 1594 tempora,
949 1531 1024 1594 quae
1081 1531 1088 1543 ¹

33 1616 110 1673 ‚oca,
132 1599 276 1673 instituta,
295 1600 498 1674 instrumenta,
517 1607 695 1676 ceteraque,
720 1599 876 1676 exquibus
892 1608 1023 1658 nonian-

33 1701 84 1743 um
99 1682 179 1757 illud,
196 1682 274 1760 quod
291 1692 337 1743 est
351 1683 502 1743 artificiale
518 1682 698 1760 probationis
714 1700 823 1758 genus,
839 1683 938 1760 colligi
956 1701 1024 1761 pos·

33 1768 81 1843 rit,
103 1767 156 1826 sed
171 1769 219 1844 qui
234 1769 503 1848 merueqdicestes,
526 1766 672 1846 quomodo
687 1767 744 1824 sint
758 1767 922 1828 refellendi.
951 1766 1024 1827 Nam

33 1851 177 1910 olurimum
193 1851 299 1928 refert,
321 1852 425 1912 invidia
443 1870 511 1912 reus
527 1869 562 1911 an
578 1851 645 1910 odio
665 1869 701 1910 an
715 1860 880 1930 contemptu
898 1850 1024 1926 laboret,

33 1952 148 2014 quorum
166 1935 229 1995 iere
252 1953 320 2015 pars
342 1937 433 2017 prima
451 1938 637 2016 superiores,
659 1936 914 2015 proximapares,
939 1937 1024 1995 tertia

33 2019 194 2080 rumiliores
210 2022 323 2098 premit.
355 2022 405 2082 Sic
422 2039 538 2082 causam
553 2030 767 2099 perscrutatus,
783 2021 1065 2099 propositisante15

33 2104 297 2182 ›culos¹omnibns,
326 2123 400 2184 quae
421 2108 533 2184 prosint
547 2114 725 2179 noceantne,
748 2106 861 2165 tertiam
883 2106 1023 2181 deinceps

33 2203 180 2248 nersonam
200 2188 297 2250 induat
317 2190 435 2265 iudicis,
457 2190 603 2268 fingatque
619 2189 695 2268 apud
710 2207 743 2247 sc
763 2191 810 2265 agi
826 2207 957 2263 causam,
983 2198 1022 2264 et,

33 2272 102 2350 quod
120 2274 213 2349 ipsum
227 2276 367 2333 movisset
382 2275 418 2334 de
438 2274 586 2336 eademne
602 2274 862 2353 pronuntiaturum,
877 2275 905 2333 id
922 2282 1022 2351 poten·

33 2357 173 2431 issimuna,
192 2357 267 2435 apud
282 2376 481 2437 quemcunque
498 2368 612 2435 agetur,
629 2359 782 2417 existimet.
809 2359 859 2419 Sic
875 2376 940 2418 eum
956 2373 1023 2417 raro

33 2440 108 2501 ’allet
126 2450 264 2518 eventus,
283 2452 330 2502 aut
348 2444 433 2522 culpa
448 2443 550 2503 iudicis
566 2444 631 2502 orit.

372 2596 459 2658 QUAE
477 2596 511 2648 ΙΝ
528 2594 679 2647 AGENDIS.

110 2698 160 2759 lX.
182 2697 264 2773 Quae
281 2699 387 2758 sintin
405 2699 546 2775 agendo
562 2699 758 2774 servanda,
775 2699 1023 2775 toto-iereopere

33 2785 142 2843 executi
164 2802 275 2852 sumus;
302 2799 394 2862 pauca
414 2791 510 2842 tamen
530 2785 649 2862 propria
669 2783 752 2843 huius
775 2782 850 2857 lcci,
878 2799 951 2859 quae
967 2798 1024 2839 non

33 2887 82 2928 am
98 2868 212 2928 dicendi
228 2878 290 2927 arte
307 2882 392 2945 quam
408 2867 512 2926 ciliciis
528 2868 641 2944 agentis
656 2869 853 2937 continentur,
875 2867 1021 2941 attmgam.

33 2952 102 3012 inte
123 2954 234 3026 omnia,
261 2970 315 3027 ne,
338 2950 415 3029 quod
434 2949 585 3030 plerisque
607 2951 727 3025 accidit,
757 2950 794 3009 ab
814 2949 935 3009 utilitate
959 2966 1023 3008 eurn

33 3054 132 3097 :ausae
146 3038 310 3115 praesentis
327 3035 433 3113 cupido
449 3034 541 3095 laudis
558 3034 690 3095 abducat.
723 3033 795 3094 Nam
810 3042 841 3092 ut
854 3033 1052 3110 gerentibosa

33 3121 103 3181 tella
125 3138 183 3181 non
202 3138 318 3199 semper
341 3120 487 3180 exercitus
508 3136 562 3197 per
579 3119 664 3197 plana
680 3127 709 3177 et
729 3136 850 3178 amoena
875 3117 1022 3178 ducendus

33 3213 85 3280 est,
102 3204 155 3265 sed
170 3204 294 3265 adeundi
310 3203 481 3282 plerumque
492 3206 589 3281 asperi
606 3202 710 3278 colles,
729 3201 939 3280 expugnandae
954 3202 1023 3263 civi·

34 3298 99 3349 ates
115 3286 272 3367 quamlibet
287 3289 428 3366 praecisis
445 3289 597 3366 impositae
612 3286 731 3364 rupibus
746 3296 795 3346 aut
810 3304 930 3365 operum
946 3286 1023 3345 mole

33 3372 178 3433 liiiiciles:
208 3372 247 3432 ita
271 3373 364 3431 oratio
386 3371 523 3449 gaudebit
538 3371 652 3449 quidem
674 3374 830 3433 occasione
849 3370 953 3430 laetius
974 3369 1022 3428 de·

33 3457 158 3518 currendi
179 3466 211 3516 et
231 3471 327 3535 aequo
350 3472 510 3534 congressa
531 3473 633 3536 campo
654 3465 729 3516 totas
744 3454 1024 3600 vireq7pppulariter
