2434 3925
367 171 805 250 msu.oauuos.u1s.x1,1.
1027 170 1086 237 lbi

75 339 217 420 quamvis
232 337 348 398 multum
364 344 445 396 esset
461 337 489 395 in
504 336 560 396 boc
569 354 693 479 ¹quoque
708 337 854 413 momenti,
870 322 982 398 uterad
997 346 1084 414 agen·

75 425 150 484 dum
166 424 258 500 magis
274 422 395 482 idoneus
414 422 544 496 veniret,
588 422 682 481 icendi
703 431 797 481 tamen
812 422 978 482 facultatem
994 423 1085 498 magis

74 508 123 567 illi
141 507 269 567 detraxit
285 523 368 584 quam
384 506 529 581 arrogavit
545 504 618 580 sibi,
644 523 736 584 seque
756 521 813 563 non
831 514 1018 565 consecutum
1032 505 1085 565 sed

76 593 190 653 omnio
209 591 333 668 secisse,
354 598 388 649 ut
406 597 510 667 posset
524 607 592 649 eam
607 589 762 667 consequi,
785 588 865 648 dixit.
905 589 937 648 ln
953 590 1085 667 epistolis
1094 596 1127 650 tl

77 674 241 753 aliquando
259 673 437 735 familiariter
451 671 527 751 apud
542 672 667 748 amicos,
691 689 890 752 nonnunquam
911 673 939 731 in
962 672 1086 749 dialogis

77 758 181 819 aliena
193 767 288 817 tamen
299 774 425 835 persona
436 775 536 815 verum
548 755 585 814 de
597 754 762 835 eloquentia
774 774 825 816 sua
837 757 914 816 dicit.
937 755 974 815 Et
985 766 1086 835 aperte

78 852 183 902 tamen
207 840 326 918 gloriari
347 841 447 900 nescio
468 858 503 899 an
523 841 561 898 sit
585 843 676 917 magis
698 838 852 900 tolerabile
872 840 921 900 vel
943 842 1007 918 ipsa
1025 842 1086 900 vitii

80 926 173 985 buius
187 925 387 1003 simplicitate,
403 942 487 1003 quarn
501 923 549 983 illa
564 923 593 981 in
608 925 763 984 iactatione
780 943 935 1002 perversa,
958 925 983 984 si
997 924 1085 987 abun-

80 1010 158 1069 dans
175 1009 279 1087 opibus
294 1026 453 1088 pauperem
470 1026 520 1082 se,
543 1007 648 1067 nobilis
670 1009 823 1067 obscurum
845 1016 874 1067 et
892 1017 994 1086 potens
1010 1008 1085 1067 intir-

80 1112 162 1152 mum
184 1102 214 1152 et
236 1092 360 1152 disertus
380 1093 540 1170 imperitum
555 1091 641 1170 plane
664 1101 693 1151 et
708 1093 843 1152 infantem
858 1101 955 1151 vocet.
988 1091 1127 1153 nimbi-22

81 1178 191 1236 tiosum
215 1176 358 1253 gloriandi
379 1194 471 1253 genus
501 1184 545 1235 est
570 1177 655 1234 etiarn
677 1176 820 1236 deridere.
857 1175 903 1234 Ab
925 1175 989 1235 aliis
1012 1192 1084 1252 ergo

82 1261 250 1328 laudemur;
269 1278 333 1321 nam
345 1262 436 1339 ipsos,
454 1268 484 1319 ut
497 1258 711 1319 Demosthenes
723 1261 772 1336 ait,
787 1261 978 1339 erubescere,
993 1261 1085 1321 etium

84 1363 156 1406 oum
178 1345 218 1406 ab
243 1346 314 1406 otiis
338 1345 553 1420 laudabimur,
581 1345 677 1405 decet.
715 1343 818 1423 Neque
840 1343 906 1403 boo.
919 1342 1001 1419 dico,
1027 1359 1084 1402 non

84 1427 241 1507 aliquando
258 1429 294 1488 de
311 1428 399 1487 rebus
416 1446 432 1487 a
453 1445 486 1486 se
501 1429 594 1504 gestis
612 1429 719 1488 oratori
737 1446 804 1488 esse
820 1427 988 1503 dicendum,
1011 1429 1085 1487 sicut

85 1513 182 1572 eidem
197 1511 386 1572 Demostheni
408 1528 461 1590 pro
484 1509 689 1589 Ctesiphonte;
718 1512 795 1591 quod
807 1521 911 1581 „tamen
930 1513 969 1571 ita
987 1529 1083 1570 emen-

85 1596 180 1671 davit,
206 1605 237 1654 ut
262 1598 467 1655 necessitatem
493 1596 522 1654 id
546 1596 670 1655 faciendi
697 1596 866 1655 ostenderet
891 1596 1083 1675 invidiamque

86 1697 200 1739 omnem
216 1681 243 1738 in
259 1698 324 1739 eum
339 1687 509 1756 regeneret,
532 1679 579 1757 qui
596 1679 653 1738 boc
668 1698 701 1738 se
720 1681 877 1756 coegisset.
911 1678 948 1739 llt
963 1678 1000 1737 tt.
1018 1679 1127 1742 tut-aa

86 1764 142 1824 lius
158 1782 248 1842 saepe
264 1764 334 1824 dicit
348 1762 384 1823 de
397 1780 540 1840 oppressa
553 1764 750 1823 coniuratione
763 1762 917 1831 Catilinam
934 1763 986 1822 sed
998 1764 1083 1823 modo

84 1849 115 1907 id
140 1849 236 1907 virtuti
262 1856 380 1906 senatus
404 1846 490 1906 modo
517 1846 716 1924 providentiae
743 1848 861 1906 deornm
885 1847 1082 1906 immortalium

86 1933 222 2009 assignat.
246 1930 418 2010 Plerumque
433 1938 533 1991 contra
548 1931 678 1990 inimicos
692 1940 777 2010 atque
794 1930 1007 1991 obtrectatores
1018 1930 1083 2010 plus

86 2016 211 2075 vindicat
226 2016 291 2075 sibi.
321 2014 411 2075 llraut
426 2016 500 2074 enim
517 2015 634 2091 tuenda,
653 2033 717 2075 cum
735 2016 939 2076 obiicerentur.
974 2014 1006 2074 ln
1022 2025 1126 2078 ear-at

86 2100 206 2159 minibus
220 2101 325 2160 utinam
341 2100 542 2179 pepercisset,
559 2116 633 2177 quae
648 2116 706 2159 non
722 2100 868 2159 desierunt
885 2116 1009 2178 carpere
1026 2117 1082 2159 ma·
1134 2128 1140 2138 ¹

87 2183 172 2260 ligni:
778 2238 781 2243 .

212 2264 331 2330 Cedant
344 2284 436 2329 ormo
449 2274 548 2347 toque,
564 2268 714 2331 concedat
727 2269 837 2330 laureo
851 2266 959 2336 laudi,-

88 2359 116 2409 el

228 2432 254 2496 0
267 2436 456 2515 fortunatam
469 2445 575 2497 notum
589 2454 638 2497 me
652 2434 938 2512 concatenatarum·

89 2528 117 2578 et
129 2517 230 2581 locem
249 2521 345 2596 ittam,
363 2540 385 2582 o
404 2538 463 2599 qoo
476 2522 509 2581 in
529 2521 690 2582 consiliam
708 2520 834 2583 deornm
848 2521 1038 2587 advocamur,-
1055 2527 1084 2577 et

90 2600 271 2679 Mineruam,
294 2621 375 2683 quoe
395 2613 481 2666 artes
502 2624 570 2665 eom
592 2605 713 2674 doccia·
735 2621 810 2683 quae
827 2602 882 2663 sibi
899 2604 949 2664 ille
966 2610 1083 2662 secutus

91 2687 226 2763 quaedam
242 2685 420 2749 Graecorum
438 2688 572 2767 exempla
591 2689 773 2765 permiserat.

168 2768 275 2831 Verum
296 2773 481 2851 eloquentiae
496 2781 527 2831 ut
544 2772 683 2831 indecora
698 2771 813 2831 iactatio
829 2773 867 2831 ita
884 2777 1124 2845 nonnunquamto

91 2854 272 2915 concedenda
287 2855 392 2916 fiducia
408 2864 463 2916 est.
493 2855 565 2915 Nam
581 2856 646 2933 quis
660 2849 857 2933 reprebendbt
876 2853 967 2913 baec:
1000 2849 1083 2924 oasa

88 2940 208 3014 putem?
228 2948 463 3019 contemptumne
479 2941 549 3000 me?
584 2937 652 3000 Nom
667 2939 757 3001 video
773 2958 831 3000 nec
845 2938 878 2998 im
895 2938 960 2997 cito
974 2954 1032 2997 mec
1050 2933 1083 2996 in

90 3021 188 3099 qratia
213 3042 271 3085 acc
292 3025 325 3084 tm
346 3025 439 3085 rebus
458 3025 553 3102 pestis
573 3042 632 3084 nec
650 3024 684 3083 im
703 3022 764 3083 boc
784 3040 853 3083 meo
872 3019 1083 3082 mediocritate

90 3105 208 3181 inqenii,
222 3109 297 3185 quid
308 3109 468 3185 despicere
475 3108 573 3186 possit
583 3103 755 3168 Antonios?
770 3104 807 3164 Et
820 3104 906 3183 paulo
919 3113 986 3183 post
997 3122 1080 3183 aper·
1090 3112 1124 3166 26

92 3188 156 3246 tlus:
175 3185 223 3249 Am
238 3192 400 3254 decertare
413 3210 530 3262 mecum
543 3192 636 3251 volarit
651 3191 835 3251 contemtione
850 3189 997 3251 dicendi?
1017 3185 1083 3249 Hoc

93 3272 208 3348 quidem
227 3274 405 3351 beneficiam
422 3284 476 3340 est.
512 3273 594 3348 osan
614 3275 691 3335 enim
706 3274 842 3352 plenius,
864 3274 939 3352 qaid
958 3273 1084 3334 noram

94 3371 177 3433 quom
196 3358 269 3418 nrilri
289 3366 319 3418 et
333 3377 393 3437 pro
410 3379 458 3421 me
475 3366 504 3420 et
523 3368 632 3420 caretro
651 3354 812 3419 Antonium
826 3358 957 3420 dicere?

169 3441 350 3520 irrogantes
368 3452 396 3502 et
414 3444 470 3521 illi,
487 3444 535 3521 qui
554 3461 587 3503 se
606 3442 752 3503 indicasse
768 3442 804 3503 de
823 3460 910 3504 causa
925 3458 979 3500 nec
998 3440 1124 3501 aliterl‘t
