2434 3925
170 183 229 245 194
469 197 505 245 ιι.
527 196 605 247 uae.
629 196 846 256 qurummrnur

167 358 263 411 tatum.
290 347 365 411 Cum
379 351 417 409 sit
432 359 526 410 autem
544 351 572 410 in
587 350 631 410 his
648 360 696 411 aut
711 351 807 410 scelus
820 353 997 429 signatorum
1011 363 1059 415 aut
1070 356 1155 434 iguo-

166 436 270 495 rantia:
288 436 374 494 tutius
390 452 425 494 ac
442 434 554 494 facilius
569 434 608 508 id,
624 434 700 513 quod
716 435 843 495 secundo
858 436 925 496 loco
943 438 1074 515 diximus,
1096 451 1155 501 tra·

137 526 268 593 dotatur,
292 535 349 596 quo
367 519 519 595 pauciores
540 520 581 576 rei
597 519 675 586 irunt.
713 519 771 578 Sed
794 518 850 579 boc
874 523 966 598 ipsum
986 535 1156 599 argumenta

167 620 204 660 ex
219 620 305 661 causa
320 601 420 676 trabit,
444 603 468 660 si
486 602 561 660 iorte
578 611 625 662 aut
639 602 807 662 incredibile
823 613 882 679 est,
907 605 935 664 id
956 615 1049 665 actum
1073 626 1154 683 esse,

167 684 243 763 quod
260 686 374 746 tabulae
397 687 558 760 continent,
577 695 641 760 aut,
667 685 743 763 quod
760 687 938 765 frequentius
955 692 1065 765 evenit,
1088 693 1155 751 aliia

166 768 381 847 probationibus
408 787 501 847 aeque
526 770 751 829 inartificialibus
774 771 909 839 solvitur;
939 775 963 832 si
985 783 1033 833 aut
1054 776 1096 850 is,
1123 779 1155 843 in

166 870 250 931 quern
270 856 410 931 signatum
430 863 490 929 est,
514 862 561 913 aut
582 853 685 932 aliquis
700 857 828 930 signator
842 856 946 915 dicitur
961 856 1088 917 abluisse
1103 860 1153 919 vel

165 939 243 1014 prius
261 956 329 997 esse
346 937 513 1005 deiunctus;
537 939 561 996 si
583 945 713 1015 tempora
733 955 790 996 uon
805 949 978 1016 congruuut3
998 942 1022 1000 si
1037 941 1086 1001 vel
1103 961 1152 1017 an·

165 1021 326 1103 tecedentia
360 1021 408 1080 vel
439 1023 618 1098 insequentia
652 1020 756 1080 tabulis
784 1032 979 1101 repugnant‘
1005 1023 1153 1104 inspectio

165 1106 250 1165 etiam
264 1108 328 1184 ipsa
342 1123 431 1184 saepe
447 1105 549 1165 falsum
565 1105 764 1183 deprehendit.

515 1256 558 1307 DE
574 1257 800 1312 IURElURANDO.

244 1352 293 1413 vl.
325 1351 577 1414 Iusiurandum
604 1355 765 1431 litigatores
790 1363 837 1414 aut
860 1356 982 1415 ciieruut
1003 1374 1083 1416 suum
1104 1368 1154 1417 aut

73 1454 74 1457 ¹
163 1454 220 1496 non
235 1438 376 1515 recipiunt
394 1437 533 1504 oblatum;
555 1448 603 1498 aut
625 1438 659 1498 ab
681 1439 848 1499 adversario
866 1442 983 1518 exigunt
1005 1450 1053 1501 aut
1066 1459 1152 1501 recu-

50 1595 53 1600 ,
164 1529 243 1595 sant,
265 1539 328 1580 cum
346 1521 382 1581 ab
402 1523 473 1600 ipsis
495 1524 635 1599 exigatur.
674 1521 785 1582 Oilerre
807 1542 888 1582 sunm
909 1527 970 1583 siue
987 1524 1037 1584 illa
1053 1527 1152 1586 condi·

134 1606 262 1680 teione,
284 1614 314 1664 ut
329 1606 378 1665 vel
396 1606 577 1666 adversarius
592 1607 681 1680 iuret,
698 1606 761 1666 iere
776 1607 935 1685 improbum
951 1617 1005 1668 est.
1035 1607 1091 1681 Qui
1108 1619 1151 1669 ta·
1184 1642 1192 1657 ι

162 1707 227 1748 meu
241 1689 269 1749 id
286 1688 388 1750 faciet:
413 1689 460 1750 aut
475 1691 532 1749 vita
549 1708 581 1748 se
597 1690 737 1766 tuebitur,
761 1700 791 1750 ut
809 1710 872 1751 eum
889 1709 945 1750 non
961 1693 997 1751 sit
1012 1692 1152 1752 credibile

161 1774 371 1850 peieraturnm;
390 1783 438 1834 aut
452 1776 515 1852 ipsa
530 1776 559 1834 vi
579 1773 745 1851 religionis,
765 1776 792 1834 in
809 1793 863 1853 qua
882 1776 947 1854 plus
965 1776 1031 1835 iidei
1048 1792 1151 1836 conse·

163 1866 281 1934 quetur,
306 1861 330 1917 si
345 1858 374 1918 id
391 1860 499 1935 egerit,
521 1866 551 1917 ut
571 1876 628 1917 non
651 1860 755 1937 cupide
778 1858 813 1918 ad
828 1858 884 1918 boc
904 1859 1083 1919 descendere
1098 1861 1150 1920 scd

161 1960 197 2000 ne
219 1941 275 2001 boc
301 1942 414 2021 quidem
440 1960 576 2003 recusare
597 1941 741 2012 rideatur;
774 1952 837 2018 aut,
859 1945 884 2002 si
907 1963 994 2004 causa
1015 1946 1148 2022 patietur,

160 2026 245 2087 modo
262 2026 333 2101 litis,
355 2036 476 2106 propter
498 2044 580 2104 quatu
606 2027 761 2087 devoturus
778 2046 810 2086 se
825 2029 890 2105 ipse
905 2045 962 2087 non
983 2028 1082 2097 inerit;
1103 2038 1151 2088 aut

162 2120 278 2188 praeter
301 2111 355 2170 alia
378 2128 482 2170 causae
505 2113 690 2170 instrumenta
716 2111 812 2171 adiicit
834 2129 871 2170 ex
898 2111 1050 2171 abundanti
1077 2112 1151 2172 banc

134 2201 278 2272 3quoque
295 2196 490 2254 conscientiae
517 2213 586 2254 suae
617 2195 757 2255 fiduciam.
800 2194 855 2268 Qui
879 2213 936 2254 non
958 2198 1095 2273 recipiet:
1120 2206 1151 2256 et

160 2279 283 2354 iniquam
301 2277 498 2337 condicionem
514 2287 542 2337 et
557 2297 573 2337 a
589 2278 683 2338 multis
696 2280 838 2340 contemni
852 2279 1030 2339 iurisiurandi
1044 2289 1150 2339 metum

160 2360 247 2437 dicet,
264 2380 326 2420 cum
339 2363 422 2433 etiam
434 2361 600 2440 philosophi
615 2363 727 2440 quidam
738 2365 793 2423 sint
805 2364 923 2441 reperti,
938 2382 985 2441 qur
978 2364 1069 2423 deos
1081 2382 1150 2441 age·

159 2462 192 2504 re
208 2463 302 2504 rerum
318 2426 499 2504 humanarum
515 2464 609 2506 curam
626 2456 743 2523 negant;
760 2465 824 2506 eum
840 2464 922 2523 vero,
940 2450 987 2525 qui
1003 2448 1082 2507 nullo
1100 2447 1149 2507 de·

159 2528 301 2587 ferente'
293 2547 386 2589 iurare
405 2531 441 2588 sit
456 2515 588 2606 parat'us,
613 2540 642 2589 et
659 2532 751 2609 ipsum
765 2531 844 2590 velle
860 2531 896 2590 de
913 2549 998 2591 causa
1013 2550 1065 2591 sua
1081 2549 1149 2610 pru·

159 2614 289 2672 nuntiare
310 2622 355 2688 et,
378 2630 460 2690 quam
480 2613 524 2688 id,
559 2613 636 2692 quod
658 2615 760 2691 offert,
782 2615 848 2674 leve
870 2633 905 2674 ac
929 2615 1017 2675 facile
1038 2615 1149 2691 credat,

134 2696 323 2760 lostendere.
357 2695 428 2756 rit
420 2716 460 2772 rs,
483 2698 529 2775 qui
547 2698 656 2774 defert,
679 2699 786 2777 alioqui
807 2718 896 2776 agere
917 2699 1048 2759 modeste
1069 2700 1149 2758 vide·

160 2789 215 2856 tur,
232 2798 295 2840 cum
310 2781 367 2841 litis
387 2780 579 2840 adversarium
595 2783 718 2843 iudicem
735 2782 837 2858 iaciat,
859 2792 983 2857 etcum,
1003 2783 1082 2842 cuius
1099 2800 1148 2842 co·

159 2866 248 2943 gnitio
271 2874 331 2939 est,
358 2882 448 2924 curere
474 2864 591 2941 liberat,
621 2868 667 2944 qui
692 2866 826 2945 proiectu
850 2867 944 2927 alienu
966 2867 1148 2927 iureiurando

133 2950 230 3012 astari
255 2968 337 3027 quatu
357 2965 410 3008 suo
436 2950 552 3027 mavult.
596 2949 660 3023 Quo
683 2950 828 3010 difficilior
846 2951 991 3010 recusatio
1013 2959 1073 3026 est,
1095 2953 1150 3009 nisi

160 3032 236 3092 iorte
257 3052 306 3092 res
328 3042 372 3093 est
393 3052 443 3108 ea,
467 3051 549 3111 quam
572 3033 712 3094 credibile
738 3036 774 3093 sit
796 3044 892 3094 notam
914 3035 969 3112 ipsi
989 3051 1046 3093 non
1068 3052 1146 3093 esse.

160 3114 241 3188 Quae
259 3119 407 3177 excusatio
423 3120 447 3177 si
464 3117 571 3177 deerit:
588 3119 645 3177 hoc
661 3137 745 3177 unum
760 3118 948 3195 relinquetur,
967 3127 997 3176 ut
1016 3118 1149 3178 invidiam

159 3197 213 3257 sibi
232 3202 331 3298 quaeri
352 3201 388 3261 ab
403 3201 570 3261 adversario
589 3201 665 3261 dicat
684 3211 769 3300 atque
785 3202 813 3260 id
831 3203 895 3278 agi,
916 3204 989 3260 utin
1005 3219 1101 3276 causa,
1119 3203 1148 3259 in

160 3300 215 3360 qua
235 3285 352 3343 vincere
366 3295 423 3343 non
436 3288 544 3363 possit,
566 3287 648 3363 queri
664 3286 765 3363 possit.
810 3284 910 3363 itaque
929 3285 1071 3344 bominem
1087 3284 1147 3362 qui·

144 3365 224 3427 dem
238 3366 340 3426 malum
357 3378 562 3446 occupaturum
578 3369 651 3428 banc
667 3369 865 3428 condicionem
879 3368 981 3445 fuisse,
1000 3388 1032 3428 se
1052 3378 1149 3429 autern

136 3465 139 3476 ’
158 3450 283 3531 probare
301 3451 403 3527 maile,
429 3470 502 3530 quae
518 3453 657 3528 affirmet,
682 3469 766 3531 quum
782 3452 896 3511 dubium
914 3455 1045 3531 cuiquam
1061 3443 1147 3512 relic
