2434 3925
347 188 777 264 utenburronmuuqn.
998 185 1056 246 165

65 350 134 415 re'us
146 361 200 428 est,
213 351 360 411 confessio
371 350 564 410 verecundior
573 369 655 428 quam
668 353 827 429 expositio:
839 351 1060 431 Nonnepumus

66 441 106 500 de
118 438 226 514 templo
237 435 402 514 pecuniam
415 453 482 495 esse
492 437 654 510 sublatam,
673 438 878 500 calumniatur
888 446 988 497 lumen
1004 457 1059 497 cc·

67 519 569 596 muatorcctiooescmilepii,cum
577 519 1061 598 privatasueritoonsccrmoos

66 598 167 666 aculem
182 606 222 663 dc
236 603 293 664 loc
308 604 504 679 copnoscetio,
522 619 564 662 uo
576 604 772 679 sacmlepium
786 603 826 663 sit
839 605 1017 664 abaciacum.

151 686 210 746 Sed
224 684 322 751 athas
340 685 492 761 aliquando
508 701 565 743 non
582 686 715 744 na‘rrandi
732 703 834 744 causas
852 696 939 764 puto:
962 688 1005 746 sic
1024 686 1085 750 aus

67 769 125 831 illis
151 770 308 844 dissentio,
332 769 382 846 qui
401 785 458 827 non
484 770 648 847 existimant
672 786 738 828 esse
760 771 970 845 narrationem,
996 788 1059 829 cum

65 872 134 915 rcus
153 853 230 931 quod
251 852 387 910 obiicitur
401 860 507 912 tantum
529 860 631 929 negat;
654 853 755 930 inqua
777 861 821 911 est
836 854 971 930 opinione
988 851 1059 912 Gor·
1109 864 1112 871 '

66 936 159 997 nelias
175 934 298 1011 Celsus,
323 936 371 1014 qui
389 936 567 995 condicionis
590 935 673 993 huius
690 953 757 995 esse
779 935 931 995 arbitratur
948 935 1059 1014 pleras-

67 1038 124 1100 que
140 1021 237 1080 caedis
255 1036 357 1078 causas
374 1027 403 1077 et
421 1036 520 1078 omnes
537 1018 658 1078 ambitus
677 1036 711 1078 ac
726 1020 957 1097 repetundarum.
994 1019 1059 1079 Non
1068 1029 1102 1082 10

67 1106 141 1164 enim
161 1111 242 1181 putat
264 1120 332 1161 esse
353 1104 561 1179 narrationem,
580 1103 641 1177 ,nisi
666 1120 741 1180 quae
764 1120 900 1162 summam
923 1104 1058 1182 criminis,

5 1246 6 1271 ,
67 1188 103 1248 de
121 1204 178 1265 quo
194 1186 327 1245 iudicium
343 1193 404 1261 est,
427 1188 571 1261 continet,
588 1185 691 1245 deinde
707 1186 813 1245 latetur
827 1189 908 1264 ipse,
933 1203 987 1265 pro
1003 1186 1059 1246 Ra-

5 1294 6 1307 *
65 1270 139 1331 birio
161 1270 296 1328 Postumo
321 1286 455 1329 narrasse
481 1267 669 1337 Ciceronem3
697 1278 783 1347 atque
810 1269 861 1329 ille
889 1278 918 1329 et
943 1272 1076 1346 negavit

67 1355 237 1433 pervenisse
258 1353 294 1412 ad
308 1351 454 1412 Rabirium
471 1355 636 1431 pecuniam,
659 1371 715 1430 qua
736 1355 772 1412 de
794 1372 827 1412 re
848 1363 910 1414 erat
926 1355 1058 1432 quaestio
1082 1400 1086 1405 ,

67 1439 237 1512 constituta,
258 1445 288 1495 et
309 1437 337 1494 in
358 1436 413 1496 bae
434 1439 597 1496 narratione
620 1436 690 1495 nihil
713 1437 749 1513 de
774 1438 891 1496 crimine
913 1439 1057 1516 exposuit.

66 1519 131 1598 Ego
153 1529 248 1579 autem
268 1536 387 1596 magnos
404 1521 513 1599 alioqui
534 1529 652 1580 secutus
674 1530 825 1596 auctores,
849 1521 919 1581 duas
944 1540 1011 1581 esse
1033 1523 1061 1580 in
1068 1535 1099 1586 11

57 1604 179 1664 'iudiciis
194 1605 388 1663 narrationum
404 1606 520 1682 species
538 1605 687 1678 existimo,
711 1604 830 1663 alteram
846 1606 936 1683 ipsius
952 1623 1058 1664 causae

68 1688 188 1749 alteram
207 1705 302 1746 rerum
324 1687 360 1746 ad
377 1705 492 1746 causam
513 1688 724 1768 pertinentium.
737 1690 959 1764 expositionem.
992 1687 1059 1748 Noa
1068 1699 1101 1751 12

66 1772 167 1833 occidi
186 1770 348 1846 bominem,
366 1771 444 1830 nulla
460 1772 586 1830 narratio
604 1779 664 1838 est;
687 1773 837 1838 conuenit;
859 1770 912 1829 sed
933 1766 987 1830 erit
1008 1770 1059 1830 ali·

68 1854 124 1934 qua
147 1862 177 1912 et
195 1855 309 1912 interim
331 1855 415 1914 etiam
437 1854 524 1930 longa
547 1863 647 1912 contra
668 1863 834 1930 argumenta
852 1855 913 1913 eius
935 1855 1060 1912 criminis

5 1944 6 1947 ’
67 1939 105 1999 de
126 1947 258 1998 anteacta
272 1941 347 2013 vita,
370 1939 406 1999 de
428 1938 539 2014 causis,
561 1945 682 2016 prppter
698 1954 769 2016 quas
785 1938 924 1997 innocens
940 1938 968 1997 in
984 1938 1059 2015 peri-

67 2021 163 2083 culum
180 2021 352 2097 deducatur,
369 2023 447 2097 aliis,
465 2021 567 2100 quibus
582 2020 750 2080 incredibile
766 2023 804 2098 id,
821 2022 899 2100 quod
914 2021 1058 2097 obiicitur,

67 2106 126 2165 liat.
155 2103 259 2183 Neque
274 2107 347 2164 enim
363 2114 517 2165 accusator
531 2114 637 2164 tantum
653 2104 709 2164 hoc
727 2106 805 2180 dicit,
821 2106 976 2171 occidistiz
995 2105 1058 2180 sed,
1071 2105 1101 2159 13

67 2188 172 2268 quibus
192 2188 221 2247 id
242 2188 363 2267 probet,
391 2197 496 2248 narrat.
539 2188 630 2248 Utin
657 2189 831 2265 tragoediis,
861 2207 924 2248 cum
945 2187 1060 2248 Teucer

65 2271 173 2332 Ulixen
195 2290 276 2331 reum
296 2273 367 2333 lacit
382 2274 481 2332 Aiacis
504 2273 595 2332 occisi
615 2273 729 2332 dicens:
758 2271 916 2334 ducentum
940 2290 1008 2333 eum
1027 2274 1060 2332 in

66 2358 228 2418 solitudine
241 2359 329 2418 tuam
341 2359 481 2417 exanime
492 2375 605 2435 corpus
619 2358 735 2417 inimici
750 2376 817 2417 cum
829 2358 935 2435 plodio
949 2375 1059 2417 eruen-

69 2448 113 2502 to.-
138 2456 197 2498 non
211 2440 239 2499 id
254 2440 339 2499 modo
356 2439 457 2499 Ulixes
472 2440 646 2519 respondet,
668 2456 724 2498 non
741 2458 807 2498 esse
823 2458 839 2499 a
856 2458 889 2498 se
905 2441 933 2500 id
948 2439 1059 2498 facinus

66 2522 236 2597 admissum,
259 2523 312 2582 sed
333 2524 387 2582 sibi
410 2521 503 2583 nullas
525 2543 588 2583 cum
605 2524 696 2582 Aiace
716 2524 875 2583 inimicitias
891 2523 999 2598 inisse,
1022 2523 1059 2582 de

67 2605 153 2666 laude
175 2607 251 2665 inter
274 2609 356 2684 ipsos
377 2616 532 2675 certatnm;
558 2607 662 2667 deinde
683 2606 842 2683 subiungit,
866 2607 1011 2685 quomodo
1030 2608 1060 2663 in

35 2708 42 2719 ⁴
64 2706 130 2748 eam
146 2689 329 2750 solitudinem
344 2693 465 2765 venerit,
482 2693 624 2750 iacentem
638 2692 796 2750 exanimem
811 2691 848 2749 sit
863 2691 1058 2767 conspicatus,

65 2772 193 2850 gladium
214 2775 366 2833 evulnere
388 2776 554 2834 extraxerit.
591 2773 642 2833 His
665 2774 825 2833 subtexitur
840 2774 1057 2850 argumentatio.

66 2856 126 2915 Sed
142 2875 179 2916 ne
194 2856 264 2916 illud
280 2858 394 2936 quidem
409 2860 471 2916 sine
487 2859 651 2918 narratione
668 2866 728 2934 est,
746 2858 860 2917 dicente
877 2865 1058 2931 accusatore,
1069 2863 1101 2920 14

64 2938 163 3002 Fuisti
182 2942 215 3001 in
229 2959 263 3001 eo
283 2946 366 3017 loco,
384 2944 416 3002 io
437 2958 496 3020 quo
515 2951 584 3002 tuus
603 2943 745 3001 iuimicus
765 2943 885 3002 seusus
905 2949 965 3001 est:
990 2938 1059 3001 Nou

63 3024 134 3102 tite}
163 3024 314 3084 dicendum
341 3028 434 3101 enim,
462 3025 509 3084 ubi
532 3025 629 3084 luerit.
679 3024 775 3097 Quare
797 3022 917 3082 ambitus
942 3041 1058 3103 quoque

65 3107 174 3167 causae
193 3117 221 3167 et
241 3109 463 3187 repetundarum
479 3109 535 3186 boc
557 3110 643 3168 etiam
666 3108 764 3186 plures
786 3106 945 3167 huiusmodi
962 3125 1058 3167 narra·

64 3191 163 3250 tiones
186 3190 294 3251 habero
316 3201 468 3271 poterunt,
491 3210 548 3271 quo
568 3192 651 3271 plura
672 3192 803 3259 crimina;
828 3190 975 3269 inquibus
996 3192 1059 3269 ipsa

65 3275 184 3352 quidem
200 3277 329 3352 neganda
351 3285 433 3352 sunt,
456 3276 508 3336 sed
526 3276 700 3353 argumentis
717 3276 900 3352 expositione
916 3276 1070 3334 contraria

64 3359 259 3418 resistendum
272 3369 301 3419 et
315 3360 456 3420 interdum
470 3361 592 3436 singulis
606 3356 746 3418 interdum
761 3359 912 3417 universis.
936 3358 981 3417 An
992 3362 1100 3415 reus15

64 3440 191 3502 ambitus
205 3443 282 3503 male
303 3443 444 3520 narrabit,
465 3459 538 3521 quos
554 3450 691 3522 parentes
707 3440 853 3517 babuerit,
876 3441 1058 3520 quemadmo-
