2434 3925
370 175 791 241 1nsr.onnnon.n1n.x,1.
1027 166 1085 227 155

80 334 136 413 qui
146 334 203 393 sint
214 331 259 392 his
270 330 415 405 simillimi,
432 330 574 398 iudicare;
590 331 789 408 nequisquam
800 340 945 408 queratur,
961 334 1086 392 omissos

58 412 175 494 sforte,
192 433 266 494 quos
281 416 345 494 ipse
359 414 444 474 valde
459 414 573 491 probet.
609 413 716 473 Fateor
737 414 811 473 enim
826 415 926 494 plures
942 417 1085 494 legendos

81 515 155 560 esse
172 518 255 579 quam
271 501 318 577 qui
336 517 352 557 a
369 516 415 557 me
430 498 657 557 nominabuntur.

171 586 230 645 Sed
245 600 321 642 nuuc
336 600 445 658 genera
461 583 524 659 ipsa
544 582 717 656 lectionum,
740 598 814 658 quae
826 584 993 661 ,praecipue
1017 603 1085 645 con-

80 669 186 728 venire
204 665 425 741 intendentibus,
442 674 473 724 ut
484 674 617 735 oratores
633 666 709 739 liant,
724 666 900 742 existimem,
912 685 1084 747 persequor.

169 750 275 829 igitur,
298 760 329 810 ut
349 750 455 809 Aratus
479 751 519 810 ab
535 748 608 811 loce
626 749 833 827 incipiendum
853 759 949 828 putat,
970 753 1009 812 ita
1032 764 1127 828 nos46

83 837 141 896 rite
154 836 285 914 coepturi
297 833 332 892 alt
349 833 504 893 Homero
522 833 660 892 videmur.
686 832 740 892 llic
752 835 836 909 euim,
849 834 1084 910 quemadmodum

55 939 127 983 *ezr
150 918 273 982 Oceano
293 917 362 977 dicit
382 918 446 995 ipsc
469 918 602 979 amnium
620 917 807 995 sontiumque
833 935 945 978 caruca
968 920 1086 982 initium

83 1020 216 1082 capere,
239 1001 368 1062 omnibus
393 1000 578 1079 eloquentiae
606 996 736 1078 partious
759 1001 923 1079 exemplum
944 1011 973 1061 et
993 1013 1086 1063 ortum

82 1088 174 1148 dedit.
210 1086 292 1146 Hunc
312 1102 397 1144 nemo
419 1085 448 1143 in
470 1087 580 1161 magnis
606 1084 694 1144 rebus
720 1084 910 1160 sublimitate,
931 1088 960 1145 in
987 1088 1104 1164 parvis·

79 1171 267 1250 proprietate
282 1170 473 1247 superaverit.
504 1167 583 1228 ldem
598 1168 691 1229 laetus
707 1187 741 1229 ac
756 1187 886 1248 pressus,
901 1170 1040 1230 iucundus
1056 1178 1086 1228 et

82 1256 195 1332 gravis,
212 1254 273 1313 tum
287 1255 371 1332 copia
386 1261 444 1312 tum
459 1252 601 1313 brevitate
616 1253 771 1330 mirabilis,
793 1271 850 1313 nec
865 1254 981 1332 poetica
997 1255 1084 1318 modo

83 1339 140 1399 sed
162 1339 288 1399 oratoria
315 1338 420 1396 virtute
448 1339 696 1397 eminentissimus.
733 1335 805 1397 Nam
831 1347 862 1396 ut
884 1337 921 1397 de
942 1337 1082 1413 laudibus,
1091 1347 1125 1402 47

85 1421 352 1496 exhortationibus,
379 1421 626 1481 consolationibus
647 1431 774 1482 taceam:
805 1439 900 1481 nonno
921 1422 971 1481 vel
991 1439 1083 1480 nonus

85 1506 173 1582 liber,
188 1522 245 1585 quo
262 1506 349 1565 missa
364 1504 400 1564 ad
414 1502 558 1565 Achillem
574 1506 683 1583 legatio
700 1507 870 1581 continetur,
886 1504 933 1564 vel
949 1506 977 1564 iu
990 1508 1083 1584 primo

84 1592 162 1650 inter
183 1590 273 1649 duces
293 1589 344 1648 illa
366 1590 512 1648 contentio
534 1588 583 1649 vel
609 1583 703 1649 diotae
723 1592 752 1649 in
774 1588 901 1649 secundo
924 1591 1084 1650 sententiae

85 1692 187 1734 omnes
204 1674 294 1733 litium
309 1690 344 1732 ac
361 1673 547 1732 consiliorum
569 1673 716 1752 explicant
737 1670 835 1733 artes?
870 1673 1001 1733 Affectus
1022 1676 1125 1752 qui-48

84 1758 151 1819 dem
166 1756 213 1817 vel
232 1757 300 1817 illos
315 1757 398 1815 mites
412 1756 461 1816 vel
476 1755 530 1816 hos
553 1759 730 1833 concitatos,
754 1773 838 1816 nemo
861 1759 916 1816 erit
932 1766 989 1817 tam
1003 1758 1083 1819 indo·

3 1838 4 1841 ’
86 1851 160 1918 ctus,
177 1843 225 1919 qui
240 1857 297 1899 non
312 1842 340 1900 in
359 1858 410 1900 sua
428 1849 575 1919 potestate
590 1840 666 1901 hooc
682 1850 829 1901 auctorem
843 1838 978 1900 habuisse
993 1841 1082 1901 latea-

83 1935 140 1987 tur.
171 1925 237 2003 Age
251 1942 334 2002 vero,
349 1941 407 1985 non
418 1926 567 2004 utriusque
584 1926 682 2004 operis
697 1926 846 2002 ingressus
860 1926 889 1985 in
903 1925 1083 2003 paucissimis

83 2010 218 2070 versibus
242 2010 338 2086 legem
359 2011 573 2087 prooemiorum
592 2027 650 2069 uon
672 2010 737 2070 dico
758 2011 884 2069 servavit
903 2007 956 2068 sed
977 2010 1083 2071 consti.

84 2091 159 2153 tuit?
189 2092 260 2153 Nam
277 2094 450 2153 benevolum
469 2093 628 2154 auditorem
647 2095 830 2153 invocatione
851 2094 985 2169 dearum,
1011 2111 1082 2171 quas

85 2178 254 2257 praesidere
269 2176 382 2238 vatibus
399 2177 537 2238 creditum
553 2187 614 2253 est,
630 2187 661 2238 et
675 2179 810 2237 intentum
824 2178 973 2254 proposita
989 2195 1083 2236 rerum

86 2262 280 2339 magnitudine
296 2271 324 2322 et
341 2260 465 2321 docilem
488 2280 595 2322 summa
620 2261 757 2322 celeriter
779 2261 988 2339 comprehensa
1002 2261 1081 2320 lacit.

3 2417 6 2422 ¹
84 2345 209 2406 Narrare
224 2363 296 2405 vero
313 2347 376 2424 quis
394 2345 510 2404 brevius
526 2347 676 2424 quam-qui
691 2354 811 2405 mortem
827 2346 935 2405 nuntiat
946 2345 1081 2421 Patrocli,
1089 2349 1124 2405 ta

3 2455 4 2476 2
86 2432 149 2509 quis
172 2430 379 2506 significantius
400 2438 498 2507 potest
519 2447 602 2507 quam
631 2431 679 2507 qui
700 2427 835 2489 Curetum
855 2428 1084 2506 Aetolorumque

85 2512 227 2593 proelium
243 2509 383 2592 exponit?
412 2512 474 2580 lam,
484 2512 700 2589 similitudines,
717 2513 966 2591 amplificationes,
985 2531 1081 2573 exem·

3 2617 8 2670 ,t
85 2597 143 2677 pla,
163 2597 323 2673 digressus,
340 2599 422 2674 signa
437 2615 532 2656 rerum
548 2607 577 2657 et
587 2606 754 2675 argumenta
772 2606 927 2675 ceteraque
943 2596 1083 2675 probandi

3 2679 4 2686 ’
87 2699 121 2740 ac
140 2680 283 2740 refutandi
299 2691 365 2740 sunt
381 2683 419 2741 ita
439 2680 541 2756 multa,
561 2691 592 2741 ut
613 2683 698 2741 etiam
715 2682 763 2760 qui
781 2683 817 2742 de
833 2682 940 2740 artibus
957 2682 1082 2757 scripse·

3 2761 4 2812 l
86 2772 150 2824 runt
164 2764 277 2843 plurimi
298 2765 396 2825 harum
418 2784 513 2825 rerum
535 2767 726 2824 testimonium
744 2765 779 2825 alt
797 2765 854 2824 hoc
871 2772 958 2841 poeta
973 2771 1081 2841 petant.

3 2879 4 2884 κ
86 2847 156 2907 Nam
174 2846 307 2925 epilogus
323 2849 438 2927 quidem
454 2850 517 2927 quis
532 2866 654 2927 unquam
669 2851 777 2927 poterit
793 2849 850 2908 illis
865 2848 966 2907 Priami
981 2851 1125 2923 rogan-50

86 2933 122 2991 tis
137 2931 281 2991 Achillem
297 2933 433 3010 precibus
451 2929 591 3011 aequari?
629 2932 726 3005 Quid?
741 2934 769 2991 in
784 2931 899 3005 verbis,
921 2931 1082 3004 sententiis,

87 3016 203 3092 liguris,
225 3014 416 3093 dispositione
432 3018 519 3076 totins
543 3018 642 3094 operis
665 3034 759 3075 nonne
775 3015 887 3074 humani
902 3016 1007 3091 ingenii
1023 3031 1082 3072 mo·

87 3100 150 3160 dnm
172 3098 308 3158 excedit?
331 3110 362 3160 ut
386 3101 481 3177 magni
507 3102 543 3159 slt
568 3103 688 3160 virtutes
715 3100 776 3158 eius
800 3116 858 3158 non
881 3098 1082 3172 aemulatione,

87 3181 163 3263 quod
179 3182 241 3241 lieri
256 3199 312 3242 uon
328 3193 436 3261 potest,
453 3183 506 3243 sed
520 3184 670 3243 intellectu
686 3185 778 3261 sequi.
807 3182 914 3242 Verum
924 3182 971 3241 hio
982 3199 1081 3241 omnes
1090 3192 1124 3245 51

87 3269 148 3327 siue
162 3264 248 3326 dubio
265 3267 335 3325 etin
351 3269 426 3326 omni
442 3286 552 3345 genere
568 3268 752 3345 eloquentiae
763 3266 866 3344 procul
882 3283 941 3326 ase
956 3266 1082 3343 reliquit,

88 3353 188 3429 epicos
207 3357 301 3409 tamen
318 3353 492 3429 praecipue,
511 3351 650 3411 videlicet
667 3352 733 3428 quia
749 3350 908 3410 clarissima
922 3352 950 3409 in
965 3350 1083 3409 materia

14 3507 17 3515 Ι
88 3432 171 3496 simili
185 3434 362 3513 comparatio
378 3442 432 3494 est.
466 3435 544 3495 Raro
560 3435 686 3511 assurgit
706 3433 904 3511 Hesiodus,
922 3439 1124 3510 magnaquett
