2434 3925
155 225 214 288 tbb
466 237 503 285 u.
519 235 596 285 unm
613 236 831 298 qumrmmut

152 402 181 451 et
196 391 360 469 speciosum
376 391 489 451 dicendi
503 409 613 468 genus,
633 399 709 451 tanta
722 391 885 455 „verborum
906 394 990 454 etiam
1005 412 1085 473 quae
1102 415 1151 456 as·

151 485 262 553 sumpta
277 484 341 534 sunt
352 477 525 554 proprietas,
541 485 618 534 tanta
633 477 661 534 in
673 475 840 553 quibusdam
852 496 890 536 ex
900 479 1031 556 periculo
1044 482 1152 557 petitis

92 560 343 636 laasigniiicantia.
373 558 534 634 Habebunt,
551 560 598 636 qni
614 568 681 636 post
703 577 756 619 uos
771 560 807 619 de
826 561 988 621 oratoribus
1003 563 1150 640 scribent,

147 662 278 720 magnam
293 660 357 718 eos,
374 645 421 720 qui
440 660 513 701 nunc
527 645 637 719 vigent,
654 646 800 703 materiam
814 662 885 703 vere
898 645 1041 705 laudandi.
1075 649 1150 707 Sunt

148 729 222 788 euim
236 745 343 786 summa
357 726 460 800 bodie,
480 725 583 805 quibus
598 726 756 786 illustratur
771 727 881 803 forum,
897 730 1021 805 ingenia.
1057 729 1146 790 Narn-

148 830 204 891 que
238 819 268 869 et
295 811 480 869 consummati
506 811 560 869 iam
585 811 699 887 patroni
725 810 873 870 veteribus
902 812 1085 873 aemulantur
1119 824 1148 873 et

147 913 200 956 eos
222 896 354 954 iuvenum
376 893 412 954 ad
435 894 541 972 optima
565 893 740 954 tendentium
759 896 883 955 imitatur
903 913 938 957 ac
954 898 1090 974 sequitur
1106 901 1146 957 in-

147 980 264 1040 dustria.

89 1074 140 1129 123
231 1063 407 1140 Supersunt,
432 1062 479 1139 qui
502 1061 539 1121 de
561 1060 801 1139 philosophia
825 1062 1008 1139 scripserint,
1038 1066 1147 1140 quoin

146 1163 257 1224 genere
278 1147 467 1223 paucissimos
487 1144 579 1204 adhuc
601 1145 774 1221 eloquentes
796 1146 910 1207 litterae
932 1144 1081 1205 Romanae
1105 1157 1145 1207 tu·

146 1231 250 1291 lerunt.
285 1228 364 1288 ldem
383 1231 468 1305 igitur
493 1227 530 1289 Μ.
548 1228 709 1305 Tullius,
730 1231 778 1306 qui
794 1229 915 1307 ubique,
940 1231 1025 1290 etiarn
1041 1231 1071 1289 iu
1088 1231 1146 1291 hoc

148 1331 239 1392 opere
266 1312 393 1372 Platonis
421 1312 549 1373 aemulus
575 1314 678 1373 extitit.
720 1310 866 1390 Egregius
895 1331 967 1372 vero
992 1313 1145 1393 multoque

148 1415 231 1476 quam
254 1399 283 1456 in
311 1395 487 1456 orationibus
512 1398 704 1473 praestantior
726 1394 855 1456 Brutus
881 1397 996 1457 sud'ecit
1018 1398 1145 1475 ponderi

90 1487 255 1547 liveram:
289 1481 365 1539 scias
391 1497 455 1539 eum
476 1481 584 1539 sentire
604 1498 679 1558 quae
703 1481 780 1540 dicit.
821 1480 944 1560 Scripsit
962 1498 1019 1540 uon
1041 1499 1144 1559 parum

146 1565 233 1624 multa
249 1560 449 1623 Cornelius
465 1561 610 1640 Celsus,
631 1564 748 1624 Sextios
763 1574 892 1639 secutus,
910 1582 967 1623 non
982 1567 1045 1623 sine
1063 1566 1144 1624 cultu

146 1667 182 1708 ac
199 1649 303 1727 nitore.
342 1648 488 1708 Plautus
511 1650 539 1706 iu
558 1648 665 1707 Stoicis
686 1666 782 1708 rerum
806 1650 963 1725 cognitioni
986 1649 1075 1707 utilis.
1114 1648 1145 1708 lu

145 1731 299 1811 Epicureis
315 1731 388 1791 levis
409 1732 522 1810 quidem
544 1731 596 1791 sed
615 1748 672 1791 non
686 1732 853 1792 iniucundus
869 1742 962 1791 tamen
977 1741 1082 1791 auctor
1100 1741 1144 1791 est

88 1814 281 1876 rascatius.
308 1815 354 1874 Ex
364 1816 501 1877 industria
516 1815 692 1876 Senecam
707 1818 736 1875 in
748 1817 823 1875 omni
833 1833 944 1893 genere
956 1815 1143 1893 eloquentiae

145 1899 242 1961 distuli
254 1909 374 1980 propter
388 1899 532 1977 vulgatam
546 1898 622 1958 falso
638 1900 674 1960 de
688 1918 734 1959 me
748 1901 922 1978 opinionem,
939 1917 995 1978 qua
1007 1899 1143 1958 damnare

101 2045 105 2054 ,
146 2004 210 2044 eum
226 1993 256 2043 et
275 1986 396 2044 invisum
418 2001 533 2062 quoque
555 1984 662 2044 babere
678 2003 740 2043 sum
756 1982 891 2044 creditus.
930 1983 1015 2057 Quod
1037 1983 1144 2043 accidit

144 2070 222 2143 mibi,
243 2069 309 2129 dum
325 2077 489 2146 corruptum
505 2076 534 2127 et
549 2068 679 2128 omnibus
692 2070 768 2128 vitiis
782 2067 903 2128 fractum
920 2067 1034 2129 dicendi
1049 2085 1143 2144 genus

88 2166 287 2221 lsfirevocare
307 2152 343 2212 ad
365 2153 513 2212 severiora
535 2153 638 2212 iudicia
661 2152 814 2212 contendo.
855 2150 925 2212 Tum
948 2161 1043 2211 autem
1060 2151 1142 2210 solus

145 2237 192 2297 bic
207 2237 270 2297 iere
286 2237 315 2296 in
330 2236 457 2296 manibus
472 2235 698 2296 adolescentium
718 2235 780 2295 fuit.
815 2234 908 2308 Quem
927 2251 985 2294 uon
1007 2235 1142 2312 equidem

145 2323 258 2380 omnino
277 2320 403 2380 conabar
426 2328 564 2379 excutere
582 2319 635 2379 sed
654 2318 816 2397 potioribus
835 2319 976 2397 praeferri
990 2335 1049 2377 non
1066 2320 1141 2377 sine

143 2404 219 2480 bam,
237 2421 309 2482 quos
327 2403 377 2464 ille
393 2420 449 2463 non
463 2404 613 2463 destiterat
628 2402 791 2478 incessere,
805 2421 868 2462 cum
879 2402 985 2462 diversi
1001 2401 1057 2461 sibi
1073 2419 1141 2460 cou-

144 2490 220 2549 scius
232 2488 349 2564 generis
360 2487 478 2566 placere
494 2505 527 2546 se
541 2488 570 2547 in
584 2487 819 2565 dicendoposse,
835 2486 937 2564 quibus
954 2487 997 2545 illi
1012 2484 1141 2563 placent,

143 2572 296 2632 diffideret.
324 2570 464 2630 Amabant
480 2580 573 2630 autem
589 2590 654 2631 eum
672 2573 762 2647 magis
779 2587 862 2647 qnam
878 2569 1059 2629 imitabantur
1078 2577 1139 2628 tan·

143 2666 259 2734 tumque
281 2655 317 2715 ab
333 2673 369 2715 eo
385 2653 563 2729 detluebant,
576 2663 719 2732 quantum
740 2653 791 2713 ille
812 2653 848 2714 ab
870 2655 992 2732 antiquis
1017 2652 1139 2711 descen·

88 2740 233 2804 latuerat.
264 2738 353 2800 Foret
368 2741 441 2799 enim
456 2739 627 2815 optandum,
649 2756 735 2816 pares
753 2756 787 2797 ac
810 2738 911 2797 saltem
932 2738 1082 2815 proximos
1099 2735 1141 2795 illi

143 2828 206 2885 viro
223 2824 294 2883 tieri.
332 2823 391 2885 Sed
403 2822 546 2900 ‘placebat
566 2831 687 2901 propter
706 2821 770 2881 sola
783 2822 851 2880 vitia
867 2830 897 2880 et
911 2821 945 2879 ad
964 2837 1047 2879 ease
1064 2821 1139 2897 quis·

145 2926 200 2985 que
213 2908 355 2985 dirigebat
367 2906 539 2983 effingenda,
554 2924 628 2983 quae
639 2914 770 2984 poterat;
783 2903 886 2964 deiude
898 2923 962 2963 cum
973 2922 1006 2962 se
1019 2905 1140 2963 iactaret

87 2993 247 3052 litleodem
267 2992 353 3052 modo
377 2992 491 3064 dicere,
514 2992 654 3050 Senecam
675 2988 837 3048 infamabat.
878 2985 964 3047 Cuius
989 2995 1019 3047 et
1033 2985 1140 3046 multae

144 3075 251 3152 alioqui
268 3085 297 3135 et
312 3093 431 3152 maguae
446 3076 566 3134 virtutes
582 3074 712 3149 inerunt,
730 3074 872 3149 ingenium
888 3072 974 3130 facile
993 3080 1021 3129 et
1039 3072 1138 3148 cepio

144 3177 221 3232 sum,
245 3158 395 3235 plurimum
419 3158 518 3233 studii,
540 3157 627 3217 multa
642 3174 736 3214 rerum
753 3156 894 3232 cognitim
918 3157 1023 3231 inqua
1046 3163 1139 3213 tamen

144 3241 295 3319 aliquando
313 3241 349 3301 ab
366 3242 426 3316 his,
443 3241 544 3319 quibus
560 3240 727 3317 inquirenda
744 3238 883 3316 quaedam
899 3237 1067 3311 mandabat,
1091 3237 1138 3297 de·

145 3335 245 3404 ceptus
262 3333 316 3384 est.
352 3325 496 3385 Tractavit
512 3328 596 3385 etiarn
611 3340 723 3382 omnem
736 3323 799 3382 iere
811 3322 967 3381 studiorum
981 3322 1137 3381 materiam.

88 3418 138 3472 129
146 3410 217 3469 Nam
234 3417 262 3468 et
277 3410 422 3468 orationes
441 3412 501 3467 eius
520 3417 549 3468 et
564 3416 699 3486 poemata
719 3415 748 3466 et
771 3405 913 3485 epistolae
929 3414 958 3465 et
974 3404 1083 3481 dialogi
1097 3403 1139 3463 ie-

143 3503 251 3554 runtur.
283 3491 315 3553 ln
331 3491 513 3571 philosophia
530 3509 630 3572 parum
646 3490 780 3568 diligens,
797 3491 933 3567 egregius
948 3498 1042 3549 tamen
1054 3487 1137 3547 vitio·
