2434 3925
342 197 431 248 rnen.
446 199 776 266 onuuoa.u1o.1ro,1.
914 195 918 206 ’
1014 188 1055 249 87

46 356 152 433 tropis
172 354 327 431 figurarum
351 371 455 413 nomen
477 354 639 431 imponant,
669 370 788 430 quorum
810 363 854 413 est
872 353 904 414 G.
922 355 1066 413 Artorius

50 438 211 500 Proculus.
238 437 312 510 Quin
327 438 399 499 adeo
416 437 570 496 similitudo
587 437 737 496 manifesta
753 447 812 513 est,
828 446 858 497 ut
871 457 933 497 eam
947 438 1055 497 discer·
1072 458 1089 510 3

49 540 129 582 nere
151 538 208 580 non
231 522 267 580 sit
290 524 319 581 r'n
341 531 483 599 promptu.
526 520 598 580 Nam
620 538 676 599 quo
699 522 784 581 modo
803 523 942 599 quaedam
962 523 990 580 in
1012 522 1055 581 his

53 606 179 685 species
197 606 282 683 plane
299 608 418 681 distant,
434 612 565 663 manente
581 614 675 663 tamen
690 605 821 682 generali
837 605 885 665 illa
902 607 1055 681 societate,

53 690 138 770 quod
160 698 285 766 utraque
295 707 344 750 res
369 707 385 748 a
404 697 485 748 reeta
501 697 530 747 et
550 689 674 766 simplici
694 691 804 747 ratione
823 708 886 748 cum
903 689 998 768 aliqua
1015 692 1056 750 di·

55 773 145 835 cendi
168 776 272 832 virtute
296 774 472 834 deflectitur:
498 774 535 830 ita
553 773 693 849 quaedam
708 772 846 851 perquam
869 775 947 831 tenui
969 772 1057 832 limite

54 858 238 932 dividuntur,
260 865 291 915 ut
309 875 374 916 cum
393 857 485 915 ironia
502 864 558 914 tam
579 859 654 914 inter
675 857 781 933 figuras
797 859 956 916 sententiae
974 874 1056 956 quam

54 945 135 1045 ipter
152 949 253 1019 tropos
274 941 451 1019 reperiatur,
475 940 653 1016 περίφρασιν
675 950 769 999 autem
790 949 820 999 et
842 933 1007 1019 ὑπερβατὸν
1028 948 1057 999 et

55 1017 287 1103 ὀνοματοαοιΐαα
302 1025 372 1085 clari
388 1040 503 1102 quoquc
520 1032 655 1082 auctores
670 1024 776 1100 figuras
791 1024 945 1083 verborum
960 1026 1056 1103 potius

57 1126 146 1188 quam
161 1119 262 1187 tropos
279 1108 411 1168 dixerint.

145 1192 210 1266 Quo
231 1194 322 1268 magis
345 1192 483 1269 signanda
499 1200 543 1251 est
558 1193 707 1268 utriusque
728 1194 771 1252 rei
792 1193 960 1253 differentia.
1004 1190 1086 1252 usco

56 1278 146 1355 igitur
169 1285 301 1354 tropos
326 1293 422 1334 senno
446 1293 462 1333 a
482 1276 602 1334 naturali
624 1284 653 1334 et
673 1277 827 1354 principali
847 1277 1057 1353 significatione

57 1359 215 1421 nanslctus
227 1360 262 1419 cd
274 1360 359 1419 aliam
370 1360 513 1419 ornandae
528 1360 664 1421 orationis
676 1362 783 1436 gratia,
799 1360 865 1436 vel,
881 1369 912 1419 ut
924 1359 1056 1438 plerique

58 1445 237 1542 grammatici
257 1444 370 1518 liniunt,
399 1444 487 1503 dictio
509 1443 544 1503 ab
566 1461 602 1502 eo
624 1443 706 1518 loco,
736 1445 764 1502 in
785 1461 842 1522 quo
860 1446 977 1522 propria
1000 1454 1057 1520 est,

58 1527 333 1603 translataineum,
348 1529 450 1605 inquo
468 1529 733 1605 proprianonest3
759 1528 894 1604 figura,
916 1529 1056 1612 sicutno·

59 1615 137 1672 mine
155 1612 219 1689 ipso
234 1621 332 1690 patet,
350 1611 539 1671 conformatio
554 1610 693 1709 quaedam
711 1614 877 1670 acommuni
894 1620 922 1670 et
937 1612 1057 1689 primum

61 1715 96 1756 se
117 1695 258 1755 offerente
280 1698 402 1755 ratione
441 1693 569 1766 Quare
560 1713 589 1753 rn
608 1695 700 1772 tropis
722 1704 892 1801 ponuntur
887 1695 976 1755 verba
1001 1696 1085 1755 allud

60 1779 313 1859 procliis,ut1n
334 1781 499 1878 μεταφορᾷ,
516 1779 695 1876 μετωνυμίᾳ,
713 1779 924 1880 αντονομασίρι,
939 1774 1057 1856 percit}

61 1878 128 1941 ψει,
143 1863 303 1944 συνεκδοχῆ
310 1905 320 1940 ,
332 1857 520 1942 καταχρήσει,
534 1853 708 1963 ἆλληγορίᾳ,
720 1861 888 1939 plerumque
893 1838 1055 1944 ὑπερβολῇ.

61 1947 190 2028 Namque
205 1956 235 2007 et
249 1947 335 2007 rebus
348 1947 378 2007 lit
395 1956 425 2007 et
440 1945 547 2006 verbis.
583 1936 805 2023 Ὀνοματοπαιια
819 1945 896 2005 lictio
911 1955 955 2005 est
969 1949 1057 2005 nomi·

60 2037 119 2101 nis;
143 2048 214 2109 ergo
230 2030 287 2092 hoc
305 2048 420 2110 quoque
437 2048 490 2110 pro
507 2031 569 2090 aliis
581 2033 711 2109 ponitur,
731 2028 832 2106 qurihus
849 2049 927 2089 usun
921 2031 1056 2106 inimus,

63 2119 88 2177 si
108 2116 178 2176 illud
201 2132 258 2175 oon
275 2116 458 2192 lingeremus.
500 2114 684 2212 Περίριρασις
708 2115 818 2173 etiamsi
839 2114 1007 2191 frequenter
1028 2118 1085 2173 et6
1190 2191 1196 2198 .

61 2201 114 2262 id'
106 2217 212 2278 ipsum,
233 2200 261 2259 in
284 2202 364 2259 cuius
379 2200 475 2260 locum
488 2199 658 2274 assumitur,
678 2214 781 2257 nomen
800 2198 953 2297 complecti
969 2198 1057 2273 solet,

63 2286 149 2345 utitur
165 2292 259 2343 tamen
275 2283 404 2361 pluribus
419 2300 473 2362 pro
487 2299 555 2341 uno.
593 2243 761 2358 Ἐαύθετον,
785 2285 916 2361 quoniam
933 2281 1057 2359 plerum·

63 2386 119 2448 que
135 2370 348 2427 antonomasiae
363 2384 431 2446 pars
447 2375 507 2441 est,
531 2367 732 2425 coniunctione
749 2368 811 2425 eius
829 2367 860 2425 iit
875 2376 985 2444 tropus
1026 2365 1058 2425 In

61 2450 221 2530 hyperbato
238 2452 420 2510 commutatio
436 2458 481 2510 est
502 2450 625 2524 ardicis,
647 2450 772 2527 ideoque
793 2451 872 2510 multi
891 2452 983 2530 tropis
1000 2450 1058 2511 hoc

62 2552 155 2615 genus
176 2535 310 2593 eximunt.
357 2533 505 2594 Transfert
531 2543 626 2593 tamen
649 2533 768 2594 verbum
794 2544 841 2594 aut
862 2545 972 2613 partem
995 2537 1057 2594 eins

65 2634 148 2679 asuo
163 2618 231 2678 loco
251 2620 280 2677 in
294 2617 425 2677 alienum.
468 2618 575 2677 Horum
591 2618 661 2678 nihil
676 2620 705 2676 in
726 2617 832 2695 liguras
857 2618 942 2679 cadit.
986 2617 1085 2683 Nomi

67 2710 96 2762 et
119 2704 243 2780 propriis
274 2702 371 2761 verbis
396 2711 426 2762 et
448 2702 548 2761 ordine
574 2702 726 2761 collocatis
749 2703 840 2778 ligura
863 2702 926 2761 lieri
948 2710 1055 2780 potest.

66 2784 216 2859 Quomodo
230 2794 326 2844 autem
340 2787 432 2847 ironia
447 2786 502 2846 alia
513 2788 551 2845 sit
561 2788 638 2865 tropi
653 2786 708 2845 alia
723 2785 903 2860 schematos,
922 2802 974 2844 suo
989 2784 1056 2844 loco
1156 2812 1163 2821 ·

65 2868 189 2929 reddam.
229 2868 341 2928 Nomen
356 2872 428 2929 enim
446 2870 541 2928 fateor
555 2887 623 2928 esse
637 2887 802 2945 commune,
827 2877 857 2927 et
872 2869 950 2942 scio,
974 2885 1058 2946 quam

65 2953 252 3031 multiplicem
282 2953 405 3012 habeant
427 2970 568 3031 quamque
595 2954 794 3031 scrupulosam
822 2951 1056 3029 disputationem

67 3035 118 3096 sed
137 3054 172 3095 ea
192 3054 249 3095 non
272 3038 396 3116 pertinet
416 3037 612 3115 adpraesens
634 3055 727 3095 meum
747 3038 936 3113 propositum.
981 3034 1057 3094 Nihil

68 3122 139 3180 enim
153 3120 260 3195 refert,
277 3121 421 3198 quomodo
438 3120 601 3199 appelletur
618 3118 781 3179 utrumlibet
797 3134 911 3193 eorum,
928 3119 967 3193 si,
989 3118 1057 3197 qnid

68 3205 186 3263 orationi
204 3206 312 3281 prosit,
333 3214 462 3283 apparet.
506 3203 569 3263 Nec
584 3212 706 3263 mutatur
726 3202 875 3262 vocabulis
890 3204 934 3261 vis
950 3220 1054 3262 rerum.

68 3285 104 3347 Et
116 3288 188 3346 siout
202 3287 349 3364 homines,
366 3290 390 3348 si
405 3288 479 3348 aliud
495 3295 687 3366 acceperunt,
704 3303 787 3363 quam
798 3285 874 3364 quod
887 3286 1085 3360 habuerant&

69 3388 184 3446 nomen,
210 3372 296 3430 iidem
318 3381 382 3430 sunt
408 3382 520 3431 tameo:
543 3372 581 3430 ita
601 3370 690 3444 haec,
716 3370 752 3428 de
776 3369 878 3449 quibus
902 3370 1054 3447 loquimur,

70 3456 129 3517 siue
151 3456 228 3534 tropi
249 3457 310 3514 sive
332 3455 441 3532 figurae
461 3454 606 3530 dicentur,
627 3453 703 3513 idem
722 3452 858 3513 eilicient.
902 3453 967 3512 Non
982 3452 1056 3512 enim
