2434 3925
150 155 210 218 154
468 164 598 216 mnas.
615 163 835 225 amnummru

147 324 214 397 sint,
230 338 305 400 quae
319 321 347 380 iu
362 328 482 380 auctore
497 336 614 397 quoque
626 320 784 398 praecipua
797 321 898 380 virtus.
933 320 992 381 Sed
1006 324 1161 402 persequi

105 405 278 483 assingulos
297 404 396 464 induiti
413 405 501 464 fuerit
517 406 626 482 operis.
665 402 781 482 Quippe
798 421 861 464 cum
876 406 904 463 in
917 403 1006 465 Bruto
1022 404 1061 465 Μ.
1080 405 1156 467 'iui-

145 490 200 551 lius
215 498 258 548 tot
279 488 392 548 milibus
417 506 551 548 versuum
572 487 609 548 de
630 486 766 548 Romanis
788 496 895 549 tautum
916 489 1083 549 oratoribus
1106 491 1156 550 lo·

146 582 250 652 quatur
269 581 407 632 ettamen
422 571 459 631 de
475 572 605 631 omuibus
621 573 724 632 aetatis
740 589 821 648 suae,
834 571 1004 651 quibuscum
1015 574 1153 650 vivebat,

145 658 278 735 exceptis
299 653 426 715 Caesare
440 665 527 733 atque
542 654 701 732 Marcello,
718 656 862 716 silentium
877 657 987 733 egerit:
1009 659 1077 735 quis
1095 660 1155 718 erit

70 814 72 823 s
145 743 257 816 modus,
280 740 305 799 si
323 749 353 800 et
367 739 434 802 illos
450 749 479 799 et
495 740 543 817 qui
561 749 666 818 postea
681 740 795 801 inerunt
810 749 840 800 et
855 738 984 801 Graecos
998 758 1103 802 omues
1122 751 1154 801 et

103 824 357 904 39phiIosophcs?
391 822 456 884 Fuit
475 825 562 900 igitur
581 822 710 884 brevitas
726 824 776 885 illa
799 826 957 899 tutissima,
979 843 1054 903 quae
1071 826 1151 904 apud

143 909 252 971 Livium
266 909 295 968 iu
310 908 435 985 epistola
452 908 487 967 ad
503 907 590 967 tilium
605 910 730 986 scripta,
758 909 902 986 tacendos
916 907 1151 972 Demosthenem

47 992 49 996 ’
143 1001 235 1071 atquo
250 990 443 1068 Ciceronem,
465 1001 527 1053 tnm
545 992 605 1068 ito,
626 994 799 1071 manisque
813 1001 892 1056 meet
904 991 1103 1055 Demostheni
1121 1002 1151 1055 et

101 1075 285 1141 acescerent
300 1077 481 1138 simillimas.
503 1074 569 1135 Non
584 1085 631 1135 est
641 1085 736 1136 tamen
748 1076 950 1137 dissimulanda
965 1078 1057 1136 nostri
1073 1095 1148 1157 quo·

144 1179 201 1240 que
216 1160 312 1221 iudicii
327 1176 444 1219 summa.
480 1157 592 1219 Paucos
609 1161 684 1219 euim
698 1159 747 1220 vel
761 1161 858 1239 potius
875 1161 924 1219 vix
941 1160 1029 1220 ullum
1043 1178 1085 1220 ex
1101 1161 1147 1220 iris

144 1247 192 1323 qui
202 1252 374 1304 vetustatem
390 1242 569 1321 pertulerunt
585 1246 718 1304 existimo
734 1260 825 1322 posse
841 1245 973 1321 reperiri,
988 1245 1057 1322 quin
1072 1245 1146 1304 iudi·

144 1330 217 1388 cium
232 1326 432 1388 adhibentibus
448 1326 586 1386 allaturus
608 1330 646 1387 sit
660 1328 790 1388 utilitatis
805 1327 930 1406 aliquid,
952 1346 1016 1387 cum
1040 1347 1076 1388 se
1099 1326 1146 1388 Ci-

144 1429 213 1472 cero
231 1410 339 1472 abillis
355 1427 471 1488 quoque
485 1413 686 1471 vetustissimis
701 1410 883 1487 auctoribus,
906 1413 1066 1488 ingeniosis
1084 1415 1146 1490 qui·

143 1494 208 1555 dem
233 1494 286 1554 sed
308 1503 370 1554 arte
392 1493 572 1569 carentibus,
593 1494 744 1573 plurimum
765 1496 889 1556 fateatur
907 1495 1041 1555 adiutum.
1082 1495 1146 1555 Neo

101 1579 231 1642 slmulto
249 1578 325 1638 aliud
348 1578 385 1638 de
402 1580 486 1637 novis
506 1580 610 1638 sentio.
649 1578 761 1652 Quotus
783 1580 858 1638 euim
879 1580 1002 1657 quisque
1021 1580 1144 1639 inveniri

143 1673 200 1723 tam
214 1663 339 1723 'demens
361 1670 475 1741 potest,
503 1663 552 1740 qui
578 1679 616 1722 na
642 1664 754 1727 minima
778 1662 892 1741 quidem
913 1662 1035 1724 alicuius
1063 1673 1145 1724 certe

144 1747 247 1807 fiducia
262 1748 350 1824 partis
371 1747 536 1806 memoriam
550 1747 731 1825 posteritatis
745 1743 927 1826 speraverit?
962 1746 1017 1820 Qui
1038 1748 1063 1806 si
1081 1749 1143 1826 quis

59 1880 61 1883 .
144 1839 204 1892 est:
228 1832 300 1890 intra
321 1831 429 1908 primos
452 1832 544 1889 statim
564 1848 668 1889 versus
691 1830 924 1909 deprehendetur
943 1839 973 1890 et
990 1831 1075 1890 citius
1091 1849 1143 1890 nos

144 1915 274 1992 dimittet,
292 1932 375 1993 quam
390 1923 420 1975 ut
436 1915 498 1975 eius
515 1913 599 1974 uobis
614 1931 718 1993 magno
734 1915 872 1994 temporis
886 1913 1057 1975 detrimento
1075 1932 1141 1976 con·

101 2008 198 2063 distet
220 2000 456 2077 experimentum.
500 1998 558 2059 Sed
579 2015 637 2058 uon
657 2000 793 2078 quidquid
819 1999 855 2060 ad
880 1998 1005 2078 aliquam
1030 2010 1142 2078 partem

143 2084 282 2144 scientiae
299 2085 440 2161 pertinet,
462 2085 592 2160 protinus
618 2082 654 2144 ad
677 2083 837 2145 faciendam
853 2084 939 2143 etiam
954 2083 1086 2162 phrasin,
1106 2084 1141 2143 da

143 2185 199 2246 qua
218 2165 648 2245 loquimur,·accommodatum.

226 2251 332 2312 Verum
349 2260 500 2328 autequam
512 2249 548 2310 de
563 2249 684 2327 singulis
701 2250 815 2330 loquar,
830 2268 922 2331 pauca
938 2251 967 2311 in
977 2252 1140 2312 uuiversum

100 2334 178 2398 sade
194 2337 334 2395 varietate
352 2336 516 2413 opinionum
531 2334 653 2395 dicenda
669 2344 742 2395 suut.
778 2333 850 2395 Nam
865 2335 978 2414 quidam
993 2334 1077 2395 solos
1092 2354 1140 2396 ve·

132 2421 221 2479 'teres
239 2418 380 2496 legendos
395 2428 494 2496 putant
508 2436 604 2497 neque
618 2420 647 2478 in
664 2418 732 2479 ullis
744 2418 808 2479 aliis
824 2437 892 2478 esse
906 2417 1064 2479 naturalem
1081 2420 1140 2479 elo·

144 2504 287 2581 quentiam
305 2511 333 2561 et
345 2502 434 2561 robur
447 2503 517 2560 viris
532 2502 648 2579 dignum
659 2501 845 2572 arbitrantur;
860 2503 935 2562 alios
948 2520 1053 2562 recens
1069 2503 1140 2563 haec

144 2586 261 2646 lascivia
279 2585 460 2663 deliciaeque
481 2594 511 2644 et
534 2587 628 2646 omnia
649 2586 685 2646 ad
699 2586 877 2665 voluptatem
891 2586 1077 2647 multitudinis
1091 2590 1138 2646 im·

101 2672 255 2749 saperitae
277 2671 438 2748 composita
463 2669 619 2730 delectant.
653 2669 786 2748 Ipsorum
807 2671 893 2732 etiam
909 2672 957 2749 qui
974 2679 1086 2730 rectum
1100 2670 1137 2730 di·

144 2754 228 2815 ceudi
243 2772 336 2831 genus
352 2755 435 2831 sequi
451 2753 550 2813 volunt
566 2753 615 2814 alii
628 2771 731 2832 pressa
746 2754 858 2819 demum
875 2764 904 2815 et
915 2756 1011 2814 tenuis
1026 2763 1055 2813 et
1067 2771 1138 2832 quae

142 2840 284 2898 minimum
299 2837 335 2898 ab
350 2856 403 2897 usu
421 2837 565 2897 cotidiano
582 2837 736 2915 recedant,
757 2856 827 2899 sana
844 2847 874 2898 et
890 2856 962 2900 vere
978 2838 1074 2898 Attica
1090 2856 1136 2916 pu·
1206 2875 1207 2882 κ

143 2930 217 2991 taut,
234 2922 372 3001 quosdam
388 2921 493 2981 elatior
509 2923 616 2997 ingenii
634 2922 678 2980 vis
696 2930 726 2982 et
738 2923 829 2999 magis
846 2924 988 2982 concitata
1004 2930 1033 2982 et
1053 2920 1137 2999 plena

143 3007 260 3083 spiritus
278 3007 369 3084 capit;
386 3014 451 3064 sunt
471 3006 555 3065 etiam
571 3005 645 3065 leuis
663 3013 692 3065 et
706 3005 786 3066 nitidi
805 3014 835 3065 et
850 3007 1003 3084 compositi
1023 3008 1136 3082 generis

143 3105 200 3148 non
216 3092 301 3167 pauci
315 3098 468 3149 amatores.
498 3087 544 3148 De
566 3107 622 3167 qua
635 3089 794 3149 differentia
808 3089 947 3150 disseram
963 3089 1134 3166 diligentius,

121 3205 124 3211 ·
144 3190 208 3232 cum
224 3173 259 3233 de
274 3191 385 3250 genere
402 3172 516 3233 dicendi
531 3172 726 3251 quaerendum
740 3174 804 3233 erit.
838 3172 955 3233 Interim
971 3174 1133 3249 summatim,

144 3256 212 3334 quid
231 3265 259 3315 et
275 3274 291 3315 a
309 3274 364 3334 qua
380 3256 507 3316 lectione
529 3266 631 3335 petere
648 3258 776 3335 possint,
796 3258 845 3334 qui
864 3258 1034 3317 confirmare
1048 3256 1134 3317 facul·

101 3348 136 3403 45
144 3348 231 3400 tatem
246 3339 358 3399 dicendi
373 3339 487 3415 volent,
508 3341 655 3416 attingam.
692 3339 804 3400 Paucos
828 3343 903 3400 enim
918 3341 1000 3418 (sunt
1014 3341 1133 3401 eminen-

143 3424 259 3504 tissimi)
277 3440 439 3503 excerpere
455 3424 484 3483 iu
504 3424 597 3484 auimo
617 3432 672 3486 est.
702 3422 863 3490 Facile-est
877 3433 971 3487 autem
991 3424 1133 3504 studiosis,
