2434 3925
347 198 436 247 ruse.
449 198 598 247 cnecon.
614 192 785 264 me.11‚1t.
1021 186 1061 247 95

65 357 142 417 enim
158 364 236 415 artes
251 356 328 415 aiunt
345 353 455 414 babere
470 354 648 429 materiam,
665 354 749 431 ¹qnod
770 363 815 413 est
828 372 943 424 verum:
964 353 1062 415 rbeto·

64 443 144 501 rices
164 442 281 502 oollam
301 456 368 498 esse
387 440 564 517 propriam,
588 437 665 516 quod
686 455 753 497 esse
770 438 873 498 falsum
892 442 919 499 iu
939 458 1063 517 sequen·

66 525 143 585 tibus
159 524 300 603 probabo.
337 522 438 582 Altera
457 531 502 581 est
517 523 672 596 calumnia,
695 522 800 582 nullam
814 532 905 583 artem
920 523 1001 583 falsis
1017 543 1062 585 as·
1071 530 1105 585 18
1181 555 1187 565 ·

66 609 167 669 sentiri
181 607 381 687 opinionibus,
404 607 470 684 quia
486 607 622 665 constitui
640 608 702 664 sino
718 608 908 685 perceptione
923 625 980 667 non
994 627 1062 687 pos·

67 696 119 768 sit,
144 711 218 771 quae
233 710 349 769 semper
361 709 432 750 vera
447 693 497 758 sit;
520 692 693 751 rhetoricen
713 692 859 752 cereolos·
877 693 983 770 falsis,
1006 711 1063 753 non

68 795 134 837 esse
153 779 240 853 igitur
255 784 354 835 artem.
381 774 463 852 Ego,
482 775 647 834 rhetoricen
662 792 861 852 nunnunquam
877 776 975 835 dicere
990 778 1105 837 falsa19

67 879 120 941 pro
139 863 237 935 veris,
259 859 435 926 confitebor;
458 860 511 919 sed
535 876 594 918 non
617 859 684 918 ideo
706 861 735 917 in
759 859 833 919 lalsa
858 877 973 938 quoque
996 879 1063 921 esse

67 947 204 1024 opinione
226 943 397 1017 concedam,
417 946 482 1021 quia
505 944 592 1021 longe
614 943 758 1002 diversum
780 952 842 1018 est,
861 946 916 1021 ipsi
934 946 1001 1021 quid
1021 946 1063 1005 vi·

66 1031 128 1091 deri
152 1038 198 1103 et,
216 1037 248 1087 ut
270 1027 318 1087 alii
332 1027 482 1100 videatur,
504 1028 634 1087 ellicere.
668 1026 740 1087 Nam
761 1037 790 1086 et
809 1029 966 1106 imperator
980 1030 1063 1089 falsis

65 1117 155 1174 utitur
170 1130 277 1190 saepe,
296 1120 327 1170 ut
347 1111 504 1187 Hannibal,
525 1130 589 1171 cum
609 1111 736 1170 inclusus
752 1130 768 1170 a
784 1110 890 1189 Fabio,
911 1115 1081 1172 sarmentis.

67 1201 176 1258 circum
201 1214 309 1256 cornua
333 1195 420 1255 boum
439 1195 572 1272 deligatis
598 1198 800 1274 incensisque,
828 1216 882 1275 per
900 1208 1015 1257 noctem
1034 1200 1063 1257 in

67 1282 208 1342 adversos
224 1289 335 1340 montes
351 1298 441 1356 agens
457 1290 583 1339 armenta
598 1283 727 1359 speciem
741 1281 818 1340 bosti
833 1282 962 1342 abeuntis
979 1300 1063 1343 exer·
1114 1289 1121 1306 ’

67 1369 141 1426 citus
158 1365 253 1442 dedit,
273 1365 325 1424 sed
347 1364 426 1423 illum
443 1359 564 1432 lelellit;
584 1367 667 1442 ipse,
686 1365 753 1442 qnid
773 1383 873 1425 verum
888 1377 984 1445 esset,
1005 1385 1063 1426 nou

65 1452 220 1527 ignoravit.
255 1447 319 1508 Nec
332 1466 404 1508 vero
420 1448 626 1527 Theopompus
642 1450 902 1527 Lacedaemonius,
919 1470 982 1511 cum
998 1460 1106 1530 per-bo

66 1543 174 1594 mutato
191 1552 253 1593 cum
268 1550 360 1592 uxore
376 1532 472 1592 habitu
488 1552 506 1592 e
521 1534 651 1594 custodia
666 1544 696 1593 ut
710 1535 813 1608 mulier
832 1538 939 1611 evasit,
961 1536 1064 1596 falsam

67 1620 103 1688 de
121 1637 155 1677 se
171 1620 335 1695 opinionem
356 1616 453 1676 habuit
470 1618 522 1677 sed
542 1618 710 1679 custodibus
731 1619 872 1696 praebuit.
906 1620 978 1680 Item
998 1638 1063 1679 ora·

66 1713 130 1778 tor,
151 1721 214 1762 cum
233 1701 309 1761 falso
331 1703 418 1760 utitur
438 1719 491 1779 pro
511 1720 599 1777 vero,
620 1705 676 1761 scit
698 1722 765 1761 esse
786 1703 889 1762 falsum
912 1721 1008 1781 eoque
1030 1723 1063 1764 se

67 1805 121 1866 pro
133 1804 205 1846 vero
221 1789 277 1854 uti;
291 1803 349 1845 non
365 1804 436 1862 ergo
452 1785 555 1846 lulsam
569 1786 656 1845 habet
670 1787 734 1864 ipse
747 1789 911 1864 opinionem
923 1787 974 1846 sed
989 1788 1064 1848 fallit

66 1872 164 1932 alium.
198 1869 261 1929 Nee
282 1867 405 1944 Cicero,
425 1889 489 1929 oum
510 1887 543 1929 se
564 1870 699 1930 tenebras
717 1871 855 1930 ollndisse
874 1871 1016 1930 iudicibus
1036 1874 1105 1933 in21

67 1975 156 2017 causa
173 1953 297 2015 Cluentii
312 1954 453 2031 gloriatus
470 1963 530 2030 est,
550 1954 619 2015 nibil
635 1957 698 2033 ipse
714 1955 792 2015 vidit.
827 1954 865 2015 Et
879 1957 984 2034 pictor,
1000 1975 1064 2015 cum

65 2043 95 2100 vi
112 2042 183 2099 artis
197 2057 267 2099 suae
283 2039 388 2114 eflicit,
406 2048 437 2097 ut
453 2039 593 2116 quaedam
612 2042 738 2098 eminere
753 2042 782 2099 in
797 2056 905 2118 opere,
924 2040 1064 2117 quaedum

65 2126 231 2185 recessisse
247 2124 414 2199 credamus,
433 2126 497 2202 ipse
519 2142 553 2184 ea
573 2124 658 2202 plana
681 2141 820 2183 essenon
840 2126 943 2183 nescit.
977 2124 1106 2186 Aiunttt

66 2210 171 2283 etiam,
190 2227 293 2269 omncs
304 2216 389 2268 artes
402 2208 516 2269 dobere
532 2208 622 2286 tinem
644 2210 776 2287 aliquem
790 2209 998 2288 propositum,
1020 2211 1065 2271 od

66 2310 158 2372 quem
173 2294 318 2363 teodont;
335 2293 417 2353 duno
433 2294 522 2353 modo
535 2295 651 2354 mullum
666 2313 733 2354 esse
747 2296 779 2353 in
793 2295 962 2369 rtomrioe,
976 2294 1065 2355 modo

64 2397 126 2439 ooo
140 2378 298 2455 praestari
312 2394 396 2451 eum,
415 2378 468 2454 qui
477 2379 684 2456 promittatur.
714 2376 902 2446 Mentiuntur;
921 2395 973 2436 nos
990 2379 1064 2437 enim

67 2480 137 2522 esse
152 2461 237 2520 linem
252 2462 307 2520 iam
321 2460 508 2536 ostendimus,
524 2470 555 2520 et
570 2463 634 2539 quis
650 2471 730 2520 esset
744 2462 875 2521 diximus.
902 2461 1106 2523 praestabitis

67 2546 144 2605 bunc
161 2562 277 2623 semper
294 2553 410 2621 orator,
433 2562 549 2623 semper
571 2547 646 2604 enim
666 2546 844 2605 benedicet.
877 2544 1001 2605 Firmum
1014 2564 1062 2605 au-

68 2639 125 2689 tem
146 2629 220 2703 hoc,
251 2629 328 2706 quod
350 2630 520 2707 opponitur,
541 2629 680 2689 adversus
707 2647 759 2689 eus
786 2631 911 2690 tortasse
936 2633 988 2704 eit,
1015 2632 1063 2707 qui

68 2714 246 2792 persuadere
267 2713 352 2772 linem
372 2721 552 2790 putaverunt.
584 2712 694 2773 Noster
716 2723 814 2773 orator
828 2732 932 2791 arsque
948 2732 965 2773 a
979 2714 1063 2773 nobis

68 2797 145 2857 linita
160 2815 218 2857 non
232 2807 296 2856 sunt
311 2797 405 2875 posita
420 2799 448 2856 in
463 2807 578 2856 eventu.
610 2797 713 2858 Tendit
728 2798 842 2877 quidem
853 2798 888 2857 ad
903 2799 1062 2872 victoriam,

68 2883 116 2959 qui
133 2881 217 2949 dicit;
237 2881 290 2940 sed
307 2899 371 2940 cum
387 2881 462 2940 bene
480 2882 566 2957 dixit,
588 2884 770 2942 etiamsinon
791 2885 901 2956 vincat,
922 2882 966 2955 id,
987 2881 1063 2959 quud

66 2975 129 3024 arte
146 2967 325 3040 continetur,
351 2965 457 3024 effecit.
491 2964 566 3043 Nam
578 2975 608 3025 et
626 2966 802 3042 gubernator
816 2966 878 3025 vult
893 2966 973 3025 salva
990 2965 1105 3025 nave24

65 3052 94 3108 in
116 3058 230 3127 portum
250 3051 418 3128 pervenire3
445 3051 469 3108 si
490 3058 584 3108 tamen
608 3059 781 3128 tempestate
804 3051 891 3110 fuerit
914 3050 1062 3128 abreptus,

65 3150 127 3192 non
142 3134 208 3194 ideo
230 3135 320 3192 minus
341 3136 396 3193 erit
415 3133 594 3210 gubernator
615 3135 751 3214 dicetque
765 3143 863 3193 notum
878 3134 964 3209 illud,
983 3133 1064 3196 Dum

65 3219 189 3278 otovom
212 3227 328 3278 rectum
347 3225 475 3281 terreum.
511 3217 548 3277 Et
567 3219 695 3279 medicus
718 3220 867 3279 sanitatem
888 3235 978 3296 aegro
998 3229 1104 3297 pro-25

62 3303 165 3368 mittin
190 3304 215 3361 si
240 3310 335 3361 tamen
359 3311 407 3362 aut
430 3303 601 3362 valetudinis
622 3305 651 3362 ui
671 3312 719 3363 aut
742 3305 959 3381 intemperantia
983 3304 1064 3378 aegri

61 3386 165 3445 aliove
180 3402 238 3463 quo
253 3403 320 3444 casu
336 3404 442 3446 summa
457 3405 513 3446 non
529 3389 678 3463 contingit,
695 3388 760 3447 dum
774 3389 837 3465 ipse
853 3388 946 3446 omnia
961 3403 1063 3445 secun·

64 3471 134 3531 dum
148 3471 289 3530 rationem
308 3469 427 3545 lecerit,
447 3472 607 3532 medicinae
628 3472 684 3531 dne
705 3489 762 3531 non
778 3471 903 3532 excidet.
937 3470 980 3530 lta
999 3486 1063 3529 ora·
1086 3493 1088 3496 ·
