2434 3925
156 245 196 307 54
463 258 500 304 u.
521 255 601 335 nnn.
624 253 844 314 onmnrcrmn

156 415 192 473 sit
214 409 469 487 iacies'dicentis,
492 429 528 470 ne
551 409 633 470 labra
650 410 900 488 distorqueamur,
922 428 958 470 ne
983 410 1172 472 immodicus

155 498 248 557 hiatus
271 498 374 555 rictum
399 496 555 570 discindat,
583 512 620 552 ne
642 496 759 571 supinus
782 493 894 568 vultus,
925 512 961 554 ne
991 496 1105 555 deiecti
1137 499 1172 556 in

156 590 261 640 terram
285 581 377 655 oculi,
401 580 536 639 inclinata
557 577 695 637 utrolibet
714 580 824 637 cervix.
868 576 941 637 Nam
962 580 1042 638 frons
1066 580 1169 657 pluri·

114 666 208 727 lbbus
231 664 387 743 generibus
410 672 525 742 peccat.
569 663 635 722 Vidi
657 662 779 737 multos,
804 680 924 740 quorum
945 663 1109 741 supercilia
1128 664 1170 724 ad

156 749 288 827 singulos
316 750 400 809 vocis
435 757 555 807 conatus
585 746 796 821 allevarentur,
830 747 951 806 aliorum
984 749 1166 823 constricta,

156 835 277 894 aliorum
303 835 389 893 etiam
409 832 591 906 dissidentia,
615 849 679 890 cum
700 831 821 890 alterum
842 833 871 889 in
892 833 1032 891 verticem
1053 833 1167 893 tende·

116 928 234 994 llrent,
264 918 357 977 altero
384 935 478 995 paene
498 914 601 976 oculus
622 917 687 993 ipse
708 924 898 993 premeretur.
942 914 1087 976 inlinitum
1111 935 1166 975 nu-

156 1012 225 1076 tem,
244 1010 274 1061 ut
291 1019 359 1061 mox
380 1001 519 1076 dicemus,
542 1001 571 1058 in
592 999 636 1058 his
659 1016 775 1077 quoque
797 999 884 1058 rebus
907 1010 1083 1059 momentum
1097 1009 1165 1068 est:

157 1097 186 1147 et
206 1086 275 1146 nihil
302 1094 400 1163 potest
420 1084 541 1162 placere
564 1084 641 1162 quod
661 1100 719 1143 non
738 1084 833 1143 decet.

115 1182 148 1234 12
238 1169 335 1229 Debet
359 1169 443 1227 etiam
468 1168 576 1227 docere
604 1167 779 1243 comoedus,
805 1168 949 1246 quomodo
971 1169 1163 1244 narrandum,

158 1256 268 1332 quasit
290 1254 462 1313 auctoritate
485 1252 677 1326 suadendum,
701 1269 756 1329 qua
781 1254 975 1312 concitatione
999 1263 1165 1331 consurgat

157 1341 216 1412 ira,
243 1339 290 1415 qui
312 1337 405 1396 ilexns
425 1336 529 1395 deceat
548 1337 772 1396 miserationem.
817 1336 901 1409 Quod
924 1339 962 1397 ita
984 1340 1104 1416 optime>
1118 1338 1164 1397 ia·

159 1425 232 1496 ciet,
258 1423 283 1480 si
305 1429 403 1480 certos
428 1438 465 1480 ex
483 1420 640 1480 comoediis
657 1420 781 1497 elegerit
800 1419 885 1480 locos
906 1429 935 1479 et
961 1422 996 1481 ad
1018 1422 1075 1481 hoc
1098 1440 1162 1482 ma-

118 1507 232 1569 13xime
261 1506 399 1579 idoneos,
432 1505 460 1564 id
490 1512 549 1579 est,
578 1504 740 1564 actionibus
768 1504 886 1563 similes.
936 1504 1026 1565 Iidem
1060 1514 1161 1565 autem

158 1606 215 1649 non
238 1589 272 1648 ad
294 1588 531 1668 pronuntiandum
550 1588 636 1647 modo
655 1589 797 1647 utilissimi
818 1607 918 1648 verum
938 1590 974 1649 ad
996 1590 1161 1666 augendam

117 1683 274 1752 ltquoque
298 1673 492 1750 eloquentiam
508 1674 630 1732 maxime
647 1672 856 1732 accommodati
874 1682 966 1732 erunt.
1010 1673 1048 1733 Et
1070 1674 1160 1750 haec,

159 1759 224 1818 dum
246 1757 355 1817 infirma
377 1766 457 1816 aetas
484 1759 593 1816 maiora
618 1773 676 1815 non
706 1758 816 1834 capiet;
848 1767 991 1832 ceterum,
1021 1776 1086 1817 com
1115 1758 1159 1818 le·

159 1860 231 1919 gere
251 1844 397 1902 orationes
421 1840 583 1919 oportebit,
607 1859 671 1900 eum
692 1843 813 1899 virtutes
837 1859 934 1900 earum
956 1843 1011 1900 iam
1031 1844 1158 1901 sentiet:

159 1936 217 1987 tum
238 1926 304 1986 milti
327 1926 450 2004 diligens
474 1925 578 2004 aliquis
601 1942 636 1985 ac
660 1926 769 2004 peritus
785 1928 918 2001 assistat,
946 1943 1041 2004 neque
1063 1926 1158 1986 solum

160 2011 315 2072 lectionem
340 2010 446 2071 iormet
470 2029 569 2070 verum
598 2010 731 2069 ediscere
755 2012 841 2070 etiam
863 2009 959 2070 electa
980 2029 1018 2070 ex
1038 2011 1083 2069 his
1106 2028 1157 2071 eo·

159 2105 209 2172 gat
222 2103 250 2155 et
269 2113 304 2154 ea
322 2095 420 2155 dicere
433 2103 555 2153 stantem
573 2093 654 2153 clare
667 2102 695 2152 et
710 2094 946 2171 quemadmodum
964 2112 1054 2172 egere
1069 2111 1156 2174 opor·

159 2179 247 2254 tebit,
271 2187 301 2237 ut
321 2181 452 2257 protinus
474 2179 751 2256 pronuntiationem,
776 2196 896 2255 vocem,
917 2181 1083 2246 memoriam
1105 2197 1155 2238 ex·

160 2270 269 2322 creent.

118 2356 151 2409 15
246 2343 290 2405 Ne
302 2345 370 2404 illos
386 2345 499 2423 quidem
514 2344 772 2423 reprehendendos
787 2356 868 2424 puto,
884 2348 932 2425 qui
942 2346 1058 2426 paulum
1071 2349 1154 2407 etiam

164 2429 347 2508 palaestricis
370 2439 556 2489 vacaverunt.
600 2430 665 2489 Non
687 2430 724 2489 de
750 2431 793 2490 bis
816 2430 937 2510 loquor,
964 2431 1066 2509 quibus
1088 2449 1153 2509 pars

162 2516 239 2573 vitae
261 2515 289 2573 in
312 2512 398 2590 oleo,
421 2532 489 2592 pars
510 2516 539 2573 in
559 2516 627 2574 vino
647 2518 832 2590 consumitur,
854 2518 901 2594 qui
920 2533 1073 2593 corporum
1087 2533 1154 2575 euro

160 2607 284 2657 mentem
303 2597 470 2673 obruerunt,
494 2599 547 2660 bos
562 2601 637 2659 enim
652 2598 757 2658 abesse
776 2598 811 2658 ab
831 2617 867 2658 eo
884 2616 968 2678 quem
986 2600 1153 2659 instituimus

120 2690 152 2745 16
160 2701 243 2760 qnam
265 2682 434 2759 longissime
454 2683 555 2751 velim3
577 2684 630 2742 sed
652 2700 757 2743 nomen
776 2691 821 2742 est
842 2684 919 2743 idem
941 2686 992 2759 iis,
1016 2702 1032 2743 a
1054 2682 1154 2761 quibus

160 2775 262 2843 gestus
283 2776 436 2844 motusque
458 2767 631 2826 formantur:
658 2776 689 2825 ut
712 2777 793 2827 recta
816 2769 871 2826 sint
891 2766 1027 2843 brachia,
1053 2785 1088 2826 ne
1112 2769 1153 2826 in·

161 2851 266 2910 doctae
286 2853 449 2910 rusticaeve
474 2869 589 2925 manns,
620 2869 657 2910 ne
681 2850 772 2910 status
793 2852 965 2928 indecorus,
995 2869 1031 2911 ne
1053 2869 1104 2933 qua
1126 2852 1153 2910 in

161 2935 344 3012 proferendis
368 2934 489 3012 pedibns
512 2937 636 3011 inscitia,
659 2953 695 2994 ne
718 2944 805 3013 capnt
819 2936 954 3015 oculique
969 2936 1005 2994 ab
1021 2937 1075 2996 alia
1091 2952 1151 2994 eor·

119 3021 240 3097 liporis
258 3018 448 3085 inclinatione
463 3019 630 3080 dissideant.
662 3018 733 3078 Nam
745 3037 840 3097 neque
854 3020 927 3080 baec
944 3038 1012 3079 esse
1030 3022 1058 3078 in
1074 3028 1151 3097 parte

163 3105 401 3180 pronuntiationis
425 3106 577 3180 negaverit
600 3105 766 3181 quisquam,
793 3121 888 3182 neque
916 3106 1008 3181 ipsam
1035 3121 1150 3182 pronun·

161 3188 309 3271 tiationem
328 3188 363 3246 ub
383 3197 499 3247 oratore
518 3195 669 3261 secernet,
693 3196 722 3245 et
741 3197 838 3263 certe,
860 3188 937 3267 quod
955 3187 1053 3250 locere
1070 3204 1149 3266 opor·

162 3278 237 3346 teat,
264 3288 321 3329 non
341 3271 542 3349 indignandum
568 3281 613 3330 est
640 3270 771 3347 discere,
803 3291 867 3332 enm
895 3275 1064 3351 praesertim
1083 3272 1149 3332 baec

162 3355 356 3429 chironomia‚
375 3373 449 3433 quae
471 3364 534 3431 est,
555 3364 586 3413 ut
607 3356 721 3414 nomine
742 3357 808 3433 ipso
826 3356 1009 3431 declaratur,
1032 3359 1081 3418 lec
1098 3375 1149 3434 pe·

160 3448 242 3518 stus,
266 3448 296 3500 et
318 3439 353 3500 ab
373 3440 430 3499 illis
451 3438 629 3517 temporibus
652 3439 780 3498 heroicis
803 3449 866 3499 orta
888 3442 924 3500 sit
948 3449 978 3499 et
1003 3457 1019 3499 a
1044 3441 1149 3500 summis

162 3523 302 3585 Graeciae
319 3525 389 3584 viris
407 3533 494 3602 atque
515 3524 581 3603 ipso
598 3524 684 3583 etiam
700 3524 823 3584 Socrate
843 3523 981 3603 probata,
1006 3541 1023 3585 a
1041 3525 1150 3587 Platone
