2434 3925
349 213 437 262 msa.
450 189 783 283 conuocaturum.
1004 205 1063 267 201
1167 189 1174 200 ’

64 370 137 432 lutis
156 375 234 428 stare
257 367 320 445 ipsa
340 384 397 427 non
411 370 512 446 possit.
543 367 703 429 Assecutus
718 372 814 448 itaque
830 380 890 447 est,
913 381 944 432 ut
959 373 1066 451 aliquid

64 471 170 514 eorum
191 468 306 530 qaoque
327 469 413 511 causa
433 452 580 512 videretur
600 453 716 529 iacere,
739 465 838 514 contra
856 473 928 532 quos
944 457 1063 518 diceret

63 537 143 599 Illud
159 538 244 597 etiam
259 538 288 595 in
305 536 377 595 iocis
391 537 502 610 monui,
523 553 606 613 quam
626 539 717 615 turpis
741 546 820 597 esset
840 539 971 599 fortunae
990 543 1107 608 inse-66

64 623 168 696 ctatio,
182 629 212 680 et
227 638 264 679 ne
275 621 303 678 in
314 628 392 679 totos
405 621 519 680 ordines
535 629 583 680 aut
593 629 696 697 gentes
709 630 757 681 aut
770 623 895 700 populos
910 626 1065 702 petulantia

10 752 11 757 1
63 708 238 766 incurreret.
261 703 319 770 Sed
330 706 441 764 iuterim
456 704 527 764 lides
542 707 694 782 patrocinii
706 708 785 782 cogit
800 707 939 784 quaedam
954 708 990 767 de
1005 713 1064 768 uni·

62 806 155 849 verso
166 806 277 865 genere
288 787 447 865 aliquorum
458 788 601 846 bominum
616 789 725 864 dicere,
741 789 937 850 libertinorum
952 790 1000 850 vel
1015 795 1064 853 mi·

10 913 11 921 ι
63 873 148 934 litum
158 871 206 931 vel
218 871 434 951 publicanorum
449 872 498 931 vel
509 872 639 932 similiter
654 873 783 932 aliorum.
813 873 844 933 ln
860 873 961 952 quibus
978 878 1105 940 omni-87

10 1023 11 1030 χ
63 956 123 1017 bus
135 972 283 1015 commune
296 955 451 1015 remedium
467 965 522 1030 est,
537 960 624 1031 ntea,
642 974 716 1034 quae
728 957 852 1032 laedunt,
870 975 926 1017 non
942 958 1065 1018 libenter

64 1049 194 1101 tractare
207 1039 345 1107 videaris;
360 1057 415 1099 uec
430 1042 459 1098 in
469 1041 561 1098 omnia
572 1042 708 1118 impeturn
719 1040 808 1100 lacius
824 1042 875 1101 sed
891 1043 971 1117 inid,
987 1044 1063 1121 quod

65 1124 288 1201 expugnandum
302 1132 360 1188 est:
387 1131 416 1183 et
428 1123 643 1201 reprebendens
658 1125 713 1185 alia
728 1121 812 1186 laude
827 1142 1014 1203 compenses:
1040 1128 1106 1190 si88

10 1252 11 1257 η
66 1207 190 1285 cupidos
207 1207 311 1267 milites
329 1207 425 1281 dicas,
448 1208 500 1267 sed
521 1225 578 1266 non
592 1210 706 1284 mirum,
728 1208 805 1287 quod
822 1210 1014 1288 periculorum
1030 1228 1064 1270 ao

65 1292 215 1367 sanguinis
236 1291 343 1350 maiora
367 1291 421 1350 sibi
443 1291 542 1351 deberi
562 1294 689 1369 praemia
710 1302 823 1371 putent:
850 1294 969 1353 eosdem
984 1304 1064 1371 petu-

10 1418 11 1451 ι
65 1376 174 1449 lantes,
190 1374 241 1433 scd
254 1373 310 1433 boc
321 1374 394 1448 lieri,
411 1375 487 1452 quod
501 1375 587 1434 bellis
599 1378 691 1452 magis
703 1395 786 1454 quam
799 1379 864 1455 paci
876 1380 1063 1437 assueverint

64 1458 220 1520 libertinis
234 1457 409 1518 detrahenda
421 1467 466 1518 est
481 1462 650 1528 auctoritas;
666 1460 734 1519 licet
749 1463 783 1520 iis
799 1463 989 1521 testimonium
1001 1462 1064 1521 red·

10 1602 11 1607 ,
65 1542 140 1602 dere
164 1542 336 1618 industriae,
357 1560 411 1620 per
433 1561 515 1620 quam
533 1546 656 1603 exierint
675 1544 711 1603 de
733 1547 881 1604 seruitute
924 1545 1008 1619 Quod
1030 1546 1106 1610 adst

65 1628 200 1686 nationes
216 1634 332 1684 exteras
346 1629 487 1704 pertinet,
507 1625 611 1686 Cicero
629 1629 725 1687 varie:
749 1629 928 1689 detracturus
947 1628 1065 1690 Graecis

64 1709 190 1770 testibus
214 1709 298 1769 fldem
320 1709 476 1769 doctrinam
495 1712 530 1769 iis
548 1712 680 1771 concedit
700 1730 734 1771 ao
749 1712 873 1789 litteras,
896 1729 987 1790 seque
1004 1716 1066 1772 eius

65 1795 164 1873 gentis
180 1802 335 1853 amatorem
351 1812 417 1853 esse
434 1794 599 1872 profitetur,
620 1795 727 1855 Sardos
744 1799 909 1871 contemnit,
927 1796 1065 1856 Allobro·

64 1896 123 1957 gas
145 1886 176 1936 ut
197 1877 297 1937 lrostes
313 1880 483 1944 insectatum
505 1896 624 1955 quorum
644 1879 712 1939 nihil
725 1888 809 1955 tunc,
833 1898 895 1940 uum
911 1880 1064 1955 diceretur,

65 1981 170 2043 parum
184 1971 280 2040 aptum
295 1971 343 2021 aut
357 1972 496 2021 remotum
511 1981 578 2023 cura
594 1965 709 2023 decoris
725 1964 785 2023 fuit.
807 1964 969 2024 Verborum
981 1967 1109 2029 etiam90

65 2047 268 2106 moderatione
283 2046 393 2106 detrahi
408 2047 501 2121 solet,
525 2049 549 2106 si
564 2066 619 2126 qua
634 2057 679 2107 est
695 2050 737 2108 rel
753 2050 871 2109 invidia:
892 2050 917 2108 si
933 2067 1067 2127 asperum
1105 2062 1108 2069 ·

65 2133 150 2195 dicas
171 2131 464 2206 circumcessorem,
486 2133 617 2190 iniustum
631 2135 830 2208 persuasione
841 2129 924 2208 leot,
942 2134 1066 2210 pertina-

66 2231 134 2275 cem
149 2215 230 2274 ultrn
244 2214 364 2274 niodum
379 2222 516 2276 tenacem
532 2234 598 2276 esse
613 2219 760 2294 propositi
765 2240 779 2285 ,·
804 2217 973 2295 plerumque
988 2216 1067 2276 velut

65 2301 151 2378 ipsos
169 2299 283 2356 coneris
298 2299 409 2360 ratione
426 2302 554 2375 vincere,
571 2302 648 2379 quod
663 2310 708 2359 est
721 2300 926 2360 mollissimum.

154 2380 325 2444 indecorum
340 2394 385 2444 est
401 2385 576 2462 superhaec
592 2402 675 2444 omne
695 2386 822 2459 nimium,
844 2385 968 2461 ideoque
984 2385 1068 2442 etiam
1075 2388 1106 2442 91

66 2468 147 2552 quod
159 2479 258 2529 natura
273 2471 316 2528 rei
328 2471 398 2528 sotis
410 2477 505 2546 aptum
520 2478 575 2543 est,
591 2471 644 2527 nisi
656 2469 742 2528 modo
754 2484 869 2546 qnoque
881 2476 1065 2546 temperatur,

69 2556 191 2631 gratiam
211 2553 313 2632 perdit.
352 2551 439 2612 Cuius
464 2554 507 2611 rei
522 2552 688 2611 observatio
711 2553 815 2611 iudicio
837 2553 928 2628 magis
945 2551 1067 2630 quodam

70 2638 171 2697 sentiri
195 2654 279 2715 quam
302 2638 467 2715 praeceptis
490 2637 564 2695 tradi
588 2645 701 2715 potest:
730 2645 862 2713 quantum
888 2635 957 2694 sutis
979 2637 1015 2692 sit
1039 2641 1068 2691 et

10 2713 12 2784 f
72 2729 206 2798 quantum
227 2722 368 2799 recipiant
389 2738 484 2781 aures.
517 2719 582 2779 Non
603 2720 691 2780 babet
711 2720 784 2779 baec
798 2738 846 2778 res
863 2735 1023 2777 mensnram
1038 2725 1068 2775 et

11 2787 13 2876 [
73 2804 155 2881 quasi
172 2805 295 2882 pondus,
311 2806 376 2883 quia
392 2814 422 2864 ut
437 2807 465 2863 in
480 2803 552 2863 cibis
567 2804 624 2864 alia
641 2805 705 2864 aliis
721 2806 811 2880 magis
827 2800 982 2879 complent.

11 2880 12 2892 ¹
156 2885 353 2948 Adliciendum
376 2891 460 2947 etiam
481 2887 608 2948 breviter
629 2888 759 2961 videtur,
781 2885 857 2963 quod
878 2886 940 2944 iere
956 2885 1068 2945 dicendi
1076 2893 1110 2947 92

10 3029 13 3053 ,
72 2971 194 3030 virtutes
209 2972 421 3031 diversissimae
440 2988 498 3030 non
514 2971 607 3031 solum
630 2988 699 3030 suos
716 2978 858 3029 amatores
878 2968 1002 3028 babeant
1017 2969 1070 3027 sed

11 3055 12 3100 Τ
74 3053 112 3113 ab
127 3055 237 3115 eisdem
257 3074 347 3135 saepe
364 3056 524 3118 laudentur.
557 3055 629 3115 Nam
648 3053 752 3115 Cicero
773 3052 896 3130 quodam
911 3052 978 3112 loco
999 3054 1069 3111 scri·

74 3136 125 3213 bit,
140 3140 176 3199 id
190 3158 257 3200 esse
271 3143 422 3217 optimum,
438 3141 533 3218 quod,
549 3159 617 3200 oum
632 3145 661 3199 ιε
673 3138 766 3215 facilc
781 3138 1069 3197 oredtdmoeome

74 3224 128 3299 qai
139 3224 320 3299 imitatione,
335 3231 395 3285 non
409 3225 518 3301 porcio.
549 3221 615 3282 lilio
629 3238 717 3296 vero,
731 3234 792 3282 non
808 3222 843 3281 id
856 3222 967 3297 episto,
981 3228 1014 3280 ut
1026 3221 1071 3280 ita

74 3308 203 3382 diceret,
221 3310 368 3386 qumnodo
383 3327 416 3370 se
431 3309 555 3387 quilibet
566 3325 656 3384 poure
670 3304 837 3381 confideret
850 3307 908 3366 sect
924 3304 1071 3382 quomodo

73 3409 169 3453 nomo.
210 3388 294 3463 Quod
314 3398 412 3469 potest
432 3409 560 3470 pugnare
576 3392 650 3449 inter
665 3407 697 3448 se
712 3388 813 3447 videri.
844 3388 951 3448 Verum
966 3391 1112 3470 utrum393

11 3531 12 3552 2
75 3492 131 3555 que
152 3491 188 3535 ac
208 3476 311 3535 merito
324 3475 650 3553 -laudatur,.oansarum
670 3474 745 3535 enim
766 3472 851 3534 modo
873 3473 967 3533 distat.
998 3468 1070 3543 Quia
