2434 3925
349 212 439 263 rnen.
453 212 819 279 onsuon.n1n.x11,1o.
1027 198 1088 263 263

56 370 160 432 aliud
177 370 212 430 in
225 370 282 429 alio
297 369 388 445 magis
406 369 528 447 eminet,
545 366 598 427 sed
616 367 693 447 quod
707 384 766 426 non
778 384 834 427 una
850 367 980 428 omnibus
996 368 1089 429 lomna

56 456 221 535 placuit,
240 455 344 531 partim
359 453 530 512 oondioiono
545 452 594 511 vel
611 461 771 530 temporum
787 451 836 511 vel
853 452 999 529 locorum,
1022 471 1088 533 par·

57 541 125 600 tim
150 538 266 598 iudioio
289 538 429 615 uniusque
454 545 540 614 atque
558 538 721 615 proposito.
755 536 855 612 Primi,
881 555 1001 615 quorum
1025 540 1114 616 qui-a

59 625 145 685 dem
171 640 267 702 opera
288 638 346 680 non
369 621 521 680 vetustatis
545 623 631 682 modo
653 622 746 697 gratia
765 620 885 681 visenda
908 630 988 696 sunt,
1017 622 1088 682 olari

60 709 262 787 pictores
277 705 368 764 luisse
380 704 511 764 dicuntur
524 704 705 781 Polygnotus
716 714 803 782 atque
814 704 1000 783 Aglaophon,
1017 723 1088 784 quo·

61 809 142 851 rum
166 790 296 868 simplex
317 788 401 848 oolor
421 797 477 849 tam
500 789 544 847 sui
569 790 716 849 studiosos
737 789 831 849 adhue
851 789 954 865 habet,
987 799 1019 848 ut
1038 790 1088 850 illa
1148 804 1150 809 ⁴

63 891 182 955 prope
204 874 285 933 rudia
305 891 340 932 no
361 873 441 932 uelut
460 872 573 932 futurae
594 889 663 934 mox
680 874 749 932 artis
771 874 926 951 primordia
946 875 1087 949 maximis,

67 959 129 1037 qui
146 967 221 1037 post
238 974 291 1016 eos
308 957 662 1031 extiterunt,.auetoribus
679 958 861 1037 praeferant,
880 959 1000 1036 proprio
1017 974 1087 1037 quo-

68 1044 148 1104 dam
172 1042 372 1119 intelligendi,
399 1049 429 1100 ut
448 1057 511 1100 mea
533 1043 632 1119 opinio
648 1041 720 1117 lert,
746 1040 862 1101 ambitu.
893 1042 963 1101 Post
980 1042 1115 1106 zeuxtss

70 1134 174 1204 atque
197 1126 365 1186 Parrhasius
385 1142 442 1184 non
461 1124 578 1185 multum
603 1135 700 1185 aetate
721 1126 876 1201 distantes,
902 1128 980 1186 eirea
1003 1126 1088 1186 Pelo·

70 1212 230 1291 ponnesia
250 1209 334 1270 ambo
355 1218 486 1287 tempora
511 1209 590 1287 (nam
613 1228 676 1269 oum
697 1210 849 1270 Parrhasio
869 1228 965 1270 sermo
984 1211 1089 1271 Socra·

70 1297 118 1355 tis
135 1294 216 1373 apud
233 1292 457 1373 Xenophontem
478 1295 635 1374 invenitur)
660 1294 812 1372 plurimum
833 1296 887 1354 arti
908 1295 1087 1355 addiderunt.

78 1377 219 1452 Quorum
233 1381 313 1456 prior
327 1378 461 1437 luminum
478 1376 699 1456 umbrarumque
716 1379 862 1438 invenisse
876 1380 1027 1454 rationem,
1042 1398 1088 1438 se-

79 1463 198 1522 cundus
226 1464 406 1522 examinasse
431 1460 563 1543 subtilius
590 1462 683 1522 lineas
711 1463 841 1523 traditur.
885 1462 956 1522 Nam
982 1463 1116 1524 Zeuxis5

80 1546 154 1626 plus
170 1546 306 1606 memhris
322 1547 455 1625 corporis
470 1545 567 1621 dedit,
594 1546 623 1605 id
638 1545 760 1625 amplius
777 1556 863 1624 atque
881 1549 1028 1625 augustius
1044 1566 1088 1607 ra·

82 1640 133 1691 tus
150 1640 255 1709 atque,
273 1639 304 1690 ut
320 1631 497 1705 existimant,
519 1629 674 1690 Homerum
690 1640 824 1707 secutus,
847 1633 893 1691 uui
912 1632 1089 1692 validissima

83 1732 223 1794 quaeque
238 1714 330 1774 lorma
347 1717 432 1775 etiam
449 1715 477 1773 in
492 1714 605 1774 leminis
620 1714 727 1793 planet.
758 1713 812 1774 llle
828 1733 900 1774 vero
915 1717 954 1775 ita
968 1718 1088 1775 eircum-

86 1801 207 1878 suripsit
224 1801 336 1875 omnia,
358 1808 389 1857 ut
405 1817 470 1858 eum
485 1798 582 1876 legum
598 1798 720 1858 latorem
734 1808 859 1874 vocent,
884 1801 950 1878 quia
969 1799 1088 1860 deorum

86 1891 175 1960 atque
196 1882 316 1942 heroum
339 1883 472 1961 efligies,
501 1883 603 1961 quales
621 1882 657 1942 ab
681 1900 717 1942 eo
740 1891 804 1942 sunt
825 1884 963 1957 traditae,
985 1885 1086 1958 ceteri,

88 1977 222 2046 tanquam
237 1969 276 2028 ita
291 1986 417 2027 neeesse
432 1969 478 2042 sit,
497 1977 667 2045 sequuntur.
699 1966 810 2028 Floruit
825 1978 919 2028 antem
935 1970 1012 2027 eirea
1025 1968 1116 2034 Phi-6

88 2051 197 2130 lippum
215 2061 244 2112 et
259 2070 353 2129 usque
368 2053 404 2112 ad
418 2069 610 2112 suooessores
626 2051 786 2113 Alexandri
802 2054 914 2132 pictura
929 2055 1088 2131 praecipue

91 2137 144 2196 sed
158 2137 280 2196 diversis
295 2135 456 2195 uirtutibus.
489 2134 560 2195 Nam
578 2154 648 2196 oura
662 2137 861 2214 Protogenes,
879 2140 991 2210 ratione
1008 2136 1086 2196 Pam·

93 2220 186 2299 philus
201 2238 237 2281 ao
252 2219 441 2295 Melanthius,
464 2219 604 2280 laoilitate
622 2219 802 2298 Antiphilus,
826 2221 1025 2299 uonoipiendis
1046 2224 1087 2280 vi·

94 2304 234 2379 sionibus,
252 2322 323 2382 quas
341 2303 504 2380 φαντασίας
518 2313 641 2379 vocant,
659 2303 760 2364 Theon
775 2306 902 2380 Samius,
923 2305 1040 2383 ingenio
1059 2314 1088 2366 et

94 2390 199 2465 gratia,
224 2405 308 2466 quam
333 2390 361 2448 in
378 2406 412 2447 se
429 2389 494 2465 ipse
515 2390 637 2448 maxime
658 2391 763 2464 iactat,
788 2388 913 2467 Apelles
936 2399 982 2449 est
1003 2409 1086 2468 prae·

95 2474 289 2533 stantlssimus.
319 2471 540 2550 Euphranorem
556 2473 750 2533 admirandum
765 2472 850 2550 lauit,
868 2474 946 2552 quod
962 2483 991 2534 et
1007 2484 1086 2533 uete-
1183 2477 1184 2480 ’

95 2559 133 2615 ris
156 2558 268 2636 optimis
286 2556 388 2616 studiis
411 2557 485 2615 iuter
500 2559 675 2636 praecipuos
697 2567 725 2617 et
743 2559 879 2637 pingendi
902 2558 1086 2636 fingendique

97 2640 167 2700 idem
180 2642 268 2700 mirus
283 2640 389 2700 artilex
403 2640 466 2700 luit.

177 2725 282 2785 Similis
303 2726 332 2783 in
360 2725 497 2783 statuis
527 2724 698 2785 differentia.
741 2725 813 2785 Nam
835 2726 950 2786 duriora
971 2733 1007 2783 et
1031 2723 1113 2786 'Pu-i

99 2809 213 2867 soanlois
236 2811 367 2887 proxima
389 2806 493 2868 Callon
516 2818 602 2889 atque
624 2809 783 2886 Hegesias,
807 2811 862 2869 iam
884 2811 974 2867 minus
996 2809 1087 2885 rigida

100 2889 231 2978 Calamis,
254 2892 388 2952 molliora
410 2892 502 2952 adhue
521 2912 609 2972 supra
627 2894 711 2953 dietis
725 2891 828 2968 Myron
844 2893 923 2953 lenit.
957 2892 1086 2970 Diligen-

100 2976 135 3033 tia
150 2993 180 3035 ao
195 2976 285 3035 decor
300 2978 328 3035 in
342 2975 494 3051 Polycleto
509 2994 597 3055 supra
611 2986 738 3051 ceteros,
756 2978 801 3036 oui
818 2995 979 3055 quanquam
994 2995 1009 3037 a
1023 2977 1086 3054 ple-

100 3060 189 3137 risque
209 3059 341 3119 tribuitur
363 3059 474 3138 palma,
501 3069 611 3136 tamen,
634 3079 671 3119 ne
686 3060 756 3120 nihil
772 3060 953 3135 detrahatur,
980 3061 1086 3120 deesse

101 3143 202 3221 pondus
223 3152 331 3220 putant.
363 3143 434 3203 Nam
450 3154 481 3203 ut
495 3144 635 3204 hnmanae
660 3144 770 3203 formae
784 3145 921 3204 denotem
944 3144 1113 3206 addiderit&

102 3244 178 3305 supra
192 3245 307 3301 verum,
328 3228 367 3287 ita
382 3246 439 3288 non
461 3228 628 3307 explevisse
644 3229 763 3288 deorum
786 3230 986 3289 auctoritatem
1005 3229 1085 3289 vide·

103 3318 151 3370 tur.
182 3309 255 3383 Quin
273 3319 397 3371 aetatem
413 3330 530 3391 quoque
546 3309 711 3390 graviorem
727 3313 830 3372 dieitur
851 3313 998 3390 refugisse
1015 3312 1084 3371 nihil

103 3412 178 3454 ausus
187 3394 260 3454 ultra
272 3393 354 3453 leves
368 3414 469 3471 genas.
492 3396 531 3455 At
542 3395 777 3475 quaePolpolew
788 3396 951 3472 defuerunt,
967 3395 1084 3456 Phidiae

103 3487 177 3558 atque
190 3478 340 3540 Alcameni
357 3478 467 3540 dantur.
503 3480 618 3541 Phidias
634 3488 728 3541 tamen
748 3480 802 3542 diis
818 3499 902 3561 quarn
922 3480 1111 3543 hominihus9
