2434 3925
152 189 193 251 96
464 197 825 259 annemundum

153 355 328 417 occurritur:
355 351 404 414 Ao
429 353 502 414 milae·
529 353 686 415 cantando
706 355 806 414 alatas
823 372 887 414 aon
908 354 1059 416 redderet
1080 358 1166 420 ittet
1205 386 1206 389 ¹

111 439 204 505 latini
221 449 265 498 est
280 438 399 497 caninis
417 436 624 511 dissimulatio,
646 454 704 496 non
725 436 793 496 alibi
821 454 905 514 quam
926 439 955 497 in
975 440 1034 498 risu
1054 444 1162 518 posita
1205 506 1206 515 χ

150 524 275 601 ideoque
290 530 410 582 tractata
425 538 477 580 suo
490 521 568 581 loco.
598 519 672 580 Nam
687 522 764 580 serio
776 521 801 578 si
812 521 871 596 fiat,
890 539 944 598 pro
960 523 1160 597 confessique

151 616 204 666 est.
250 604 386 665 Ceterum
407 614 436 664 et
460 604 667 681 interrogandi
682 623 722 664 se
753 606 870 682 ipsum
895 615 925 664 et
950 608 1160 684 respondendi

150 690 221 749 sibi
236 690 332 749 solent
347 691 414 748 'esse
432 706 489 748 non
507 691 638 765 ingratae
653 691 751 748 vices:
772 698 802 747 ut
824 686 927 748 Cicero
947 706 1001 767 pro
1016 689 1156 768 Ligario,
1205 752 1206 761 ,

148 771 242 853 Apud
256 791 344 851 qoem
363 776 457 852 ipitor
473 773 529 834 boc
544 775 637 834 dico?
667 771 783 850 Nempe
797 774 884 850 apud
899 792 983 849 eum,
999 777 1066 852 qai,
1083 796 1157 837 eum
1205 778 1206 819 ἓ

148 860 206 920 boo
221 860 324 933 sciret,
347 865 447 918 tamea
461 877 518 931 me,
534 866 698 935 antequam
713 858 805 929 cidit,
823 859 870 917 ret
880 857 1024 935 publicae
1037 862 1155 921 reddi·

108 944 201 1006 uasdtt.
239 941 334 1001 Aliter
354 959 407 1019 pro
431 938 531 1000 Caelio
554 941 620 1000 licta
640 942 884 1017 interrogatione:
913 939 1003 1002 Dicet
1021 945 1154 1022 aliquia,

148 1025 236 1087 Haec
245 1028 339 1104 ipitor
350 1034 395 1086 eat
407 1034 460 1086 tao
470 1026 655 1103 disciplima?
669 1026 716 1085 aio
728 1033 760 1085 lo
771 1026 903 1085 donatote
915 1025 1155 1089 adolescentes?

150 1118 179 1170 et
194 1119 271 1169 totus
287 1110 380 1169 locus.
414 1108 543 1168 Deinde:
564 1106 645 1187 Epo,
661 1110 788 1185 siquis,
804 1110 940 1185 iudices,
963 1110 1020 1171 boc
1036 1113 1155 1173 robore

149 1195 243 1256 amicti
258 1202 349 1270 atque
364 1193 424 1253 bac
438 1194 539 1254 indole
554 1194 676 1254 virtutis
692 1212 732 1254 ac
747 1194 949 1254 coodoeoliae
963 1194 1031 1272 fail,
1050 1204 1083 1255 et
1101 1213 1152 1255 oe·

148 1286 221 1337 tera.
252 1274 304 1336 Cui
320 1276 464 1335 diversum
480 1286 533 1351 est,
551 1296 615 1336 cum
632 1277 718 1338 alium
733 1279 896 1352 rogareris,
912 1294 970 1336 non
985 1283 1153 1356 expectare

149 1378 320 1439 responsum
336 1369 364 1419 et
380 1357 473 1422 statim
491 1361 651 1421 subiicere:
684 1358 799 1421 Domos
820 1362 874 1422 tibi
890 1354 1019 1425 demat?
1040 1372 1077 1424 al
1090 1364 1152 1424 lta·

149 1445 263 1513 debae-
278 1446 413 1523 peeuoia
427 1446 618 1522 asperabat?
638 1452 672 1505 at
686 1446 809 1523 epotos.
845 1443 929 1519 Quod
947 1445 1065 1505 schema
1086 1450 1151 1524 qui·

107 1529 212 1590 ladam
235 1547 289 1606 per
315 1530 596 1605 suggestionem
622 1537 737 1587 vocant.
782 1527 828 1588 Fit
855 1537 885 1588 et
911 1532 1149 1606 comparatione:

151 1612 224 1674 Uter
242 1615 336 1691 igitar
365 1613 491 1692 facilior
517 1631 594 1674 suae
619 1613 786 1673 sententiae
807 1614 956 1674 rationem
975 1615 1150 1676 redderet?

147 1696 185 1757 Et
208 1696 271 1756 aliis
286 1697 378 1757 modis
396 1706 454 1756 tum
470 1696 586 1756 brevius
601 1705 660 1755 tum
676 1695 771 1773 latius,
788 1706 846 1755 tum
861 1698 897 1757 de
912 1715 967 1757 una
986 1716 1019 1756 re
1035 1706 1097 1757 tum
1111 1699 1148 1758 de
1205 1708 1206 1713 ’

170 1780 287 1841 lusibus.

148 1799 169 1860 p
230 1863 302 1925 Mire
320 1881 392 1924 vero
412 1865 440 1924 in
461 1864 555 1923 causis
575 1863 655 1923 valet
678 1862 948 1942 praesumptio,
972 1882 1048 1942 quae
1072 1860 1146 1944 apd·

146 1953 236 2026 ληψις
257 1950 377 2025 dicitur,
400 1968 463 2008 cum
479 1948 523 2024 id,
553 1948 630 2028 quod
648 1948 735 2008 obiici
757 1957 869 2026 potest,
892 1965 1081 2028 occupamus.
1115 1948 1146 2010 ld

146 2052 241 2114 neque
263 2036 291 2092 in
320 2034 382 2093 aliis
407 2033 536 2111 partibus
566 2051 661 2092 rarum
688 2042 733 2092 est
758 2042 786 2093 et
807 2034 966 2112 praecipue
990 2036 1143 2111 prooemio

106 2121 138 2176 17
146 2120 288 2177 convenit.
318 2117 377 2177 Sed
400 2135 560 2195 quiunquam
580 2119 697 2193 generis
717 2120 798 2176 unius
819 2116 949 2177 diversas
965 2127 1060 2177 tamen
1078 2137 1144 2197 spe·

136 2203 208 2262 'cies
231 2200 327 2260 habet.
363 2199 417 2260 Est
439 2204 512 2260 enim
534 2201 673 2278 quaedam
694 2203 961 2278 praemunitio,
981 2202 1075 2281 qualis
1099 2201 1145 2262 ct-

148 2287 262 2344 ceronis
278 2294 378 2345 contra
404 2284 438 2357 Q.
457 2283 633 2361 Caecilium,
661 2285 738 2364 quod
761 2286 795 2345 ad
811 2286 1002 2345 accusandum
1020 2286 1144 2345 descen·

147 2369 210 2443 dat,
234 2371 281 2446 qui
304 2387 421 2446 semper
443 2369 619 2436 defenderit;
644 2369 784 2448 quaedam
805 2369 1016 2444 confessio,
1037 2378 1067 2428 ut
1090 2387 1143 2448 pro

146 2451 263 2512 Rabirio
281 2451 433 2527 Postumo,
457 2467 542 2530 quem
564 2472 615 2512 sna
639 2470 755 2530 quoque
772 2455 913 2512 sententia
928 2453 1144 2531 reprebenden-

147 2537 212 2595 dum
224 2536 339 2610 fatetur,
361 2536 437 2613 quod
450 2538 600 2614 pecuniam
611 2539 674 2614 regi
691 2538 859 2606 crediderit;
876 2538 1015 2615 quaedam
1032 2555 1143 2616 prae·

146 2621 278 2680 dictio:
310 2628 341 2679 ut
365 2620 476 2681 Dicam
509 2623 589 2682 enim
619 2641 678 2683 coa
703 2623 837 2700 aopeodi
861 2623 998 2683 criminis
1018 2624 1143 2699 pratia,-

147 2705 289 2783 quaedamx
304 2704 528 2786 emendatio:
545 2715 576 2765 nt
590 2705 683 2785 llopc,
698 2707 864 2783 ignoscatis
877 2707 950 2767 mitt
959 2751 968 2783 ,
983 2707 1010 2766 ai
1023 2707 1143 2785 locpias

144 2809 212 2850 sam
232 2798 372 2858 evectam
391 2789 623 2868 frequentissima
646 2792 903 2867 praeparatio,
928 2807 991 2849 cum
1012 2789 1142 2866 pluribus

144 2872 259 2949 verbis,
281 2874 330 2934 vel
351 2890 440 2950 quare
463 2872 567 2932 facturi
588 2875 656 2951 quid
676 2874 765 2932 simus
787 2874 836 2933 vel
861 2892 950 2952 quare
974 2873 1140 2950 fecerimus,

103 2964 138 3018 18
146 2956 201 3015 dici
217 2958 303 3017 solet.
343 2956 507 3017 Verborum
528 2974 644 3036 quoque
666 2959 710 3016 vis
727 2974 763 3017 aa
778 2959 941 3036 proprietas
960 2956 1142 3018 confirmatur

145 3040 194 3098 vel
209 3044 457 3120 praesumptione:
484 3039 666 3120 Quanquam
680 3043 735 3103 illa
749 3061 808 3104 aaa
824 3061 925 3122 poema
936 3043 992 3103 aed
1002 3042 1140 3119 proluat-

57 3183 60 3186 ,
126 3129 129 3134 ’
145 3126 186 3185 tia
201 3127 328 3186 scelerae
341 3126 418 3204 fait,-
432 3134 482 3185 aut
496 3125 745 3203 reprehensione:
770 3122 876 3203 C‘a'oea,
892 3128 989 3202 elaea,
1004 3127 1138 3204 inquam,

132 3209 174 3268 'aa‘
189 3207 245 3270 luco
260 3228 311 3270 eos
324 3212 441 3270 nomiae
456 3211 610 3288 appellari
621 3210 674 3288 fos
690 3219 744 3270 est.

105 3299 138 3353 19
230 3290 326 3350 Allert
341 3292 464 3369 aliquam
479 3294 564 3353 iidem
583 3294 715 3352 veritatis
738 3302 767 3353 et
787 3293 991 3370 dubitatio,
1014 3311 1077 3353 cum
1101 3292 1137 3353 sl·

145 3375 283 3434 mulamus
301 3393 443 3453 quaerere
464 3394 533 3450 nos,
555 3377 631 3437 unde
648 3378 857 3455 incipiendum,
879 3377 928 3437 ubi
943 3375 1137 3455 desinendum,

146 3456 216 3539 quid
229 3460 407 3538 potissimum
422 3459 582 3537 dicendum,
598 3478 634 3521 an
650 3462 764 3521 omnino
785 3461 936 3522 dicendum
952 3458 1010 3520 siti
1040 3458 1137 3520 (luins-
1205 3509 1206 3524 r
