2434 3925
314 195 403 244 msa.
419 194 567 246 amca.
583 197 653 244 ant.
668 196 716 262 nt,
733 196 759 248 1.
998 186 1040 251 93

34 353 151 428 utitur,
171 359 242 412 eunt
260 353 313 428 qui
323 357 444 429 putent,
466 350 585 411 ideirco
607 349 674 410 eiua
694 354 893 430 eloquentiam
912 357 1044 416 manime

35 456 115 500 esse
133 435 328 497 laudabilem.
354 431 394 494 Et
407 435 592 495 omeuullue
603 434 721 511 fereula
736 455 771 496 m
785 438 870 496 locus
884 439 951 497 ciue
965 455 1043 515 qua-

37 524 123 584 dam
138 519 375 597 conformatione
384 520 552 579 sententiae
560 519 690 593 dicitur,
706 538 762 579 nec
777 520 865 579 aliud
882 523 1044 598 quicquam

37 613 94 668 est
112 604 235 677 dicere,
256 604 316 661 uisi
336 620 439 662 omnes
458 611 513 662 aaut
532 608 615 662 certe
635 601 804 680 pleraeque
822 604 928 679 aliqua
942 607 1044 683 specie

36 689 222 749 &luminare
234 686 414 746 sententiaa
441 682 528 757 Quas
543 703 613 745 cum
630 693 661 745 tu
672 688 791 764 optime,
807 684 913 762 limate,
929 696 1045 763 teneas,
1051 700 1082 757 41

38 772 124 850 quid
150 772 256 831 attinet
280 769 450 832 nominibm
472 770 517 829 uti
540 776 594 830 aut
619 771 785 848 exemplis?
829 768 1045 832 Tantummodo

37 861 168 917 notetur
186 855 281 914 moue.
318 851 374 912 Sic
392 853 486 931 iqitur
505 852 586 913 dicet
605 853 675 927 ille,
704 870 793 931 quem
814 856 995 932 expetimus,
1012 864 1046 916 ut

39 945 150 1000 verset
172 954 268 1015 caepe
287 937 388 998 multis
401 937 499 997 modio
512 937 622 996 eadem
641 945 671 996 et
688 939 722 997 in
736 955 800 999 una
819 956 855 998 re
870 937 998 1000 tameat
1012 940 1045 998 in

40 1023 216 1098 eademque
231 1028 432 1081 commoretur
445 1021 604 1081 seutentia-
636 1018 740 1099 Saepe
754 1023 845 1083 etiam
858 1029 892 1081 ut
906 1030 1087 1088 enimcum

40 1105 184 1184 aliquid,
206 1122 302 1181 saepe
322 1112 357 1164 ut
376 1103 523 1180 irrideat,
545 1111 579 1164 ut
598 1104 730 1166 declinet
749 1124 770 1166 a
782 1106 939 1183 proposito
954 1104 1051 1184 deple-

41 1195 171 1267 ctatque
193 1189 392 1256 sementiam,-
414 1196 447 1248 ut
471 1194 640 1266 proponat,
669 1189 743 1266 quid
763 1189 904 1249 dicturus
925 1191 984 1258 ιιι·
1002 1199 1046 1266 ut,

42 1292 118 1335 cum
132 1273 317 1350 traueeqerit
329 1273 392 1332 iam
406 1272 540 1349 aliquid,
559 1271 702 1349 definiat,
723 1280 757 1333 ut
776 1291 810 1335 ae
830 1274 896 1351 ipae
915 1283 1046 1347 reuocet,

43 1365 93 1437 ut,
112 1357 196 1434 quod
211 1357 336 1431 dicerit,
350 1357 457 1424 iteret;
471 1362 504 1416 ut
517 1365 729 1433 arqumentum
741 1359 861 1417 ratione
873 1357 1047 1433 concludat,

43 1449 83 1502 ut
103 1441 324 1517 interropaudo
342 1447 468 1518 urqeat,
495 1446 529 1499 ut
548 1456 659 1499 rursus
679 1442 770 1517 quasi
796 1442 840 1502 ad
857 1441 1048 1518 iuterroqata

43 1524 109 1586 siat
123 1525 189 1601 ipae
209 1524 413 1602 respondeam
426 1531 460 1583 ut
475 1529 599 1598 eontra,
615 1540 656 1583 ac
672 1523 767 1598 dicut,
782 1524 885 1602 accipi
899 1532 927 1584 et
941 1524 1048 1584 sentiri
1053 1531 1088 1585 43

43 1608 140 1675 aelia-
154 1612 186 1666 ut
200 1607 369 1681 addubitet,
385 1608 461 1685 quid
470 1608 574 1684 potius
588 1615 642 1667 aut
657 1623 716 1684 quc
732 1608 821 1669 modo
835 1607 937 1683 dicat,
949 1613 984 1667 ut
999 1607 1047 1666 di-

43 1692 136 1753 uidat
148 1687 181 1750 in
193 1699 316 1768 partes,
338 1692 371 1750 ut
385 1691 503 1768 aliquid
520 1691 675 1767 relinquat
695 1710 734 1751 oc
752 1691 901 1770 neptiqat,
922 1697 956 1750 ut
978 1699 1049 1750 unte

42 1776 262 1856 praemuniam
284 1783 317 1834 ut
334 1776 511 1849 incolum,
529 1775 561 1834 ia
576 1789 636 1851 quo
650 1775 910 1851 reprehendatur,
927 1775 1049 1851 culpam

43 1861 82 1923 iu
97 1859 313 1920 aduersarium
333 1859 492 1937 conseratc
513 1867 547 1919 ut
566 1875 662 1936 saepe
677 1876 745 1919 cum
760 1859 817 1935 iia,
839 1859 892 1935 qui
907 1859 1047 1931 audiunt,

44 1959 265 2021 nonuunquam
285 1944 376 2004 etiam
406 1960 475 2004 cum
499 1943 684 2003 aduersario
711 1943 800 2020 quusi
825 1941 972 2003 deliberet
979 1963 993 2010 ‚·
1016 1944 1093 2000 ut44

46 2028 201 2092 lominum
212 2046 312 2087 morea
327 2043 542 2104 sermonesque
558 2026 716 2088 describat
721 2048 735 2094 ,·
749 2034 782 2086 ut
796 2034 880 2086 muta
895 2026 1049 2103 quaedam

46 2112 203 2190 loquentia
219 2112 364 2188 inducat,
391 2119 425 2172 ut
440 2111 480 2171 ab
499 2129 535 2172 eo
556 2111 638 2188 quod
654 2111 759 2188 aqitur
780 2118 902 2170 avertat
921 2125 1048 2182 animoa,

45 2204 83 2256 ιιι
97 2212 191 2272 caepe
204 2198 237 2255 in
251 2195 436 2255 hilaritatem
452 2197 585 2255 meumoe
600 2201 765 2269 concertat,
779 2202 813 2254 ut
827 2203 897 2254 ante
911 2198 1048 2270 occupet,

48 2280 133 2359 quod
146 2280 290 2340 videaur
305 2280 427 2357 opponi,
443 2286 476 2338 ut
491 2286 646 2356 comparet
659 2278 882 2353 militudinem,
898 2283 931 2336 ut
944 2282 1051 2336 utatur

48 2363 210 2442 conopas,
228 2364 364 2435 ut-aliud
377 2362 432 2422 alii
451 2363 587 2423 tribuens
604 2363 782 2440 dispertiat,
797 2368 830 2422 ut
843 2360 1050 2438 interpellato·

48 2466 117 2524 rem
132 2455 288 2521 coerceat,
312 2454 346 2506 ut
369 2447 488 2522 aliquid
506 2447 688 2507 reticerem
704 2446 807 2521 dicat,
829 2453 863 2506 ut
884 2444 1050 2517 denuntiet,

50 2532 128 2609 quid
142 2538 262 2604 caveat,
279 2538 313 2590 ut
326 2528 451 2590 liberius
468 2531 543 2607 quid
564 2532 696 2605 audeat,
719 2536 752 2590 ut
772 2531 931 2590 irascatur
949 2528 1050 2601 etiam,

49 2622 86 2675 ut
99 2614 240 2693 obiurqet
252 2614 430 2691 aliquando,
446 2622 480 2673 ut
495 2614 689 2692 deprecetur,
704 2621 736 2674 ut
750 2614 917 2692 supplicet,
939 2620 972 2670 ut
989 2629 1050 2668 me·

51 2699 181 2773 deutur,
196 2706 229 2758 ut
242 2715 263 2756 a
278 2698 432 2776 proposito
446 2697 578 2758 declinet
592 2697 833 2775 aliquantulum,
854 2703 888 2757 ut
901 2701 999 2774 optet,
1018 2700 1052 2752 ut
1163 2705 1168 2716 ·

51 2790 234 2856 execretur,
255 2791 288 2841 ut
303 2782 358 2858 flet
374 2783 428 2856 iis,
444 2782 531 2858 apud
546 2799 623 2859 quoe
637 2782 728 2857 dicet,
742 2781 916 2860 familiaris.
952 2773 1093 2851 Atquets

51 2864 136 2939 αιὲαι
157 2866 248 2926 etiam
268 2865 393 2926 dicendi
420 2866 511 2943 quasi
533 2868 661 2925 uirtutes
683 2873 846 2942 aequetur,
874 2861 1053 2923 breuitatem

48 2957 142 3028 petet,
157 2966 252 3027 saepe
268 2951 358 3009 etiam
374 2967 439 3008 reru
454 2949 585 3010 dicendo
605 2949 746 3010 subiiciet
761 2948 874 3021 outae,
890 2961 986 3022 saepe
998 2960 1052 3003 cu·

50 3033 212 3111 pausaret
234 3048 325 3109 quam
343 3032 413 3109 fieti
429 3034 543 3109 poesin
563 3032 746 3110 siquificatio
764 3048 859 3107 saepe
878 3030 936 3088 erit
955 3028 1054 3088 maior

52 3134 146 3194 quam
159 3118 275 3191 oratio,
299 3133 395 3195 caepe
414 3115 574 3191 tutonem,
593 3133 688 3193 caepe
709 3117 791 3176 uitae
810 3120 1054 3190 malitiarumque

51 3200 190 3262 incitatio.
221 3197 288 3260 Hoc
301 3202 335 3261 iu
349 3218 462 3279 peuere
482 3202 575 3275 (nam
596 3200 686 3276 quasi
706 3200 814 3260 siloam
831 3194 934 3272 eldea)
957 3196 1053 3257 omma

54 3284 174 3346 eluceat
188 3291 304 3363 oportet
317 3285 505 3362 eloquentiae
519 3283 707 3362 nuquitudo.
