2434 3925
362 206 808 277 msnoaaroeurcnrcs.
1021 203 1062 265 25

153 364 286 426 Excusso
302 365 369 443 quid
384 366 439 442 sit,
454 382 547 444 prope
560 372 679 441 peraeta
695 372 740 422 est
755 366 903 442 quaestio,
930 382 972 424 an
992 363 1105 427 hocta

68 447 143 511 sit?
164 449 196 510 Id
215 450 290 507 enim
305 451 433 526 agimus,
455 458 485 508 ut
500 451 537 507 sit
556 465 661 508 causae
676 457 793 507 nostrae
808 449 982 508 conveniens
1003 449 1064 507 tini·

66 537 119 595 tio.
157 534 356 593 Potentissimis
379 542 424 593 est
440 533 534 591 autem
550 533 578 591 in
602 550 637 590 ea
653 530 791 609 qualitas,
814 530 862 592 Aa
880 551 966 594 amor
980 535 1064 593 iasa·

66 619 145 681 aas
169 616 231 677 Huc
249 616 432 694 pertinebunt
460 613 661 693 probationes,
683 632 754 692 quas
777 612 881 674 Cicero
905 616 973 676 dicit
997 632 1063 693 pro·

67 703 147 781 prias
173 718 240 759 esse
272 700 423 775 finitionis,
459 718 497 758 ex
526 698 780 774 antecedentibus,
810 699 1064 777 consequentibus,

67 787 225 858 adiunctis,
243 782 484 861 repugnantibus,
501 785 612 857 causis,
628 782 756 855 effectis,
773 782 924 850 similibus;
943 782 980 842 de
994 799 1064 860 quo·

66 887 130 929 rum
149 875 379 944 argumentorum
402 876 501 926 natura
525 867 629 926 dictum
657 874 711 924 est.
741 865 872 926 Breviter
891 874 985 925 autern
1010 866 1106 944 pr029

67 950 195 1012 Caecina
218 948 322 1010 Cicero
348 952 440 1025 initia,
468 968 587 1023 causas,
613 949 731 1023 effecta,
755 951 971 1025 antecedentia,
996 966 1063 1009 con·

67 1044 220 1114 sequentia
243 1035 412 1113 complexus
432 1042 494 1092 est:
524 1031 606 1106 Ouid
626 1035 719 1111 ipitar
739 1035 918 1111 sapiebant?
938 1032 1065 1111 Propter

66 1128 187 1181 metam.
219 1117 301 1191 outa
325 1119 519 1180 metuebant?
556 1115 622 1178 Vim
642 1118 793 1180 videlicet.
829 1116 955 1179 Potestis
972 1112 1065 1194 ipitar

64 1204 223 1284 principia
243 1221 375 1279 nepore,
400 1220 468 1262 cam
482 1204 621 1263 extrema
639 1199 835 1262 concedatis?
863 1202 921 1261 Sed
936 1201 1063 1260 similitu·

67 1290 136 1349 dine
151 1304 265 1364 quoque
286 1304 354 1344 usus
370 1294 430 1344 est:
455 1282 607 1357 Quaevis
627 1286 660 1344 in
680 1285 757 1346 delio
772 1286 962 1363 appellatur,
981 1304 1018 1345 aa
1032 1287 1064 1344 in

67 1373 130 1434 otio
148 1389 208 1431 non
231 1370 458 1448 appellabitur?
486 1369 544 1428 Sed
565 1370 650 1427 etiam
668 1386 706 1427 ex
731 1370 874 1428 contrario
900 1372 1106 1445 argumentata

67 1455 224 1527 ducuntur,
248 1463 279 1513 ut
304 1455 328 1512 si
350 1462 518 1531 quaeratur,
541 1451 716 1511 Amatorium
739 1471 880 1512 uenenum
902 1454 937 1511 sit
957 1470 1062 1517 necne:

69 1540 137 1617 quia
154 1550 296 1596 wnenunr
317 1538 482 1596 amatorium
502 1553 559 1594 non
580 1537 626 1593 sit.
664 1535 738 1595 lilud
759 1537 879 1596 alterurn
899 1554 990 1612 genus
1007 1552 1064 1614 quo

68 1624 108 1681 sit
122 1621 298 1681 manifestius
313 1619 547 1679 adolescentibus
562 1622 650 1694 meis,
668 1619 763 1696 (meos
780 1622 853 1679 enim
867 1637 983 1698 semper
996 1621 1063 1680 ado-

68 1706 216 1766 lescentes
229 1703 350 1782 putabo)
367 1704 413 1763 iric
428 1720 543 1781 quoque
559 1703 643 1762 [iotae
656 1705 872 1763 controversiae
889 1711 952 1762 utar
968 1721 1063 1762 exem·

68 1788 132 1869 plo.
161 1787 308 1864 quenes,
324 1789 377 1865 qai
391 1788 549 1849 conavere
562 1787 722 1862 sotebant,
738 1789 971 1864 constituerant,
987 1795 1020 1847 ut
1033 1788 1104 1847 ia31

68 1875 158 1934 litore
176 1880 349 1933 coenarent.
388 1868 498 1945 Umor,
515 1872 569 1948 qui
587 1887 700 1930 coccae
717 1870 875 1948 defuerat,
896 1888 1003 1931 nomen
1018 1878 1064 1930 ta-

68 1958 166 2033 maio,
188 1972 275 2035 quem
301 1965 520 2030 extraxerant,
543 1955 776 2033 inscripserant.
818 1951 912 2014 Pater
938 1955 1019 2029 eins,
1044 1973 1066 2015 a

69 2043 278 2103 camarina
293 2041 540 2119 perepriaatioae
562 2058 631 2099 eam
651 2040 694 2099 od
707 2040 779 2100 titas
791 2039 872 2100 idem
887 2039 1064 2116 appetiisset,

68 2126 149 2186 lecto
163 2127 281 2186 marine
296 2125 454 2202 suspendit
466 2143 510 2184 se.
542 2122 682 2182 Dicuntur
697 2122 725 2182 hi
742 2139 827 2182 causa
842 2123 947 2181 mortis.
963 2121 1105 2180 inisseffl

69 2208 125 2267 Hic
146 2208 235 2268 linitio
256 2217 301 2267 est
321 2208 514 2283 accusatoris,
539 2204 599 2268 Per
620 2223 709 2284 poem
725 2208 841 2286 factam
863 2213 923 2279 est,
945 2214 979 2281 at
998 2206 1066 2282 qais

66 2293 212 2372 perierit,
233 2310 329 2353 caasa
341 2293 446 2353 moras
461 2300 526 2360 est,·
548 2292 591 2349 rei
614 2299 675 2365 est,
701 2288 760 2363 Oai
773 2290 847 2368 [ecit
866 2290 940 2367 qaid
953 2291 1065 2364 sasas,
1162 2360 1165 2363 Ι

66 2395 129 2456 per
142 2377 224 2453 qaod
237 2377 342 2453 perire
355 2376 465 2436 domini
477 2393 602 2437 neeesse
619 2383 673 2435 est.
701 2373 822 2433 Remota
839 2372 965 2432 finitione
980 2391 1064 2432 accu-

69 2461 161 2518 satori
185 2468 229 2519 sat
252 2468 297 2518 est
316 2458 429 2534 dicore,
453 2457 557 2520 Causa
570 2460 676 2519 mortis
689 2458 808 2537 fusiss
831 2474 888 2536 per
906 2476 960 2519 cos
987 2459 1067 2519 enim

68 2543 187 2621 factam
200 2552 261 2619 est,
277 2552 312 2604 at
324 2543 410 2606 darno
421 2543 557 2621 perirets
571 2544 663 2620 qaia,
684 2543 743 2602 nisi
763 2560 817 2603 cos
841 2541 919 2603 iilud
938 2542 1065 2621 fecisse·

71 2627 128 2698 iis,
143 2627 267 2689 ciceret.
299 2623 422 2701 Contra,
443 2624 510 2688 Non
523 2628 642 2702 statim,
654 2644 714 2704 per
727 2641 815 2703 pacm
828 2627 944 2704 saetam
958 2633 1019 2698 est,
1034 2628 1108 2684 at33

59 2712 141 2788 ,qais
148 2711 279 2788 periret,
294 2711 322 2770 is
335 2711 480 2771 damnari
490 2711 594 2786 debet,
609 2719 642 2771 at
657 2705 836 2785 accusator,
851 2711 950 2782 testis,
972 2709 1067 2768 iudea

71 2795 119 2853 rei
143 2795 292 2871 capitatis.
329 2790 410 2868 Nec,
431 2795 635 2871 undecunque
659 2812 757 2855 caasa
780 2790 887 2870 tinnit,
912 2792 954 2853 ibi
974 2791 1067 2868 erripa

72 2887 136 2938 est.-
164 2886 198 2937 at
225 2879 254 2937 si
280 2880 348 2955 prsis
375 2878 593 2955 profectionem
617 2878 750 2938 suaserit
776 2885 830 2936 aat
856 2876 987 2936 amimam
1012 2893 1066 2935 or·

72 2961 210 3023 cessissit
229 2967 317 3023 nans
338 2978 424 3021 mare
446 2967 475 3020 et
494 2962 523 3021 is
542 2961 708 3038 carisi-opio
718 2961 862 3039 perierit,
884 2960 929 3018 ad
942 2976 1067 3019 coenam

70 3045 209 3108 invitarit
234 3054 262 3105 et
284 3046 314 3106 is
338 3045 490 3107 accitae
513 3045 576 3105 iiiia
601 3051 760 3105 contracta
789 3043 963 3103 decesserit.
1002 3038 1108 3101 Necti

69 3129 210 3208 fueritin
225 3145 323 3189 caasa
333 3129 438 3188 mortis
447 3128 542 3189 soirtm
555 3127 791 3189 adolescentiam
800 3126 917 3204 factam
927 3125 983 3186 sed
997 3144 1065 3185 ere·

71 3214 187 3274 deditos
199 3213 296 3288 senis,
307 3212 339 3272 in
353 3213 457 3274 dolare
471 3212 603 3290 ferrando
614 3210 793 3287 infirmita&
809 3211 949 3287 denique,
964 3211 992 3269 si
1000 3209 1065 3286 for-

71 3298 131 3361 tior
143 3296 250 3373 scisset
264 3304 317 3357 aat
327 3297 523 3373 prudentior,
540 3296 664 3355 ciceret.
694 3290 759 3354 Nec
777 3293 859 3354 maio
875 3303 971 3356 mente
984 3294 1066 3372 {ecc-

71 3386 163 3450 rant‚·
180 3389 209 3442 et
223 3380 275 3441 iile
286 3381 382 3457 potuit
394 3381 443 3441 oei
462 3398 501 3440 ea
519 3380 585 3440 toro
601 3377 706 3438 mmali
724 3377 774 3438 cai
794 3396 834 3438 ea
850 3396 941 3455 apere
957 3376 1065 3436 tamai-

71 3465 174 3526 taario
192 3464 365 3542 suspicari,
391 3482 450 3525 noa
479 3481 546 3524 esse
567 3468 796 3523 monameaatm.
836 3458 896 3534 Oai
916 3478 988 3539 erpo
1005 3476 1064 3538 pa-
