2434 3925
134 191 174 254 86
436 205 473 252 n.
495 204 573 252 naa.
595 204 813 264 omunmmm

132 358 169 418 Et
184 359 262 438 quod
276 358 381 418 Cicero
396 359 424 416 in
438 359 561 437 quodam
575 359 696 419 ioculari
712 359 829 420 libello:

193 442 335 504 Fundam
355 441 437 503 Vetto
456 451 560 519 cocat,
581 460 668 520 quem
683 446 779 522 possit
797 446 915 507 naittere
926 447 1046 525 fundu.-

191 526 232 587 Νι·
246 536 346 588 tomen
359 527 524 600 eamdent,
546 544 609 604 quc
623 545 702 588 coca
713 529 814 607 fundo
825 538 919 606 putet.

132 610 190 671 Sed
207 611 289 670 huius
312 627 427 688 quoque
444 611 486 669 rei
503 619 636 669 servetur
650 628 782 671 mensura
803 614 951 690 quaedam.
988 614 1136 688 Quamvis

132 704 177 754 est
193 697 266 754 enim
282 696 371 753 omnis
388 694 549 772 hyperbole
564 694 639 753 ultra
654 693 753 771 iidem,
772 705 938 756 nontamen
953 714 1020 757 esse
1037 698 1136 758 dehet

91 778 205 838 tdultra
224 778 354 853 modum,
378 796 433 837 uec
455 778 510 838 alia
533 779 578 836 via
599 779 689 854 magis
704 779 733 836 in
747 781 923 856 κακοζηλίαν
943 783 1008 839 itur.
1042 782 1134 858 Piget

131 862 242 922 referre
263 862 383 940 plurima
397 862 463 932 hinc
482 871 544 921 orta
563 862 648 936 vitia,
673 880 736 920 cum
755 866 926 941 praesertim
940 867 1053 923 minime
1070 868 1134 924 sint

131 947 229 1021 ignota
252 955 282 1005 ει
303 945 436 1005 obscura.
476 943 597 1004 Monere
625 947 693 1003 satis
715 955 775 1021 est,
797 950 909 1007 mentiri
931 947 1149 1027 hyperbolen„

131 1047 185 1088 nec
197 1031 250 1105 ita,
268 1038 299 1089 nt
312 1029 461 1090 mendacio
476 1030 581 1088 fallere
595 1028 674 1088 velit.
703 1028 768 1102 ouo
783 1033 874 1108 magis
889 1033 1052 1092 intuendum
1068 1043 1129 1108 est,

131 1129 282 1191 quousque
302 1114 405 1173 deceat
426 1113 586 1187 extollere,
605 1112 682 1190 quod
702 1113 785 1172 nobis
803 1132 860 1173 non
882 1117 1015 1176 creditur.
1055 1116 1129 1176 Per·

131 1200 209 1257 venit
229 1198 301 1257 haec
322 1215 370 1256 res
391 1198 622 1275 frequentissime
643 1197 678 1256 ad
695 1198 796 1267 risum;
819 1201 866 1277 qui
882 1201 906 1258 si
919 1209 1049 1278 captatus
1066 1210 1128 1275 est,

90 1286 122 1340 75
133 1280 313 1357 urbanitatis,
335 1283 379 1339 siu
395 1281 493 1356 aliter,
516 1280 654 1339 stultitiae
667 1297 771 1339 nomen
788 1285 959 1360 assequitur.
1004 1283 1057 1343 Est
1075 1302 1127 1343 au·
1215 1283 1216 1298 ³

130 1374 189 1423 tem
203 1367 232 1423 in
247 1384 298 1424 usu
313 1364 402 1441 vulgo
418 1382 533 1444 quoque
545 1373 574 1424 ει
589 1366 665 1424 inter
678 1364 836 1425 ineruditos
852 1376 882 1426 et
896 1366 971 1446 apud
986 1368 1127 1443 rusticos,

130 1447 267 1507 videlicet
288 1450 353 1526 quia
374 1457 473 1508 natura
495 1457 540 1508 εει
562 1449 692 1508 omnibus
714 1452 837 1525 augendi
858 1470 907 1509 res
922 1451 1128 1529 minuendique

132 1531 272 1611 cupiditas
299 1534 398 1607 insita,
425 1550 482 1591 nec
507 1533 657 1610 quisquam
680 1550 751 1592 vero
782 1544 933 1594 contentus
962 1544 1015 1594 est.
1064 1536 1128 1595 Sed

89 1620 122 1678 to
131 1616 304 1693 ignoscitur,
322 1618 386 1695 quia
404 1633 460 1674 non
476 1616 656 1675 allirmamus.
697 1617 769 1677 'lum
784 1626 829 1676 est
845 1618 1005 1693 hyberbole
1020 1619 1127 1694 virtus,

131 1718 193 1760 cum
210 1719 258 1759 res
273 1702 352 1778 ipsa,
370 1702 407 1760 de
423 1699 477 1778 qua
495 1700 668 1778 loquendum
684 1710 745 1776 est,
764 1703 921 1761 naturalem
937 1702 1051 1761 modum
1072 1720 1126 1761 ex-

130 1786 228 1843 cessit.
270 1782 446 1844 Conceditur
461 1785 535 1842 enim
550 1784 671 1862 amplius
686 1785 802 1861 dicere,
821 1788 886 1863 quia
901 1787 971 1861 dici,
988 1795 1126 1863 quantum

130 1877 192 1943 est,
212 1885 268 1927 non
284 1877 397 1946 potest,
413 1867 573 1945 meliusque
588 1868 663 1927 ultra
678 1886 761 1945 quam
776 1871 846 1929 citra
860 1878 915 1929 stat
932 1872 1034 1930 oratio.
1063 1870 1125 1930 Sed

129 1951 243 2013 dehoc
264 1955 349 2029 satis,
374 1952 440 2031 quia
461 1952 581 2012 eundem
605 1952 700 2012 locum
715 1953 828 2031 plenius
850 1955 878 2012 in
899 1973 934 2015 eo
951 1954 1042 2032 libro,
1065 1972 1125 2032 quo

131 2054 233 2096 causas
250 2046 403 2116 corruptae
422 2036 605 2114 eloquentiae
620 2037 825 2116 reddebamus,
844 2040 1034 2102 tractavimus.

466 2397 669 2463 LIBER
715 2399 778 2464 IX.

128 2525 204 2576 Libro
224 2540 289 2574 nouo
308 2527 372 2576 lraec
389 2530 558 2580 continentur:
591 2531 644 2590 Quo
668 2530 784 2580 differant
801 2530 896 2595 figurae
918 2544 933 2578 a
951 2530 1039 2594 tropis.
1081 2529 1122 2581 De

163 2594 250 2660 liguris
268 2597 455 2647 sententiarum.
491 2599 529 2649 De
547 2600 636 2665 liguris
654 2602 796 2653 verborum.
832 2599 869 2648 De
888 2598 1077 2662 compositione.

325 2762 388 2821 Quo
406 2763 585 2816 DIFFERANT
601 2765 742 2816 FIGURAE
760 2766 783 2815 Α
800 2763 924 2817 TROPIS.

190 2879 213 2939 l.
236 2860 307 2941 Cum
322 2880 359 2938 sit
376 2880 506 2958 proximo
525 2880 598 2940 libro
615 2880 651 2939 de
666 2880 757 2957 tropis
773 2878 891 2938 dictum:
910 2876 1040 2957 sequitur
1053 2894 1120 2957 per·

127 2964 220 3022 tineus
235 2964 271 3024 ad
291 2964 454 3047 figuras,
476 2982 549 3042 quae
567 2958 698 3042 σχήματα
714 2962 824 3023 Graece
846 2971 1002 3036 vocantur,
1025 2961 1119 3038 locus,

126 3045 190 3124 ipsa
202 3049 246 3106 rei
258 3056 356 3107 natura
369 3050 535 3107 coniunctus
550 3049 704 3126 superiori.
728 3047 798 3106 Nam
811 3046 942 3124 plerique
955 3045 1006 3105 has
1017 3052 1119 3123 tropos

127 3146 195 3188 esse
213 3130 461 3207 existimaverunt,
476 3133 557 3209 quia,
570 3133 632 3190 sive
645 3148 682 3190 ex
692 3129 748 3190 hoc
759 3132 891 3190 duxerint
905 3147 1025 3203 nomen,
1042 3129 1119 3206 quod

99 3213 185 3278 asint
200 3213 313 3273 formati
332 3215 453 3291 quodam
468 3215 570 3290 modo,
587 3216 649 3273 sive
663 3232 699 3273 ex
713 3231 765 3288 eo,
789 3214 866 3291 quod
881 3221 994 3273 vertant
1014 3213 1117 3289 oratio·

91 3320 94 3328 ’
126 3315 207 3374 nem,
228 3297 303 3356 unde
325 3307 354 3356 et
373 3307 488 3358 motus
506 3298 653 3357 dicuntur:
677 3297 821 3357 fatendum
843 3298 911 3372 erit,
932 3314 1000 3356 esse
1014 3305 1116 3355 utrum

128 3399 184 3458 que
209 3397 308 3441 eorum
330 3383 414 3440 etiam
434 3384 463 3440 in
485 3382 594 3459 liguris.
644 3380 720 3441 Usus
741 3380 856 3459 quoque
879 3389 924 3440 est
942 3379 1032 3447 idem;
1054 3397 1116 3439 nam

127 3474 156 3524 et
168 3467 223 3526 vim
238 3463 324 3525 rebus
345 3464 478 3524 adiiciunt
493 3474 522 3524 et
539 3466 660 3542 gratiam
677 3473 833 3544 praestant.
864 3462 926 3523 Nec
942 3464 1053 3542 desunt,
1068 3463 1116 3544 qui
