2434 3925
327 162 415 222 ausu.
432 171 580 221 aaaron
598 172 668 221 ura.
687 172 754 237 xus,
770 170 795 221 1.
997 157 1057 219 243

38 328 219 389 iudicanda
240 335 284 387 est
303 326 422 396 malum;
445 328 563 406 peiores
586 322 660 385 enim
682 324 847 401 illos‘iacit,
870 324 972 403 quibus
987 342 1057 385 vcon·

41 414 136 489 tigit.
337 480 339 491 .
714 459 723 479 ,
980 424 982 427 ·

147 495 263 555 Videor
278 494 345 553 mibi
366 492 464 554 audire
485 495 624 573 quosdam
650 492 850 572 (nequeenim
867 492 988 552 deerunt
1007 504 1100 558 undo

46 596 160 658 quam,
179 579 227 656 qui
242 578 342 638 diserti
357 596 424 637 esse
441 596 523 656 quam
538 578 606 637 boni
620 577 731 655 malint)
747 576 796 637 illa
811 576 957 635 dicentes:
983 576 1059 651 Quid

49 679 136 738 ergo
157 670 264 721 tantum
283 671 328 720 est
349 663 418 721 antis
438 663 466 719 in
487 659 672 738 eloquentia?
697 679 747 721 cur
762 671 791 720 tu
809 661 845 719 de
864 660 1011 733 coloribus
1029 669 1059 720 et

48 745 225 806 difficilium
247 763 395 804 cansarum
420 745 607 821 defensione,
635 744 763 804 nonnihil
784 745 867 803 etiam
890 744 926 803 de
944 745 1058 803 confes·

49 831 147 888 sione
167 828 282 887 locutus
298 846 347 904 es,
372 830 426 886 nisi
449 829 602 906 aliquando
624 830 668 888 vis
690 847 726 888 ac
740 827 862 888 facultas
877 826 990 886 dicendi
1009 846 1059 886 ex·

52 921 176 991 pugnat
190 913 282 989 ipsam
296 911 470 989 veritatem?
499 910 595 971 Bonus
611 913 684 971 enim
698 914 743 971 vir
757 930 813 971 nou
828 913 888 989 agit
900 913 954 970 uisi
969 911 1060 970 bonas

55 1013 186 1070 causas,
208 1004 259 1054 aas
283 1012 372 1073 porro
395 997 480 1054 etiam
503 997 566 1055 sine
589 995 720 1056 doctrina
743 997 811 1056 satis
834 1013 888 1074 per
912 1013 944 1055 se
964 1003 1060 1055 tuetur

53 1080 176 1138 veritas
190 1079 267 1157 ipsa,
299 1078 409 1152 Quibus
433 1096 508 1155 ego,
531 1098 594 1139 cum
617 1080 653 1139 de
673 1097 739 1139 meo
759 1080 879 1157 primum
899 1097 990 1157 opere
1012 1095 1100 1148 re·34

56 1163 233 1240 spondero,
252 1163 337 1222 etiam
352 1179 405 1240 pro
423 1162 491 1221 boni
504 1165 557 1223 uiri
572 1163 688 1239 officio,
706 1164 731 1223 si
748 1164 861 1241 quando
877 1181 941 1221 eum
958 1161 994 1222 ad
1009 1162 1061 1222 de·

56 1246 228 1306 sensionem
252 1248 414 1305 nocentium
438 1248 512 1305 ratio
540 1247 667 1324 duxerit,
695 1247 879 1306 satisfaciam.
922 1245 1060 1306 Tractare

59 1331 157 1405 enim,
175 1330 318 1407 quomodo
334 1339 381 1390 aut
392 1346 445 1408 pro
460 1330 542 1390 falsis
557 1339 605 1390 aut
620 1333 704 1390 etiam
716 1349 769 1410 pro
782 1332 892 1390 iniustis
907 1329 1059 1410 aliquando

60 1415 189 1488 dicatur,
204 1430 262 1472 nou
277 1422 323 1474 est
335 1414 446 1490 inutile,
461 1414 511 1473 vel
526 1423 647 1493 propter
661 1417 717 1475 hoc
732 1414 835 1490 solum,
851 1424 881 1477 ut
897 1433 932 1474 aa
947 1414 1061 1474 facilius

61 1506 98 1576 et
125 1497 374 1575 deprehendamus
400 1506 431 1557 et
458 1497 640 1568 refellamus;
670 1498 906 1578 quemadmodum
932 1497 1060 1558 remedia

13 1590 14 1609 ¹
59 1580 169 1640 melius
184 1580 340 1658 adhibebit,
357 1582 403 1640 cui
414 1582 492 1656 uota,
509 1600 582 1660 quae
593 1592 711 1659 nocent,
727 1583 841 1642 fuerint.
868 1581 973 1662 Neque
986 1583 1100 1646 animas

61 1665 251 1740 Academici,
276 1682 341 1725 cum
360 1666 388 1723 iu
410 1673 558 1744 utramque
574 1666 773 1726 disseruerunt
791 1675 919 1746 partem,
940 1682 997 1725 non
1012 1684 1059 1725 se-

61 1748 189 1808 cundum
205 1749 324 1808 alteram
344 1748 458 1817 vivent;
480 1767 536 1809 uec
552 1747 718 1810 Carneades
733 1750 798 1825 ille,
822 1752 870 1829 qui
883 1748 993 1809 Romae
1011 1767 1059 1808 au·
1153 1812 1156 1819 ,

13 1838 14 1850 ’
63 1832 164 1893 diente
181 1828 323 1892 Censorio
342 1830 452 1892 Catone
473 1851 530 1892 non
552 1834 708 1893 minoribus
729 1833 839 1893 viribus
863 1841 962 1893 contra
979 1833 1058 1893 iusti·

63 1918 136 1976 tiam
152 1917 254 1977 dicitur
269 1915 440 1976 disseruisse
457 1934 540 1995 qnam
560 1919 652 1998 pridie
674 1935 728 1996 pro
743 1918 849 1979 iustitia
866 1916 992 1995 dixerat,
1017 1918 1058 1975 in·

12 2001 14 2024 ¹
63 2003 160 2060 iustus
182 2002 246 2079 ipse
266 2002 311 2060 vir
330 2002 391 2061 luit.
424 2001 532 2061 Verum
557 2012 587 2062 et
608 2004 698 2062 virtus
720 2002 787 2081 quid
809 2003 861 2077 sit,
885 2002 1008 2062 aduersa
1031 2002 1059 2060 ei

63 2083 173 2152 malitia
187 2084 308 2161 detegit,
324 2093 353 2143 et
367 2087 498 2163 aequitas
513 2086 543 2147 lit
559 2105 596 2146 ex
612 2087 700 2164 iniqui
715 2085 956 2163 contemplatione
971 2083 1059 2146 mant
1168 2139 1173 2146 r

64 2169 181 2244 festior,
198 2176 227 2228 et
242 2168 362 2246 plurima
377 2170 528 2229 contrariis
543 2170 709 2250 probantur.
734 2170 850 2229 Debent
864 2186 935 2246 ergo
952 2169 1059 2228 oratori

65 2254 114 2312 sic
133 2270 198 2312 esse
219 2254 449 2315 adversariorum
463 2262 530 2313 nota
551 2253 672 2314 consilia
695 2262 726 2313 ut
744 2254 867 2313 bostium
882 2253 1058 2332 imperatori.
1115 2276 1117 2280 ·

64 2336 175 2395 Verum
201 2345 233 2395 et
257 2335 343 2411 illud,
373 2336 449 2415 quod
472 2338 563 2416 prima
588 2339 790 2416 propositione
818 2337 916 2397 durum
936 2338 1102 2408 videtur,36

65 2428 165 2498 potest
179 2420 284 2479 afferre
299 2421 388 2496 ratio,
411 2429 442 2480 ut
464 2423 509 2479 vir
529 2420 623 2492 bonus
637 2423 666 2480 in
680 2421 850 2481 defensione
866 2440 972 2482 causae
988 2422 1061 2480 velit

69 2504 182 2563 auferre
193 2503 345 2582 aliquando
358 2504 445 2564 iudici
456 2507 617 2564 veritatem.
636 2504 719 2579 Quod
731 2507 755 2564 si
768 2508 831 2588 quis
843 2523 859 2565 a
874 2524 920 2566 me
935 2506 1059 2585 proponi

13 2623 14 2636 κ
70 2586 223 2662 mirabitur,
240 2588 416 2666 (quanquam
427 2605 484 2647 non
495 2598 540 2648 est
551 2589 625 2649 haec
637 2607 701 2648 mea
717 2592 835 2669 proprie
851 2592 992 2649 sententia
1008 2587 1060 2647 sod

13 2677 15 2714 l
55 2687 182 2745 eorum,
206 2689 279 2749 quos
301 2672 488 2748 gravissimos
512 2674 672 2751 sapientiae
695 2675 849 2751 magistros
874 2682 955 2733 aetas
975 2680 1059 2730 vetus

15 2779 16 2784 ¹
74 2754 209 2833 credidit)
231 2757 275 2815 sic
296 2756 419 2831 iudicet,
447 2757 588 2835 pleraque
608 2775 692 2833 esse,
724 2775 798 2835 quae
820 2774 878 2816 nou
898 2765 955 2815 tam
974 2754 1059 2814 factis

73 2855 153 2915 quam
168 2841 261 2898 causis
277 2856 376 2899 eorum
392 2840 441 2899 vel
456 2841 576 2901 honesta
596 2840 664 2900 liant
684 2841 734 2901 vel
750 2842 852 2919 turpia.
881 2838 953 2899 Nam
967 2839 992 2896 si
1007 2837 1100 2900 ho·3f
1158 2900 1160 2905 ,

73 2922 171 2981 minem
196 2923 333 2983 occidere
355 2942 445 3002 saepe
467 2926 573 2999 virtus,
601 2923 712 2984 liberos
734 2942 841 2985 necare
859 2939 1059 2999 nonnunquam

73 3005 288 3084 pulcherrimum
305 3016 366 3067 est:
390 3009 540 3086 asperiora
560 3007 700 3086 quaedam
717 3008 811 3067 adhuc
826 3007 917 3082 dictu,
940 3007 965 3064 si
981 3022 1058 3064 com-

73 3090 159 3149 munis
179 3089 285 3148 utilitas
310 3094 458 3168 exegerit,
482 3091 582 3151 lacere
605 3090 786 3159 conceditur;
808 3109 845 3149 na
865 3090 922 3150 lroc
943 3089 1058 3168 quidem

73 3173 171 3233 nudum
187 3180 232 3231 est
252 3174 429 3250 intuendum,
454 3175 569 3253 qualem
588 3193 704 3235 oausam
724 3176 769 3234 vir
790 3175 884 3234 bonus
904 3174 1058 3233 sedetiam

13 3291 14 3303 κ
74 3274 158 3337 quare
179 3263 208 3315 et
234 3273 290 3334 qua
309 3268 404 3318 mente
429 3259 574 3320 defendat.
604 3259 650 3318 Ac
668 3258 788 3337 primum
810 3257 971 3318 concedant
990 3257 1100 3320 miliae

13 3355 14 3368 ¹
75 3359 167 3401 omues
183 3349 315 3418 oportet,
340 3343 416 3421 quod
431 3343 595 3403 Stoicorum
614 3359 730 3421 quoque
750 3344 900 3420 asperrimi
921 3342 1056 3401 confuten-

74 3433 130 3503 tur,
150 3426 289 3485 facturum
309 3425 462 3504 aliquando
481 3428 572 3487 virum
586 3425 708 3504 bonum,
730 3435 760 3487 ut
774 3427 952 3487 mendacium
969 3425 1055 3500 dicat,

864 3507 934 3573 16*
1013 3593 1020 3606 .
