2434 3925
348 186 442 252 msr.
456 184 784 252 onerosumque·
1026 174 1067 233 47

65 344 166 405 mellis
192 343 273 403 illum
301 340 497 401 inimitabilem
526 342 667 402 humanae
694 342 798 400 rationi
824 358 960 419 saporem
985 343 1067 401 vario

67 429 174 489 florum
201 446 236 488 ac
259 442 394 485 sucorum
420 443 530 502 genero
554 425 725 502 perliciunt:
753 443 807 484 nos
835 424 1015 501 mirabimur,
1042 426 1067 485 si

68 513 183 586 oratio,
200 528 256 589 qua
273 509 342 568 nibil
360 510 552 587 praestantius
569 509 676 568 bomini
693 509 771 569 dedit
788 510 985 587 providentia,
1003 510 1066 588 plu·

66 597 151 656 ribus
173 594 281 655 artibus
301 602 401 670 egeam
425 610 518 670 quae,
542 594 628 652 etiam
647 612 711 653 cum
732 610 765 653 se
783 611 840 653 nou
863 594 1017 654 ostendunt
1038 596 1068 653 in

67 679 195 741 dicendo
216 696 272 738 uec
295 677 462 756 proferunt,
492 678 550 735 vim
572 686 668 736 tamen
690 677 835 737 occultam
857 686 1017 755 suggerunt
1038 686 1069 737 et

68 765 178 824 tacitae
195 779 311 841 quoque
331 762 499 820 sentiuntur.
531 759 619 836 „Fuit
636 761 739 839 aliquis
758 762 821 820 sine
838 761 883 820 bis
901 762 1025 822 disertus
1036 766 1092 820 :“8

61 856 98 918 at
118 864 176 925 ego
194 856 340 906 oratorem
361 845 441 904 volo.
463 843 551 921 „Non
568 845 686 904 multum
704 847 879 905 adiiciunt:“
898 846 951 905 sed
968 847 1068 924 utique

68 932 202 990 nouerit
221 940 327 1004 totum,
351 929 397 988 cui
416 928 466 988 vel
484 946 574 1007 parva
590 928 727 1005 deerunt,
750 938 780 988 et
800 930 936 1008 optimum
953 931 1068 1008 quidem

68 1006 130 1075 boo
152 1033 220 1075 esse
243 1014 413 1081 conveniet;
437 1015 518 1073 cuius
541 1013 653 1073 etiamsi
675 1015 704 1072 in
724 1013 815 1073 arduo
836 1030 906 1091 spes
929 1023 990 1088 est,
1013 1031 1067 1072 nos

68 1108 168 1158 tamen
188 1099 400 1177 praecipiamus
416 1098 527 1172 omnia,
552 1105 583 1156 ut
604 1098 708 1157 saltem
729 1098 813 1176 plura
830 1098 907 1157 dant.
940 1098 999 1158 Sed
1016 1115 1068 1156 cur

68 1183 188 1243 deliciat
205 1179 335 1242 animus?
362 1180 471 1241 Natura
490 1182 564 1240 enim
582 1181 745 1259 perfectum
761 1191 908 1241 oratorem
925 1201 992 1242 esse
1011 1198 1069 1240 non

67 1266 224 1345 probibet,
248 1267 429 1345 turpiterque
452 1261 625 1343 desperatur
646 1266 782 1344 quidquid
802 1267 865 1325 lieri
886 1275 994 1344 potest.

474 1419 518 1467 Du
536 1418 664 1498 mustos.
713 1461 715 1465 ,

164 1516 260 1594 Atque
280 1532 337 1592 ego
360 1516 409 1575 vel
432 1517 537 1594 iudicio
559 1527 690 1576 veterum
712 1527 843 1595 poteram
863 1536 930 1577 esse
951 1523 1094 1579 conten-9

69 1611 129 1661 tus.
149 1598 240 1664 ‚Nam
264 1601 327 1677 quis
348 1600 463 1677 ignorat
485 1602 649 1660 musicen
673 1601 719 1679 (ut
746 1602 783 1661 de
806 1602 861 1662 bac
884 1604 1004 1681 primum
1025 1604 1068 1662 lo·

69 1686 160 1764 quar)
183 1691 290 1743 tantum
308 1686 363 1743 iam
384 1684 441 1743 illis
459 1686 582 1763 antiquis
601 1685 778 1763 temporibus
794 1702 852 1744 non
874 1687 959 1746 studii
978 1687 1067 1758 modo

68 1787 172 1829 verum
189 1769 274 1828 etiam
290 1769 487 1827 venerationis
503 1768 652 1844 babuisse,
671 1777 701 1828 ut
718 1770 804 1829 iidem
821 1772 922 1829 musici
940 1779 969 1830 et
984 1780 1067 1830 vates

69 1863 101 1914 et
122 1853 271 1931 sapientes
289 1852 482 1912 iudicarentur
505 1852 628 1930 (mittam
645 1853 735 1932 alios)
761 1852 894 1932 Orpheus
916 1863 945 1912 et
966 1853 1066 1922 binus;

69 1954 194 2018 quorum
214 1944 365 2016 utrumque
387 1936 441 1996 diis
462 1939 606 2015 genitum,
631 1937 753 1998 alterum
773 1954 864 2014 vero,
892 1939 958 2015 quia
979 1938 1066 1998 rudes

68 2038 189 2101 quoque
214 2030 300 2098 atque
327 2031 460 2099 agrestes
486 2022 596 2081 animos
619 2022 807 2082 admiratione
828 2022 986 2097 mulceret,
1009 2040 1067 2082 non

68 2111 150 2171 ieras
179 2106 264 2165 modo
291 2105 343 2165 sed
370 2123 441 2166 saxa
470 2108 556 2166 etiam
578 2106 726 2183 silvasque
748 2106 866 2166 duxisse
887 2107 1066 2185 posteritatis

68 2192 227 2251 memoriae
248 2190 381 2249 traditum
400 2199 454 2249 est.
483 2189 585 2268 ltaque
612 2189 785 2267 Timagenes
803 2199 905 2250 auctor
923 2199 983 2266 est,
1008 2198 1109 2271 om·10

67 2277 148 2335 nium
170 2276 199 2332 in
220 2273 324 2333 litteris
345 2274 504 2333 studiorum
528 2276 751 2353 antiquissimam
772 2277 902 2334 musicen
924 2275 1067 2350 extitisse,

68 2369 99 2419 et
121 2359 287 2417 testimonio
314 2366 379 2416 suut
403 2358 554 2418 clarissimi
579 2367 703 2437 poetae,
733 2358 809 2437 apud
832 2376 905 2437 quos
927 2361 1000 2418 inter
1021 2378 1067 2418 re·

66 2442 150 2521 galia
169 2442 301 2501 convivia
318 2441 418 2503 laudes
437 2442 557 2501 heroum
579 2443 751 2502 acdeorum
771 2445 806 2504 ad
827 2442 964 2503 citharam
982 2459 1066 2502 cane·

67 2528 184 2587 bantur.
207 2524 294 2604 lopas
309 2543 380 2585 vero
395 2526 444 2585 ille
456 2526 578 2604 Vergilii
592 2544 687 2586 nonne
699 2528 783 2588 canit
796 2536 950 2597 montem
963 2528 1068 2589 lunam

68 2612 206 2688 solisquc
228 2610 352 2672 labores
370 2619 399 2669 et
415 2608 536 2671 cetera?
572 2609 683 2683 Quibus
700 2598 786 2670 ‘certe
808 2611 903 2689 palam
919 2611 1069 2671 conlirmat

70 2703 176 2756 auctor
194 2694 448 2769 eminentissimus,
468 2696 597 2753 musicen
616 2712 679 2755 cum
699 2694 856 2754 divinarum
874 2697 959 2755 etiam
972 2713 1068 2755 rerum

71 2778 241 2856 cognitione
259 2796 326 2837 esse
345 2779 534 2838 coniunctam.
568 2777 695 2851 Quodsi
713 2779 810 2854 datur,
829 2780 883 2849 erit
901 2781 986 2840 etiam
1003 2796 1066 2838 ora·
1076 2785 1108 2837 11

71 2866 129 2923 tori
153 2863 331 2922 necessaria.
364 2863 511 2940 Siquidem
534 2862 580 2942 (ut
598 2862 735 2942 diximus)
758 2862 832 2922 haec
850 2880 966 2940 quoque
988 2881 1067 2942 pars,

36 2945 38 2949 ’
72 2964 149 3025 quae
169 2945 205 3006 ab
229 2945 392 3006 oratoribus
414 2946 517 3006 relicta
535 2964 551 3005 a
570 2946 753 3024 pbilosophis
770 2954 815 3005 est
837 2958 994 3025 occupata,
1018 2963 1068 3006 no·

71 3032 126 3090 stri
144 3033 242 3109 operis
262 3030 341 3106 luit,
354 3048 389 3090 ac
410 3031 473 3089 sine
496 3031 619 3090 omnium
639 3031 738 3091 talium
756 3032 877 3091 scientia
896 3049 954 3091 non
970 3040 1069 3111 potest

73 3132 142 3174 esse
163 3115 296 3192 perlecta
319 3114 495 3192 eloquentia.
534 3115 631 3192 Atque
654 3114 751 3174 claros
773 3116 888 3174 nomine
909 3119 1110 3196 sapientiaelt

72 3200 169 3274 viros,
187 3216 274 3259 nemo
293 3197 483 3275 dubitaverit,
505 3200 651 3258 studiosos
670 3200 796 3258 musices
814 3199 919 3268 luisse;
937 3220 1000 3261 cum
1012 3201 1065 3276 Py·

72 3283 212 3360 thagoras
235 3292 321 3362 atque
341 3301 408 3361 eum
428 3284 521 3342 secuti
546 3291 698 3360 acceptam
721 3284 782 3341 sine
805 3283 891 3343 dubio
913 3287 1066 3363 antiquitus

73 3368 240 3445 opinionem
267 3367 465 3444 vulgaverint,
494 3366 627 3425 muudum
652 3367 744 3444 ipsum
765 3369 876 3427 ratione
899 3386 965 3429 esse
989 3386 1065 3428 com·

73 3453 218 3530 positum,
244 3468 328 3528 quam
345 3460 449 3530 postea
469 3451 506 3510 sit
523 3449 585 3525 lyra
607 3452 731 3519 imitata;
756 3469 812 3511 nec
827 3452 878 3513 illa
893 3454 979 3512 modo
998 3468 1066 3510 con·
