2434 3925
298 256 299 259 Ἴ
346 195 435 244 meu.
447 194 597 244 onaron.
610 196 681 244 uun.
693 196 744 261 111,
755 195 783 246 s.
820 153 831 173 ⁶
1003 185 1063 248 113

62 359 224 418 monceau.
270 351 401 411 Alterum
427 319 473 410 est
497 350 799 426 deliberativum,
826 354 941 412 tertium
966 352 1106 421 iudi-15

63 439 170 500 ciale.
200 435 325 497 Ceterae
341 437 457 513 species
473 436 502 493 in
516 434 590 494 haec
604 436 658 495 tria
673 435 799 495 incident
813 454 933 512 genera,
952 455 1008 498 nec
1022 440 1064 500 in·

60 524 199 584 venietur
212 539 250 580 ex
264 519 309 579 his
324 519 401 595 ulla,
423 522 451 578 io
467 536 522 596 qua
537 536 595 580 nun
612 519 729 579 laudare
746 536 782 579 ac
796 523 977 598 vituperare,
1000 540 1063 581 sua·

61 610 137 669 dere
154 619 190 665 ac
207 604 392 678 dissuadere,
412 603 562 662 intendere
579 604 646 682 quid
661 602 709 662 uel
728 603 880 682 depellere
897 605 1063 666 debeamus.

61 691 119 752 llle
144 706 261 768 quoque
286 697 352 747 sunt
373 689 548 762 communia,
579 686 753 763 conciliare,
778 705 913 763 narrare,
941 689 1063 766 docere,

62 791 194 851 augere,
216 774 361 846 minuere,
383 772 561 831 concitandis
577 770 824 850 componendisve
838 772 990 833 affectibus
1005 776 1064 833 ani·

63 875 130 918 mos
145 857 319 917 audientium
336 856 458 932 tingere.

151 940 197 1001 Ne
221 939 266 1000 luis
292 939 406 1017 quidem
431 940 623 1020 uccesseuim,
651 941 699 1018 qui
724 939 896 1001 laudativam
918 944 1064 1002 materiam
1073 944 1107 999 16

62 1028 274 1101 honestorum,
311 1023 528 1083 deliberativam
556 1025 695 1100 cultum,
726 1024 890 1102 iudicialem
916 1028 1065 1087 tortorum

67 1110 241 1189 quaestione
257 1109 398 1168 contineri
413 1116 528 1185 putant,
548 1108 640 1167 celeri
659 1110 751 1185 magis
772 1126 806 1168 ac
820 1110 942 1170 rotunda
964 1112 1008 1169 usi
1023 1110 1064 1170 di·

64 1194 238 1254 strihutione
254 1210 337 1271 quam
351 1209 431 1251 vera.
460 1192 541 1252 Stant
556 1194 630 1251 enim
646 1187 856 1269 quodammodo
869 1197 972 1255 mutuis
986 1197 1064 1253 auxi-

66 1278 113 1339 liis
136 1279 240 1337 omnia.
275 1276 348 1336 Nam
369 1284 398 1335 et
419 1277 448 1334 in
469 1275 554 1335 laude
570 1278 678 1336 iustitia
695 1277 862 1355 utilitasque
882 1286 1020 1338 tractatur
1036 1288 1065 1338 et

65 1365 95 1423 iu
116 1361 245 1422 consiliis
270 1360 425 1436 honestas,
447 1368 476 1419 et
496 1376 562 1419 raro
583 1360 747 1420 iudicialem
769 1363 915 1422 inveneris
938 1380 1064 1438 causam,

66 1449 94 1507 in
110 1449 192 1508 cuius
214 1464 271 1505 non
291 1455 375 1524 parte
396 1444 503 1522 aliquid
521 1461 641 1522 eorum,
663 1462 737 1524 quae
756 1447 998 1525 supradiximus,
1019 1465 1064 1508 re-

65 1534 204 1611 periatur.

182 1682 299 1744 QUIBUS
318 1682 550 1762 (1οΝἸῚΝΕΑΤ1111Ι
568 1682 669 1734 OMNIS
685 1682 786 1734 RATIO
805 1684 947 1738 DlCENDI.

148 1782 186 1844 V.
221 1780 318 1840 Omnis
334 1785 428 1841 autem
445 1784 538 1841 oratio
557 1790 671 1841 constat
687 1791 734 1841 aut
750 1799 788 1841 ex
803 1780 865 1855 luis,
885 1799 961 1859 quae
978 1784 1065 1859 signi·

64 1868 205 1942 ficantur,
228 1874 276 1924 aut
292 1865 397 1941 ethis,
416 1883 491 1944 quae
506 1865 684 1942 significant,
705 1864 794 1924 idest
814 1864 923 1924 rebus
940 1874 968 1924 et
983 1885 1065 1925 ver·

63 1952 131 2013 bis.
173 1950 309 2012 Facultas
325 1950 424 2011 orandi
441 1957 654 2009 consummatur
672 1957 818 2024 natura,
840 1956 936 2024 arte,
959 1968 1064 2010 exer·

63 2037 262 2109 citatione,
279 2037 325 2093 oui
339 2042 450 2112 purtem
462 2042 591 2112 quartam
606 2033 741 2093 adiiciunt
756 2032 867 2112 quidam
878 2034 1064 2111 incitationis,

63 2138 151 2199 quam
172 2135 226 2177 nos
249 2119 303 2177 arti
325 2118 500 2186 subiicimus.
536 2116 603 2178 'l'ria
625 2127 690 2177 sunt
712 2120 795 2192 item,
819 2135 893 2195 quae
913 2127 1089 2195 praestaret

62 2204 173 2265 debeat
189 2212 298 2276 orator,
313 2210 344 2261 ut
359 2202 506 2277 doceat,
522 2211 680 2277 moveat,
697 2201 871 2262 delectet.
900 2201 1066 2263 llaecenim

63 2288 177 2349 clarior
197 2286 300 2345 divisio
324 2303 408 2364 quam
430 2304 546 2360 eorum,
575 2290 624 2365 qui
647 2295 738 2346 totum
762 2302 836 2364 opus
859 2287 889 2344 in
913 2296 1015 2347 reret
1037 2289 1067 2346 in

63 2372 197 2455 affector
212 2372 382 2448 partiuntur.
418 2370 484 2430 Non
501 2387 618 2448 semper
632 2379 727 2430 autem
742 2371 836 2430 omnia
851 2371 879 2429 in
895 2386 974 2446 eam,
992 2388 1066 2448 quae

64 2454 253 2529 tractabitur,
272 2457 418 2514 materiam
436 2453 549 2515 cadent.
582 2453 674 2514 Erunt
690 2457 764 2514 enirn
780 2454 920 2532 quaedam
936 2464 1066 2515 remotae
1131 2477 1139 2492 ·

66 2538 101 2599 ul)
118 2537 290 2613 affectibus,
313 2540 361 2617 qui
376 2547 406 2597 ut
421 2555 478 2596 non
496 2538 603 2616 ubique
623 2538 729 2599 habent
744 2539 856 2614 locum,
878 2540 918 2597 ita
938 2556 1066 2616 quocun·

68 2640 124 2699 que
140 2624 314 2699 irruperunt,
330 2622 481 2700 plurimum
495 2622 602 2682 ualent.
628 2623 882 2683 Praestantissimis
898 2623 1091 2692 auctoribus3

67 2706 182 2786 placet,
200 2705 256 2765 alia
271 2708 300 2764 in
315 2705 461 2766 rhetorice
477 2724 562 2781 esse,
583 2724 657 2785 quae
672 2707 873 2785 probationem
888 2706 1065 2783 desiderent,

67 2789 123 2851 alia
141 2808 216 2868 quae
230 2807 288 2848 non
304 2790 488 2865 desiderent,
511 2808 574 2850 curu
590 2791 694 2869 quibus
714 2792 781 2869 lpse
798 2793 960 2850 consentio.
997 2790 1066 2864 Qui·

66 2874 130 2934 daun
152 2890 241 2949 uero,
263 2882 293 2933 ut
318 2872 439 2949 Celsus,
459 2875 496 2934 de
517 2874 596 2934 nulla
618 2893 650 2933 re
671 2875 811 2934 dicturum
830 2883 992 2950 oratorem,
1012 2876 1066 2933 nisi

65 2959 103 3019 de
119 2976 175 3036 qua
192 2966 362 3036 quaeratur,
384 2960 563 3034 existimant,
580 2961 626 3018 oui
642 2977 705 3018 cum
720 2960 840 3018 maxima
855 2974 924 3035 pars
942 2961 1065 3035 scripto·

65 3061 129 3102 rum
152 3051 296 3120 repugnat
318 3051 375 3102 tum
397 3044 482 3102 etiam
508 3044 571 3121 ipsa
596 3044 729 3121 partitio:
756 3043 811 3101 nisi
838 3041 915 3100 lorte
936 3041 1064 3119 laudare,

66 3143 143 3205 quae
160 3136 275 3188 constet
292 3145 360 3185 esse
373 3126 511 3201 honesta,
534 3135 564 3185 et
580 3130 762 3205 vituperare,
785 3143 858 3203 quae
875 3143 913 3185 ex
928 3127 1066 3188 confesso

64 3212 124 3270 siut
139 3213 248 3288 turpia,
272 3219 390 3270 nonest
408 3212 532 3271 oratoris
549 3211 686 3271 cilicium.

151 3293 225 3354 lllud
243 3298 297 3354 ium
313 3312 413 3354 omnes
428 3296 569 3370 latentur,
593 3313 661 3371 esse
677 3297 863 3373 quaestiones
879 3296 911 3354 in·
923 3298 1091 3374 scriptot

65 3387 96 3438 et
118 3380 147 3438 in
168 3395 238 3437 nou
258 3381 420 3457 scripto;
442 3382 471 3438 in
491 3380 602 3457 scripto
618 3379 660 3439 ¹de
678 3382 756 3455 iure,
777 3381 805 3438 iu
826 3396 883 3439 non
902 3381 1011 3457 scripto
1030 3379 1065 3438 de

63 3481 108 3523 re.
136 3461 211 3522 lllud
226 3465 380 3528 roconote
396 3463 453 3525 hoc
468 3464 567 3543 lcpclc
581 3482 674 3542 genus
689 3462 883 3541 Hermagoras
899 3472 986 3541 atque
1000 3480 1066 3522 eum

106 3567 175 3606 mr.
188 3567 301 3621 pumen.
