2434 3925
7 297 19 360 l

269 223 273 238 '
315 232 316 235 ’
351 234 601 288 memoresne.
615 232 785 301 menno.
1013 220 1071 282 119
1149 307 1168 333 0

73 399 174 471 potest
189 389 311 451 eundem
325 390 373 450 rel
389 398 588 449 accusatorem
602 388 702 450 iacere
717 391 767 450 vel
782 408 877 454 reum:
899 388 960 465 Qut
973 399 1071 453 artem

73 477 231 537 ludicram
249 476 437 549 coercuerit,
465 475 498 533 iu
519 475 762 551 quattuordecim
783 476 892 552 primia
910 476 1072 537 ordinibus

5 571 10 644 j
74 578 114 621 ne
132 557 262 625 ecdeot,·
284 558 332 634 qui
355 575 388 615 se
405 558 533 635 praetori
549 558 578 616 in
598 557 690 616 hortis
708 558 876 618 ostenderat
897 576 992 638 neque
1007 568 1071 619 erat

74 642 246 720 productus,
262 640 336 699 sedit
351 641 380 699 in
394 640 621 717 quattuordecim
637 641 794 701 ordinibus.
824 640 935 720 Nempe
949 644 1068 702 intentio
1077 644 1112 699 1⁹

76 735 135 785 est:
162 722 269 786 Artem
293 725 448 785 ludicram
470 726 654 793 exercuisti,-
677 725 825 804 depulsio:
855 724 923 788 Nea
944 727 1071 788 emerem

75 818 175 872 ortem
189 810 357 875 ludicrom3
378 809 526 885 quaestio:
550 805 633 880 Quid
645 808 685 869 eit
698 817 796 872 ortem
809 810 964 871 ludicrum
978 828 1069 872 euer-

74 895 169 956 cere?
204 894 235 952 Si
256 891 440 954 accusabitur
464 890 596 951 theatrali
618 891 704 969 lege,
727 893 859 972 depulsio
884 894 938 952 erit
959 895 1018 960 rei;
1045 894 1070 952 si

74 976 220 1037 excitatus
240 976 329 1035 luerit
349 976 386 1035 de
403 974 579 1054 spectaculis
597 983 627 1034 et
646 986 714 1052 aget
730 978 910 1053 iniuriarum,
934 976 1067 1054 depulsio

71 1061 127 1120 erit
142 1062 334 1119 aeausatoris.
370 1058 561 1136 Frequentius
578 1066 674 1119 tamen
690 1060 761 1119 illud
776 1060 905 1135 accidet,
929 1060 1005 1138 quod
1023 1067 1112 1124 estun

72 1143 244 1220 aplurimis
269 1143 409 1202 traditum.
439 1141 609 1219 Effugerunt
633 1143 685 1202 has
707 1145 892 1221 quaestiones
919 1145 967 1222 qui
988 1144 1069 1203 dixe·
1083 1154 1098 1176 ⁰

73 1236 156 1302 runt,
180 1235 283 1285 statum
300 1244 368 1285 esse
382 1227 426 1299 id,
446 1226 524 1303 quod
537 1236 677 1304 appareat
692 1245 730 1286 ex
750 1229 908 1287 intentione
924 1237 954 1286 et
968 1226 1068 1305 depul-

73 1312 178 1386 sione,
199 1319 230 1369 ut
251 1308 380 1385 Fecisti,
398 1308 466 1370 Nou
483 1309 547 1387 feei
565 1318 613 1368 aut
627 1310 721 1372 Recte
738 1312 811 1390 feci.
842 1310 1004 1371 Viderimus
1027 1320 1068 1370 ta·
1077 1323 1110 1386 21

71 1411 156 1469 men,
172 1402 264 1456 utrum
278 1394 307 1453 id
322 1394 358 1451 sit
375 1401 465 1452 status
481 1410 516 1451 an
530 1394 559 1453 iu
574 1410 611 1453 eo
628 1402 728 1453 status.
758 1394 951 1472 Hermagoras
967 1404 1070 1455 statum

72 1485 178 1552 vocat,
200 1494 254 1555 per
276 1494 361 1554 quem
382 1476 511 1535 subiecta
532 1494 581 1536 res
596 1477 774 1555 intelligatur
795 1487 824 1538 et
844 1480 879 1540 ad
895 1498 980 1558 quem
1001 1496 1069 1558 pro-

72 1561 209 1624 bationes
234 1561 319 1620 etiam
339 1561 461 1638 partium
483 1559 655 1622 referantur.
701 1561 807 1623 Nostra
830 1565 927 1641 opinio
952 1582 1070 1642 semper

73 1648 149 1709 haee
172 1645 241 1706 iuit:
265 1662 328 1706 cum
350 1652 449 1705 essent
463 1643 632 1723 frequenter
646 1647 675 1705 in
698 1645 907 1726 eausadiversi
922 1649 1068 1724 quaestio·
1093 1643 1097 1650 '

72 1739 264 1804 nummatus,
283 1732 312 1789 in
329 1747 365 1788 eo
384 1728 505 1802 credere
526 1737 658 1789 statum
676 1747 826 1804 causae,
849 1732 926 1808 quod
943 1740 1023 1790 esset
1041 1734 1068 1789 in

73 1835 109 1877 ea
132 1815 362 1894 potentissimum
385 1822 414 1872 et
434 1814 463 1872 in
485 1830 542 1891 qno
563 1814 685 1872 maxime
707 1832 755 1872 res
775 1823 947 1873 verteretur.
991 1814 1023 1874 ld
1045 1815 1069 1873 si

74 1902 138 1980 quis
145 1897 320 1978 penerolem
331 1898 535 1975 quaestionem
543 1895 593 1956 vel
601 1897 694 1976 caput
701 1898 847 1976 penerole
855 1897 953 1957 dicere
963 1897 1068 1969 malet:

74 2003 139 2045 cum
154 1984 212 2043 hoc
230 1982 369 2041 mihinam
384 1983 438 2040 erit
452 1999 564 2060 pugna,
585 1997 643 2040 nou
658 1983 765 2057 magis,
786 1999 870 2060 quam
885 1983 910 2040 si
927 1982 1004 2041 aliud
1019 1981 1068 2040 ad-

74 2068 150 2141 hue,
174 2082 231 2143 quo
247 2067 322 2125 idem
336 2066 526 2142 intelligatur,
547 2066 609 2124 eius
625 2067 668 2124 rei
683 2082 786 2125 nomeu
800 2067 956 2140 invenerit,
980 2083 1068 2144 quan·

72 2169 160 2229 quam
177 2158 237 2209 tota
248 2149 392 2209 volumina
403 2151 432 2208 in
446 2149 519 2209 hana
534 2149 756 2227 disputationem
771 2149 947 2228 impendisse
963 2149 1068 2209 multos

71 2237 180 2302 sciam;
202 2232 285 2292 uobis
300 2243 434 2293 statum
450 2234 507 2293 dici
521 2233 629 2312 placet.
661 2233 719 2293 Sed
736 2251 799 2293 cum
814 2235 844 2292 in
858 2233 922 2293 aliis
938 2232 1067 2292 omnibns
1077 2237 1111 2289 tu

70 2319 151 2378 inter
166 2319 325 2395 scriptores
341 2335 447 2376 summa
468 2317 611 2376 dissensio
629 2327 690 2393 est,
710 2327 768 2377 tum
788 2318 816 2376 in
838 2318 894 2377 hoc
910 2320 1067 2395 praecipue

73 2403 192 2461 videtur
208 2401 275 2461 mihi
295 2400 417 2460 studium
434 2418 550 2479 quoque
571 2400 685 2461 diversa
700 2401 830 2463 tradendi
851 2401 958 2469 fuisse;
982 2401 1067 2476 adeo,

73 2504 131 2545 neo
149 2484 213 2563 quis
229 2502 361 2543 numerus
379 2502 434 2543 uec
455 2502 530 2563 quae
550 2486 679 2562 uomina,
703 2487 788 2564 quire
810 2484 965 2561 generales
983 2487 1068 2562 quive

75 2567 224 2648 speciales
239 2569 295 2627 sint
309 2577 415 2642 status,
439 2570 582 2629 convenit.

163 2651 208 2711 Ae
223 2653 343 2730 primum
359 2650 589 2712 Aristoteles
611 2652 799 2712 elementa
820 2650 945 2711 decem
963 2653 1111 2715 consti-23

76 2738 147 2811 tuit,
171 2738 248 2799 eirca
270 2753 343 2813 quae
363 2738 474 2795 versari
494 2735 626 2797 videatur
647 2738 737 2796 omnis
761 2737 902 2815 quaestio.
945 2725 1068 2811 Οὐσίαν,

76 2837 163 2898 qnam
184 2818 300 2879 Plautus
321 2821 481 2881 ensentium
499 2829 602 2896 vocat,
625 2838 721 2898 neque
743 2839 813 2879 sane
837 2819 913 2878 aliud
938 2816 982 2877 est
1007 2821 1069 2877 eius

75 2920 184 2962 nomeu
197 2900 340 2971 Latinum
358 2903 410 2962 sed
428 2921 462 2963 ea
478 2905 634 2982 quaeritur,
650 2921 687 2963 an
701 2901 759 2964 sit‘l
787 2902 972 2977 finalitatem
989 2904 1069 2961 cuius

76 2995 197 3064 apertus
212 2985 376 3045 intellectus
396 2995 451 3045 est.
487 2986 695 3063 Quantitatem‘,
717 3005 792 3067 quae
812 2985 965 3064 dupliciter
985 3003 1069 3065 apo·

76 3069 251 3132 steriorihus
273 3069 364 3130 divisa
384 3078 444 3145 est,
468 3088 551 3148 quam
572 3089 704 3148 magnum
726 3078 755 3130 et
776 3087 860 3148 quam
877 3069 995 3129 multum
1012 3066 1069 3129 sit?

77 3153 126 3212 Ad
147 3153 268 3230 aliquid,
290 3153 364 3213 unde
386 3153 470 3219 dueta
492 3163 537 3213 est
556 3155 704 3214 translatio
726 3162 756 3212 et
777 3154 962 3231 comparatio.
999 3152 1111 3218 Posttl

75 3237 154 3298 haee
173 3235 229 3295 Ubi
255 3245 283 3296 et
305 3236 440 3309 Quand03
462 3237 565 3298 deinde
587 3237 717 3312 Facere,
739 3236 815 3312 Pati,
838 3235 969 3312 Habere,
992 3237 1068 3314 quod

77 3329 126 3380 est
145 3322 227 3398 quasi
242 3330 377 3380 armatum
392 3339 475 3396 esse,
497 3323 632 3381 restitum
653 3338 730 3380 esse.
762 3319 925 3379 Novissime
940 3323 1067 3394 κεῖσθαι,
1124 3342 1126 3348 ⁴

77 3406 158 3483 quod
174 3413 218 3464 est
234 3406 422 3481 compositum
438 3422 504 3463 esse
522 3405 645 3482 quodam
665 3405 768 3479 modo,
789 3412 820 3463 ut
840 3403 955 3478 calere,
979 3411 1085 3474 stare‚·
1183 3430 1184 3433 ¹

77 3489 177 3551 irasci.
214 3487 273 3550 Sed
293 3505 331 3548 ex
345 3487 389 3549 his
406 3487 535 3548 omnibus
553 3491 644 3568 prima
664 3496 799 3571 quattuor
813 3487 849 3548 ad
871 3495 962 3548 status
980 3486 1081 3563 perti.
