2434 3925
160 207 201 269 ot
474 218 833 299 uunaoumuumnuu

162 377 296 456 quentiae
318 376 392 435 inter
412 375 531 434 iuvenes
554 375 728 449 invenimus,
757 375 824 452 quin
846 376 875 435 in
895 377 1041 436 caelatura
1063 376 1158 455 clipei

136 461 283 527 9Achillis
304 470 333 519 et
347 460 413 519 lites
431 468 496 518 sunt
516 468 546 517 et
559 468 686 518 actores.
722 458 797 518 lllud
818 462 893 520 enim
910 461 1065 521 admonere
1081 463 1157 521 satis

157 545 221 621 est,
240 546 348 619 omnia,
365 561 438 621 quae
454 561 500 603 ars
516 544 765 618 consummaverit,
782 560 799 602 a
814 552 913 604 natura
928 546 1006 604 initia
1022 546 1157 605 duxisse.

160 630 218 689 Aut
232 628 350 688 tollatur
362 628 518 701 medicina,
535 645 608 704 quae
625 645 663 685 ex
678 626 880 687 observatione
896 629 1051 688 salubrium
1064 638 1156 706 atque

160 715 205 773 his
221 713 427 773 contrariorum
442 720 559 788 reperta
574 719 635 786 est,
659 720 703 785 et,
725 720 755 770 ut
776 712 942 790 quibusdam
957 713 1070 790 placet,
1094 722 1157 773 tota

162 805 275 858 constat
293 796 514 874 experimenda
536 812 598 854 narn
616 803 645 853 et
663 794 765 854 vulnus
783 796 920 873 deligavit
936 797 1055 875 aliquis,
1072 807 1156 857 ante·

161 899 244 960 quam
264 881 338 940 haec
358 897 405 939 ars
427 888 525 953 esset,
548 888 577 938 et
597 878 709 938 febrem
729 882 826 957 quiete
843 889 872 939 et
886 880 1072 955 abstinentia,
1096 898 1157 940 non

161 968 226 1044 quia
243 967 382 1024 rationem
402 963 532 1038 videbat,
555 963 607 1022 sed
631 965 695 1041 quia
716 963 745 1022 id
765 964 900 1024 ualetudo
915 968 977 1042 ipsa
1001 974 1156 1041 coegerat,

120 1050 308 1126 lomitigavit.
337 1047 400 1106 Nec
416 1047 526 1107 taurica
540 1048 577 1106 sit
591 1065 654 1122 ars,
671 1065 754 1107 casas
771 1051 845 1107 enirn
860 1049 941 1126 primi
955 1050 996 1109 illi
1012 1051 1073 1108 sine
1091 1059 1157 1108 arte

136 1183 140 1188 .
161 1134 305 1200 lecerunt;
328 1150 383 1191 nec
397 1132 520 1206 musica,
537 1141 667 1191 cantatur
683 1148 718 1190 ac
733 1133 853 1192 saltatur
867 1151 920 1211 per
934 1150 1033 1192 omncs
1047 1143 1156 1210 gentes

161 1216 367 1294 aliquomodo,
396 1215 439 1275 lta
454 1218 478 1275 si
493 1215 639 1275 rhetorice
652 1218 752 1275 vocari
768 1217 854 1276 debet
869 1234 963 1276 sermo
978 1219 1156 1295 quicunque,

120 1302 251 1361 llluisse
274 1319 353 1375 eam,
376 1309 527 1377 antequam
554 1310 634 1359 esset
656 1317 719 1375 ars,
743 1301 917 1368 confitebor;
946 1303 970 1360 si
991 1318 1062 1360 vero
1083 1318 1157 1376 non,

162 1386 290 1463 quisquis
306 1385 447 1462 loquitur,
471 1392 569 1443 orator
583 1394 646 1459 est,
668 1394 697 1443 et
719 1393 777 1444 tum
796 1403 852 1444 nou
867 1394 999 1462 tauquam
1020 1394 1155 1444 oratores

162 1469 367 1547 loquebantur:
396 1479 520 1527 necesse
542 1478 603 1543 est,
627 1477 771 1528 oratorem
793 1469 899 1529 iactum
923 1478 984 1528 arte
1006 1487 1061 1528 nec
1086 1479 1154 1528 ante

161 1563 251 1614 artem
266 1553 372 1627 luisse,
392 1553 544 1613 fateantur.
580 1551 645 1626 Quo
662 1553 732 1612 illud
748 1570 863 1634 quoque
880 1553 1057 1627 excluditur,
1074 1553 1154 1630 quod

162 1637 273 1712 dicunt,
293 1654 350 1696 nou
373 1655 439 1695 esse
460 1638 527 1696 artis
548 1638 592 1711 id,
616 1637 693 1714 quod
715 1636 821 1697 iaciant
841 1640 964 1715 quinon
984 1638 1152 1705 didicerint;

120 1722 258 1781 ltdiccre
280 1730 375 1782 autem
394 1721 524 1780 homines
547 1722 644 1798 etqui
666 1737 723 1779 non
744 1722 905 1782 didicerint.
940 1721 985 1781 Ad
1009 1724 1089 1781 cuius
1109 1722 1153 1781 rei

161 1805 403 1866 confirmationem
418 1806 555 1880 aderunt,
572 1804 736 1879 Demaden,
755 1809 908 1884 remigem,
930 1816 958 1865 et
974 1805 1153 1880 Aeschinen,

159 1891 346 1969 hypocriten,
368 1899 502 1950 oratores
515 1889 616 1948 fuisse.
647 1887 748 1957 Falso;
770 1908 834 1949 nam
849 1909 943 1969 neque
959 1899 1058 1949 orator
1073 1908 1151 1966 esse,

161 1977 209 2054 qui
229 1994 286 2035 non
305 1976 420 2050 didicit,
441 1984 556 2054 potest,
580 1984 609 2034 et
630 1974 683 2034 hos
704 1992 771 2034 sero
793 1977 990 2054 potiusquam
1011 1993 1152 2052 uunquam

161 2061 385 2137 didicisse·quis
411 2060 525 2119 dixerit.
567 2058 735 2137 Quanquam
761 2059 923 2120 Aeschines
948 2059 984 2119 ab
1009 2059 1090 2143 initio
1116 2060 1152 2117 sit

160 2153 292 2204 versatus
307 2145 335 2204 in
350 2144 468 2217 litteris,
485 2160 555 2221 quas
571 2152 655 2220 pater
670 2146 732 2202 eius
748 2145 832 2203 etiam
846 2144 984 2211 docebat;
1004 2142 1152 2202 Demaden

161 2245 256 2305 neque
274 2245 332 2286 non
347 2227 483 2288 didicisse
504 2236 613 2287 certum
633 2228 685 2303 sit,
709 2236 738 2286 et
755 2230 888 2288 continua
909 2228 1022 2288 dicendi
1039 2229 1151 2286 exerci-

161 2314 231 2371 tatio
256 2314 382 2389 potuerit
406 2320 528 2387 tantum,
551 2319 787 2391 quantuscunque
810 2322 914 2391 postea
935 2313 1002 2387 luit,
1026 2310 1150 2378 iecisse;

121 2406 224 2459 lituum
238 2396 266 2455 id
286 2397 512 2474 potentissimum
531 2395 661 2456 discendi
680 2413 773 2472 genus
789 2407 843 2456 est.
882 2397 940 2456 Sed
959 2405 988 2455 et
1004 2404 1151 2472 praestan·

161 2481 282 2554 tiorem,
311 2480 336 2538 si
361 2479 523 2555 didicisset,
550 2479 674 2538 futurum
700 2480 789 2541 luisse
817 2481 915 2541 dicere
942 2481 1028 2547 licet:
1056 2496 1152 2556 neque

99 2586 109 2605 =
162 2566 237 2623 enim
256 2565 402 2623 orationes
424 2563 553 2623 scribere
577 2572 622 2623 est
639 2582 741 2639 ausus,
761 2574 791 2624 ut
811 2583 875 2624 euin
894 2565 1010 2624 multum
1024 2563 1152 2622 valuisse

121 2650 189 2712 ltin
204 2648 326 2708 dicendo
346 2650 478 2707 sciamus.
510 2647 701 2723 Aristoteles,
725 2657 756 2707 ut
776 2649 869 2723 solet,
889 2647 1044 2728 quaerendi
1059 2647 1151 2723 gratia

162 2733 301 2811 quaedam
321 2732 484 2792 subtilitatis
505 2749 574 2790 suae
598 2741 764 2809 argumenta
786 2735 964 2811 excogitavit
984 2735 1012 2791 in
1034 2731 1150 2805 Gryllo;

139 2834 145 2841 ¹
162 2817 303 2878 sedidem
318 2817 397 2877 etde
412 2825 474 2877 arte
489 2816 633 2876 rhetorica
648 2817 699 2875 tris
714 2816 804 2876 libros
819 2819 949 2895 scripsit,
966 2826 995 2875 et
1009 2817 1036 2875 in
1053 2832 1151 2874 eorum

162 2903 253 2979 primo
272 2918 329 2961 non
348 2911 438 2961 artem
457 2900 551 2959 solum
571 2917 634 2960 eam
648 2900 754 2960 latetur
769 2902 821 2962 sed
837 2903 863 2960 ei
879 2901 1047 2977 particulam
1062 2899 1150 2958 civili·

106 2995 153 3046 ·15
162 2986 227 3044 tatis
253 2987 327 3044 sicut
353 2985 537 3058 dialectices,
566 2985 704 3062 assignat.
754 2984 844 3046 Multa
870 2984 1014 3045 Critolaus
1040 2992 1150 3058 contra,

162 3068 248 3127 multa
263 3068 392 3129 Rhodius
408 3068 621 3128 Athenodorus.
656 3068 761 3146 Agnou
777 3071 890 3148 quidem
906 3070 1028 3130 detraxit
1043 3067 1097 3126 sibi
1110 3068 1149 3125 in·

163 3153 319 3230 scriptione
334 3154 397 3232 ipsa
412 3152 510 3228 fidem,
527 3169 582 3230 qua
596 3152 757 3212 rhetorices
772 3158 985 3215 accusationem
1000 3153 1150 3231 professus

121 3307 123 3309 ¹
164 3245 218 3296 est.
241 3234 314 3296 Nam
326 3237 361 3296 de
373 3236 510 3316 Epicuro,
526 3238 573 3315 qui
585 3236 750 3315 disciplinas
763 3256 862 3298 omnes
878 3238 961 3315 fugit,
973 3237 1044 3297 nihil
1054 3238 1148 3295 miror.

122 3330 155 3384 lo
245 3319 280 3380 lli
303 3321 449 3399 complura
470 3320 566 3380 dicunt
587 3321 640 3380 sed
660 3339 697 3380 ex
719 3325 819 3399 paucis
840 3324 912 3383 locis
934 3323 1034 3388 ducta:
1057 3324 1149 3397 itaquo

163 3406 370 3484 potentissimis
385 3416 484 3464 eorum
501 3404 631 3464 breviter
646 3422 805 3483 occurram,
819 3426 855 3466 ne
872 3409 899 3466 in
914 3406 1050 3466 inlinitum
1065 3420 1148 3481 quae·

122 3497 156 3554 17
164 3492 220 3551 stio
239 3489 350 3550 evadat.
385 3488 477 3549 Prima
492 3488 537 3548 his
553 3492 760 3566 argumentatio
778 3511 816 3553 ex
829 3493 948 3552 materia
964 3500 1019 3550 est.
1047 3487 1149 3547 Omnes
