2434 3925
367 171 838 241 memoaaronnrarmns
941 226 943 231 ,
1029 163 1087 225 129

83 345 251 410 quanquam
271 336 301 386 et
322 328 341 386 ii
356 328 411 406 ipsi
430 328 505 387 inter
525 346 558 387 se
573 327 728 388 dissimiles
744 327 867 388 fuerunt.
906 326 978 389 Nam
991 348 1088 409 neque

80 408 210 474 ittuu‘tn
224 411 309 487 Lysia
324 411 436 471 dicendi
457 420 566 471 textum
587 421 674 471 tenue
695 420 781 489 atque
803 430 898 472 rasum
919 414 1087 475 laetioribus

83 498 214 557 numeris
231 495 469 573 conrumpendam
485 506 560 563 erat;
577 496 752 574 perdidisset
767 497 841 556 enim
857 499 995 573 gratiam,
1012 517 1087 579 quae

81 585 115 642 in
130 598 167 640 eo
190 581 311 639 maxima
332 588 393 656 est,
417 580 557 660 simplicis
579 589 666 658 atque
687 581 842 640 inaffectati
867 581 990 657 coloris,
1020 601 1087 660 per-

82 665 208 726 didisset
223 662 308 722 fidem
326 680 452 743 quoque.
494 663 566 723 Nam
585 662 732 723 scribebat
752 664 832 740 aliis,
853 681 911 724 non
929 667 993 744 ipse
1009 665 1086 726 dice-

81 749 151 824 bat,
169 757 200 808 ιιι
220 748 382 825 oportuerit
400 765 467 808 esse
488 747 538 807 illa
557 748 675 808 rudibus
696 756 725 808 et
749 749 947 827 incompositis
969 750 1086 820 similia;

83 832 165 911 quod
180 834 273 910 ipsum
290 832 462 910 compositio
481 840 535 891 est.
580 830 618 890 Et
633 831 787 907 historiae,
811 850 885 910 quae
905 850 1023 893 currere
1038 834 1088 893 de·
1096 843 1129 898 18

82 916 138 977 bet
159 934 193 976 ac
207 916 294 990 ferri,
314 917 405 974 minus
421 916 625 975 convertissent
640 917 805 976 insistentes
826 916 974 977 clausulae
994 924 1023 976 et
1038 917 1087 977 de·

83 1000 146 1061 hita
163 999 322 1059 actionibus
338 1001 492 1077 respiratio
508 1008 537 1059 et
552 999 685 1060 cludendi
699 999 909 1079 inchoandique
930 1002 1086 1061 sententias

85 1086 173 1144 ratio.
217 1083 249 1144 ln
266 1083 447 1142 contionibus
464 1084 577 1162 quidem
598 1085 684 1143 etiam
704 1084 835 1143 similiter
851 1085 983 1145 cadentia
999 1102 1086 1163 quae·

84 1168 151 1229 darn
172 1177 202 1227 et
222 1169 418 1246 contraposita
445 1167 657 1245 deprehendas.
701 1167 733 1228 ln
754 1166 904 1228 Herodoto
929 1184 1001 1228 vero
1023 1187 1087 1229 cum

85 1253 181 1311 omnia
197 1252 243 1329 (ut
258 1269 315 1328 ego
329 1251 444 1331 quidem
459 1253 568 1331 sentio)
584 1251 689 1312 leniter
704 1251 808 1328 lluunt,
832 1261 889 1313 tum
911 1254 974 1331 ipsa
991 1247 1087 1313 διάλε-

84 1358 155 1408 κτος
185 1334 272 1395 hahet
295 1353 358 1394 eam
390 1336 607 1412 iucunditatem,
643 1341 674 1395 ut
698 1336 822 1396 latentes
846 1338 930 1397 etiam
952 1354 1086 1396 numeros

86 1419 241 1499 complexa
266 1419 406 1479 videatur.
450 1420 508 1480 Sed
531 1421 567 1480 de
596 1423 813 1500 propositorum
833 1421 1000 1485 diversitate
1021 1427 1130 1499 post19

85 1504 212 1583 paulum.
248 1502 348 1579 Nunc,
365 1521 439 1581 quae
454 1506 533 1583 prius
549 1506 601 1580 iis,
623 1507 670 1583 qui
685 1514 767 1565 recte
784 1521 961 1584 componere
976 1506 1086 1577 volent,

86 1588 223 1649 discenda
239 1589 305 1648 sint.

171 1671 225 1731 Est
241 1673 328 1748 igitur
347 1680 413 1732 ante
434 1672 527 1732 omnia
544 1673 638 1731 oratio
654 1673 710 1732 alia
730 1673 825 1732 vincta
842 1681 928 1752 atque
952 1682 1087 1733 contexta

85 1756 182 1816 soluta
202 1756 273 1833 alia,
296 1755 389 1834 qualis
410 1758 440 1815 in
455 1773 589 1815 sermone
607 1764 637 1815 et
654 1756 802 1834 epistolis;
826 1757 880 1814 nisi
899 1775 962 1816 cum
980 1757 1087 1836 aliquid

85 1857 174 1918 supra
198 1850 326 1899 naturam
342 1857 422 1900 suam
436 1849 576 1916 tractant,
597 1848 628 1917 ut
649 1839 684 1899 de
702 1838 903 1918 philosophia,
926 1841 963 1921 de
984 1858 1017 1899 re
1035 1859 1086 1919 pu·

84 1924 181 2000 blica,
202 1924 351 1985 similibus.
392 1923 476 1999 Quod
491 1940 547 1984 non
565 1923 701 2000 ecdico,
725 1925 792 2001 quia
810 1940 867 1983 non
881 1923 952 1983 illud
969 1932 1130 2004 quoqueao

85 2008 212 2069 solutum
237 2009 341 2070 habeat
362 2026 432 2069 suos
453 2010 593 2088 quosdam
615 2017 643 2069 et
664 2008 784 2068 forsitan
800 2008 980 2068 difficiliores
1002 2011 1087 2067 etiam

86 2092 193 2172 pedes;
215 2097 403 2171 nequeenim
427 2102 474 2154 aut
497 2093 577 2153 hiare
595 2110 711 2170 semper
731 2092 883 2152 vocalibus
904 2101 952 2151 aut
972 2091 1088 2152 destitui

88 2176 268 2255 temporibus
282 2179 382 2237 volunt
404 2194 500 2237 sermo
517 2186 602 2255 atque
619 2176 761 2254 epistola;
784 2179 911 2239 sednon
928 2176 1018 2236 lluunt
1032 2194 1088 2236 nec

87 2260 245 2321 cohaerent
263 2280 319 2322 nec
334 2260 424 2321 verba
439 2261 537 2321 verbis
559 2261 687 2336 trahunt,
706 2268 737 2319 nt
754 2261 852 2339 potius
868 2260 980 2320 laxiora
995 2262 1023 2319 in
1042 2259 1087 2320 his

86 2344 201 2405 vincula
218 2362 301 2423 quam
320 2345 398 2405 nella
414 2347 479 2405 sint.
523 2343 732 2423 Nonnunquam
751 2347 780 2404 in
796 2346 890 2405 causis
906 2361 1023 2423 quoque
1038 2345 1128 2410 ιιι-ιι

86 2428 205 2489 moribus
225 2432 311 2490 decet
335 2429 435 2491 eadem
460 2429 646 2511 simplicitas,
673 2446 747 2506 quae
768 2429 930 2489 nonnullis
951 2428 1004 2488 sed
1025 2428 1087 2487 aliis

87 2516 174 2572 utitur
198 2516 339 2590 numeris,
364 2513 579 2593 ebssimulatque
603 2530 657 2573 eos
678 2522 707 2573 et
734 2522 841 2574 tantum
861 2513 1015 2574 communit
1038 2528 1087 2572 oc·

88 2597 201 2657 cultius.

171 2681 210 2742 At
223 2682 274 2742 illa
286 2699 417 2743 connexa
432 2684 526 2742 series
539 2691 600 2742 tres
616 2680 704 2742 habet
716 2681 839 2743 formas:
857 2680 996 2756 Incisa,
1013 2691 1131 2758 quaene

89 2759 221 2843 κόμματα
234 2767 381 2843 dicuntur,
405 2766 577 2842 Membra,
594 2783 669 2843 quae
687 2770 781 2842 anilo,
796 2764 989 2843 περίοδον,
1012 2780 1086 2841 quae

4 2843 5 2854 ¹
89 2858 134 2908 est
151 2843 201 2909 v'el
222 2849 344 2910 ambitus
364 2851 413 2911 rel
431 2851 655 2911 circumductum
679 2851 728 2911 vel
752 2846 928 2910 continuatio
950 2847 998 2906 vel
1019 2864 1086 2906 con·

89 2933 190 2993 clusio.
228 2934 260 2995 ln
275 2938 350 2994 omni
367 2952 456 3013 porro
473 2936 685 3012 compositione
700 2936 754 2995 tria
773 2942 837 2993 sunt
857 2949 968 3009 genera
983 2948 1087 2991 neces·

88 3019 178 3077 saria:
202 3019 291 3094 ordo,
307 3021 453 3095 iunctura,
469 3036 615 3077 numerus.

171 3101 292 3162 Primum
306 3105 400 3181 igitur
421 3103 458 3163 de
482 3102 623 3176 ordine.
668 3101 738 3161 llius
758 3100 925 3162 observatio
945 3100 973 3159 in
990 3098 1130 3165 verbisas

90 3194 134 3244 cst
148 3185 268 3262 singulis
284 3196 313 3247 et
328 3189 481 3247 contextis.
526 3187 646 3264 Singula
662 3195 742 3263 sunt,
767 3203 841 3265 quae
857 3174 1002 3245 ἀσύνδετα
1015 3184 1087 3244 dixi·

4 3315 5 3342 3
90 3286 160 3328 mus.
203 3270 235 3331 ln
249 3270 294 3330 his
310 3272 482 3347 cavendum,
499 3290 536 3331 ne
550 3272 705 3331 decrescat
719 3272 830 3347 oratio,
847 3278 877 3329 et
892 3269 1005 3330 fortiori
1021 3266 1087 3327 sub·

91 3354 222 3430 iungatur
234 3354 341 3432 aliquid
356 3355 512 3432 inllrmius,
528 3364 558 3416 ut
575 3354 722 3430 sacrilego
737 3355 798 3431 fur,
819 3364 868 3415 aut
886 3354 990 3416 latroni
1005 3360 1087 3430 petu-

90 3435 162 3499 lans.
192 3438 300 3514 hogeri
317 3440 391 3581 eplim
405 3439 512 3501 debent
526 3440 686 3501 sementiae
703 3448 733 3499 et
747 3440 922 3582 insurgere&
934 3445 966 3497 ut
980 3437 1088 3515 optime
1197 3435 1199 3438 ’

131 3541 162 3581 Ι.
173 3541 198 3580 F.
211 3540 321 3588 Quium.
364 3564 371 3579 .
