2434 3925
326 261 416 310 nusu.
439 260 588 311 caunos.
611 262 681 311 nra.
702 258 804 329 x1‚s.
1000 247 1062 314 233

52 417 160 478 dentia
180 416 288 476 vultum
308 426 371 492 ant,
394 433 450 495 qno
468 417 505 476 sit
525 417 616 494 magis
638 425 753 493 torvus,
776 418 940 495 superciliis
961 419 1062 481 astrin-

51 519 153 578 gere,
181 500 304 579 capillos
329 518 346 559 a
368 499 464 561 fronte
486 510 586 561 contra
611 510 739 561 naturam
761 510 943 578 retroagere,
970 512 1000 561 ut
1025 504 1062 564 sit

50 585 168 645 horror
189 584 240 647 ille
262 583 417 652 terribilis;
445 593 519 661 tum,
546 584 575 644 id
598 584 676 664 quod
698 584 802 645 Graeci
826 584 1061 663 frequentissime

50 669 188 744 faciunt,
217 667 322 727 crebro
352 668 504 745 digitorum
531 668 730 747 labiorumque
757 677 836 729 motu
864 670 1060 746 commentari,

52 752 143 812 clare
159 769 312 827 excreare,
328 752 433 829 pedem
448 751 569 812 alterum
582 753 670 830 longe
686 752 831 830 prolerre,
846 760 958 833 partem
972 762 1061 831 togae

54 837 177 896 sinistra
192 845 312 910 tenere,
337 844 415 896 stare
436 835 579 896 diductum
596 836 646 896 vel
661 837 782 913 rigidum
799 836 848 897 vel
864 837 993 915 supinum
1012 837 1061 897 vel

52 921 209 980 incurvum
231 918 281 980 rel
306 919 449 997 humeris,
476 929 506 979 nt
531 920 666 981 luctaturi
691 920 805 998 solent,
832 920 868 982 ad
895 922 1060 1000 occipitium

57 1004 168 1064 ductis.
664 1060 666 1065 .

147 1086 300 1148 Prooemio
312 1086 546 1165 frequentissime
557 1087 632 1148 lenis
642 1089 776 1149 convenit
788 1089 989 1167 pronuntiatio.
1010 1087 1059 1149 Ni·
1067 1094 1116 1148 161

54 1171 101 1232 hil
118 1172 193 1232 enim
213 1180 258 1231 est
275 1170 310 1231 ad
332 1171 541 1232 conciliandum
556 1173 664 1249 gratius
681 1172 871 1249 uerecundia,
893 1183 1066 1238 nontamen

56 1273 190 1334 semper.
223 1254 327 1334 Neque
344 1257 418 1314 euim
435 1272 489 1316 uuo
505 1258 591 1318 modo
608 1257 739 1317 dicuutur
755 1257 890 1332 exordia,
919 1266 949 1318 ut
965 1259 1059 1319 docui

57 1339 235 1418 Plerumque
257 1348 351 1398 tamen
374 1347 403 1398 et
423 1357 482 1400 vox
499 1349 666 1420 ‘temperata
690 1349 719 1401 et
739 1350 839 1417 gestus
860 1341 1006 1402 modestus
1031 1351 1060 1402 et

56 1423 170 1483 sedens
189 1423 308 1483 humero
332 1432 401 1500 toga
423 1432 452 1483 et
477 1424 596 1486 laterum
623 1425 696 1485 lenis
721 1425 750 1485 iu
774 1428 924 1504 utramque
949 1436 1058 1505 partem

57 1516 173 1581 motus,
196 1507 299 1568 eodem
313 1508 511 1586 spectantibus
528 1509 636 1586 oculis,
660 1508 787 1570 decebit.
819 1508 951 1571 Narratio
967 1511 1117 1586 magislon

57 1591 204 1670 prolatam
224 1608 351 1668 manum,
378 1593 510 1652 amictum
534 1592 727 1668 recidentem,
753 1602 867 1670 gestum
887 1594 1058 1669 distinctum,

56 1691 166 1735 vocem
181 1676 306 1734 sermoni
320 1677 478 1753 proximam
494 1686 523 1735 et
538 1685 645 1737 tanturn
660 1677 817 1754 acriorem,
836 1694 937 1737 sonum
951 1678 1059 1756 simpli·

58 1776 126 1819 cem
143 1757 375 1837 frequentissime
389 1760 546 1838 postulabit
560 1762 588 1819 in
602 1760 647 1820 bis
661 1759 808 1821 duntaxat:
826 1758 861 1834 Q.
876 1764 954 1823 enim
968 1759 1058 1841 Lipa-

57 1844 138 1916 rtur,
155 1861 224 1904 cum
238 1851 317 1904 essct
329 1844 362 1903 in
375 1841 487 1923 Africo
501 1846 588 1906 nullu
602 1845 673 1906 belli
686 1846 837 1924 suspicio,
855 1854 884 1904 et
897 1843 933 1909 A.
952 1842 1057 1907 Cluen·

59 1928 123 1996 tiata
132 1923 263 1989 Habitus
273 1935 367 2007 poter
380 1928 515 1995 buiusce.
538 1928 625 1990 Aliud
637 1929 666 1989 in
677 1930 779 1989 eadem
791 1938 915 2008 poscent
925 1929 1056 2004 allectus,

59 2011 111 2071 vel
126 2011 259 2070 concitati
277 2010 370 2073 Nubit
387 2033 500 2092 persero
518 2033 643 2091 socrus,
663 2012 712 2073 vel
728 2013 843 2074 debiles
864 2011 1059 2075 constituitur

58 2098 95 2158 in
115 2095 184 2173 soro
200 2092 373 2159 Laodiceae
393 2100 601 2176 spectaculum
624 2099 771 2160 acmbnm
791 2105 820 2159 ct
841 2100 983 2159 miserum
1007 2098 1060 2159 toti
1144 2093 1149 2110 '

59 2177 157 2242 Asiae
167 2181 356 2257 prouinciae.
389 2178 514 2241 Maxime
533 2184 612 2243 uaria
634 2191 662 2242 et
676 2181 827 2261 multiplex
840 2183 916 2242 actio
933 2191 978 2242 est
992 2190 1117 2260 pro-163

60 2264 218 2325 batianum.
238 2262 320 2324 ‘Nam
341 2274 370 2324 et
387 2282 570 2344 proponere,
595 2267 709 2345 partiri,
731 2266 912 2344 interrogare
932 2266 1057 2325 sermoni

61 2356 128 2408 sunt
148 2347 295 2426 proxima,
319 2357 348 2407 et
370 2349 624 2409 contradictionem
642 2367 765 2409 sumere.
796 2348 869 2409 Nam
889 2368 923 2410 ea
941 2367 1056 2429 quoque

63 2432 178 2492 diversa
195 2433 357 2510 propositio
370 2442 425 2492 est.
458 2432 517 2493 Sed
534 2433 607 2493 banc
626 2442 720 2493 tamen
735 2432 887 2513 aliquando
904 2435 1058 2494 irridentes

63 2514 214 2592 aliquando
238 2517 378 2575 imitantes
394 2518 615 2596 pronuntiamus.
646 2517 864 2594 Argumentatio
887 2517 1057 2597 plerumque
1065 2524 1115 2579 164

64 2599 169 2675 agilior
187 2607 217 2659 et
232 2600 328 2660 acrior
343 2608 372 2659 et
386 2603 535 2661 instantior
550 2603 778 2662 consentientem
793 2603 915 2663 orationi
931 2600 1070 2680 postulat·

65 2682 280 2759 etiamgestum,
292 2684 321 2744 id
333 2693 378 2743 est
390 2685 495 2745 icrtem
507 2686 697 2747 celeritatem.
716 2685 879 2748 instandum
889 2684 1056 2765 quibusdam

66 2767 236 2844 inpartibus
254 2775 283 2826 et
299 2767 445 2829 densanda
462 2772 564 2831 oratio.
590 2769 786 2847 Egressiones
800 2771 864 2831 iere
882 2778 912 2829 et
928 2769 1011 2829 leues
1027 2775 1056 2828 et

66 2848 164 2909 dulces
184 2858 213 2909 et
226 2854 384 2928 remissae,
408 2862 507 2931 raptus
523 2853 732 2932 Proserpinae,
753 2854 870 2914 Siciliae
885 2852 1054 2930 descriptio,

67 2930 117 2992 Gn.
133 2931 261 3012 Pompeii
276 2935 348 2995 laus.
383 2935 488 3015 Neque
509 2938 583 2997 enirn
606 2939 722 3012 mirum,
750 2938 841 2996 minus
860 2936 969 2996 habere
987 2951 1054 2996 con·

67 3018 200 3077 tentionis
215 3036 266 3094 ea,
290 3037 363 3098 quae
380 3029 444 3080 sunt
459 3029 540 3080 extra
559 3023 767 3101 quaestionem.
798 3018 914 3080 blollior
928 3029 1113 3084 monnau-tbi

67 3119 148 3180 quarn
164 3119 228 3160 cum
248 3103 478 3181 reprehensione
500 3104 633 3165 diversae
649 3106 739 3183 partis
755 3105 888 3164 imitatio:
917 3101 1055 3166 Videbar

65 3187 169 3247 cidere
184 3185 262 3246 ulios
282 3187 433 3250 intrantes
456 3189 534 3250 ulios
553 3197 654 3250 autem
673 3194 832 3264 eceuutm,
855 3187 1002 3265 quosdam
1016 3205 1057 3249 ec

65 3271 133 3333 cino
151 3269 341 3331 unalamer.
371 3271 427 3332 Ubi
447 3289 504 3332 uon
524 3271 667 3332 dissidens
689 3287 795 3332 avoce
817 3272 989 3349 permittitur
1002 3289 1055 3347 ge·

66 3365 124 3415 stus
139 3370 273 3433 quoque,
293 3353 322 3411 in
344 3363 492 3435 utramque
508 3365 620 3434 partem
634 3355 891 3434 teneraquaedam
910 3355 963 3415 sed
983 3356 1055 3414 intra

66 3455 161 3498 manus
186 3445 281 3496 mmen
306 3443 335 3494 et
355 3439 416 3498 sine
435 3448 514 3499 motu
535 3440 655 3499 laterum
677 3440 835 3499 translatio.
865 3438 1112 3498 Accendendiltid

67 3523 164 3584 iudicis
181 3519 281 3599 plures
298 3529 363 3581 snut
377 3523 492 3598 gradm.
523 3525 653 3585 Summus
670 3523 720 3585 ille
738 3532 767 3584 et
782 3540 840 3602 qno
856 3523 951 3583 nullus
967 3522 1054 3583 estin
