2434 3925
146 213 205 276 188
450 222 487 276 u.
508 228 587 276 rau.
608 226 829 288 omummnnr

145 391 275 462 quartam
299 358 473 443 elocutioni}
493 378 598 442 Cicero
626 380 821 457 demonstrat,
850 399 983 461 quaeque
1006 391 1051 443 est
1080 399 1162 443 mco

117 468 262 547 tqnidem
288 468 393 526 iudicio
417 467 539 526 maxime
561 467 738 526 necessaria.
770 464 843 526 Nam
872 484 935 527 oum
961 467 998 526 sit
1023 477 1160 528 ornatus

145 552 283 610 orationis
307 551 404 610 varius
431 558 459 609 et
484 550 635 628 multiplex
659 551 870 628 conveniatque
893 551 965 611 alius
991 549 1058 610 alii:
1095 551 1159 610 nisi

144 635 231 695 luerit
253 633 487 694 accommodatus
507 633 597 693 rebus
616 642 702 712 atque
724 637 873 711 personis,
895 651 954 694 non
975 633 1063 693 modo
1090 651 1157 693 non
1207 646 1208 665 ²

144 719 298 778 illustrabit
313 736 376 778 eam
388 718 440 777 sed
455 719 540 778 etiarn
556 717 685 777 destruet
700 726 729 777 et
743 718 800 778 vim
814 736 910 777 rerum
922 720 951 778 ln
966 719 1154 777 contrarium
1207 718 1208 747 ¹

143 811 248 862 vertet.
281 800 356 875 Quid
371 803 445 861 enim
463 801 598 879 prodest,
622 819 690 860 esse
712 800 803 862 verba
826 810 855 861 et
869 800 967 862 latina
985 811 1014 861 et
1028 802 1151 879 signill-
1207 842 1208 845 κ

145 888 249 959 cantia,
266 905 333 946 esse
349 894 378 945 et
391 885 479 945 nitida
494 885 593 962 liguris
609 886 694 944 etiam
708 887 892 964 numerisque
908 884 1071 961 elaborata,
1092 886 1153 944 nisi
1207 910 1208 923 ¹

145 989 209 1030 oum
225 972 276 1046 iis,
298 973 327 1030 in
342 988 416 1049 quae
431 969 555 1030 iudicem
571 969 637 1045 duci
652 968 827 1047 formarique
842 969 990 1047 volumus,
1015 986 1151 1030 consen-

117 1057 229 1119 3tiant:
249 1055 287 1116 .si
311 1072 402 1132 genus
425 1053 547 1113 sublime
568 1053 682 1112 dicendi
709 1055 806 1131 parvis
829 1055 857 1112 in
883 1055 992 1130 causis,
1017 1071 1150 1132 parvum
1207 1108 1208 1131 ,

145 1139 327 1217 limatumque
343 1136 513 1214 grandibus,
530 1137 636 1196 laetum
650 1136 794 1213 tristibus,
811 1135 878 1197 lene
897 1139 1025 1216 asperis,
1042 1139 1150 1198 minax
1207 1137 1209 1172 l

144 1222 338 1300 supplicibus,
362 1222 540 1281 summissum
556 1222 723 1297 concitatis,
739 1230 807 1280 trux
821 1231 906 1300 atque
923 1221 1084 1281 violentum
1103 1223 1148 1280 iu·
1207 1216 1208 1225 ’

145 1306 245 1366 cuudis
271 1302 477 1366 adhibeamus?
509 1304 547 1364 Ut
571 1301 723 1364 monilibus
752 1314 782 1365 et
807 1306 969 1381 margaritis
993 1323 1028 1364 ac
1053 1313 1147 1364 veste
1207 1318 1208 1325 ¹

145 1391 246 1466 longa,
273 1407 348 1468 quae
372 1397 435 1448 sont
456 1396 622 1448 ornamenta
642 1388 825 1464 feminarum,
850 1389 1047 1449 deformentur
1067 1389 1146 1456 viri;

145 1491 200 1533 nec
213 1471 326 1532 babitus
340 1472 527 1551 triumphalis,
544 1490 601 1551 quo
617 1473 686 1533 nihil
698 1474 859 1550 excogitari
871 1483 968 1550 potest
978 1474 1144 1548 augustius,

116 1558 266 1618 liemiuas
288 1557 402 1616 deceat.
432 1556 513 1617 Hunc
538 1556 634 1616 locum
655 1554 761 1619 Cicero
786 1556 915 1616 breviter
936 1558 965 1616 in
988 1557 1076 1616 tertio
1105 1557 1144 1615 de

146 1640 268 1700 Oratore
290 1640 365 1701 libro
390 1642 572 1720 perstringit,
598 1659 694 1720 neque
714 1649 810 1700 tamen
830 1642 922 1700 videri
944 1649 1042 1719 potest
1057 1640 1142 1718 quid·

146 1744 229 1804 quam
245 1726 377 1785 omisisse
401 1725 543 1801 dicendo,
564 1744 625 1787 noo
647 1727 728 1786 omni
754 1743 870 1787 causac
888 1742 987 1804 oeque
1003 1726 1144 1786 auditori

144 1826 242 1887 neque
257 1828 411 1889 personae
429 1826 527 1888 oeque
545 1810 675 1888 tempori
694 1828 863 1888 conponere
881 1809 1141 1871 crotonicorum

143 1913 249 1973 pecus.
281 1892 343 1952 Neo
364 1892 428 1954 lere
454 1894 584 1973 pluribus
609 1895 638 1952 in
659 1892 782 1959 Oratore
808 1893 918 1954 eadem.
949 1893 1008 1953 Sed
1030 1893 1093 1952 illic
1109 1891 1138 1952 L.

147 1976 285 2054 Crassus,
311 1996 374 2037 cum
396 1980 471 2057 apud
487 1996 613 2038 summos
629 1987 760 2038 oratores
774 1978 963 2057 hominesque
980 1978 1139 2037 eruditissi-

145 2080 208 2121 mos
223 2062 309 2139 dicat,
326 2064 395 2122 satis
410 2062 513 2137 babet,
533 2070 644 2142 partem
659 2062 733 2122 banc
747 2062 827 2122 velut
842 2072 943 2122 notare
958 2064 1032 2121 inter
1049 2078 1138 2138 agno·

118 2153 276 2214 tsoentes;
301 2155 330 2206 et
350 2146 398 2206 bic
420 2144 525 2207 Cicero
545 2146 698 2226 alloquens
712 2146 827 2206 Brutum
844 2156 966 2206 testatur
981 2164 1050 2205 esse
1066 2146 1138 2205 baec

147 2232 174 2290 ei
190 2240 256 2290 nota
276 2231 401 2309 ideoque
417 2230 534 2290 brevius
549 2249 565 2290 a
582 2250 615 2290 se
632 2231 704 2307 dici,
731 2249 891 2309 quanquam
909 2233 945 2290 sit
960 2230 1040 2289 lusus
1056 2229 1138 2289 locus

144 2323 340 2392 tracteturque
355 2333 371 2374 a
387 2315 568 2393 pbilosophis
583 2316 678 2374 latins.
710 2312 772 2374 Nos
793 2317 997 2375 institutionem
1012 2313 1138 2392 professi

147 2415 204 2456 uon
229 2397 320 2457 solum
346 2399 504 2458 scientibus
528 2400 582 2458 ista
604 2398 657 2458 sed
685 2400 770 2458 etiam
792 2399 970 2458 discentibus
990 2397 1136 2473 tradimus,

146 2481 271 2560 ideoque
289 2481 375 2559 paulo
395 2481 525 2559 pluribus
540 2482 639 2541 verbis
656 2481 744 2542 debet
761 2482 862 2543 baberi
878 2484 973 2541 venia.

119 2572 136 2625 6
231 2564 327 2637 Quare
349 2575 445 2625 notum
466 2567 502 2625 sit
519 2567 608 2626 nobis
630 2575 694 2626 ante
718 2568 827 2642 omnia,
853 2566 921 2644 quid
946 2560 1157 2640 conciliando,

113 2649 298 2725 docendo,
311 2650 454 2709 movendo
469 2650 555 2709 iudici
571 2651 740 2719 conveniat;
764 2650 831 2730 quid
846 2667 959 2728 quaque
976 2658 1058 2728 parte
1074 2666 1131 2709 ora

146 2736 233 2793 tionis
259 2743 398 2833 petamus.
439 2732 481 2793 lta
512 2752 606 2819 neque
633 2744 733 2794 vetera
766 2743 813 2794 aut
840 2734 977 2794 translata
1002 2741 1049 2793 aut
1073 2733 1133 2794 licta

146 2819 272 2879 verba'
264 2837 292 2876 rn
317 2816 497 2896 incipiendo,
523 2815 682 2893 narrando,
710 2818 934 2896 argumentando
955 2816 1134 2876 tractabimus

146 2920 242 2981 neque
262 2901 451 2962 decurrentes
472 2911 609 2962 contexto
631 2904 724 2962 nitore
744 2904 896 2976 circuitus,
918 2901 965 2960 ubi
988 2900 1134 2960 dividenda

147 2988 202 3045 erit
223 3005 307 3046 causa
325 2995 353 3046 et
368 2989 396 3045 iu
417 2995 515 3064 partes
533 3003 599 3045 suas
618 2987 791 3063 digerenda,
817 3004 912 3065 neque
930 2984 1035 3043 humile
1053 2993 1134 3063 atque

148 3070 319 3129 cotidianum
341 3072 484 3130 sermonis
505 3089 598 3147 genus
623 3080 651 3130 et
669 3072 877 3148 compositione
893 3071 956 3146 ipsa
972 3068 1133 3128 dissolutum

148 3153 274 3231 epilogis
294 3154 422 3213 dabimus
442 3173 497 3213 nec
519 3156 592 3214 iocis
613 3155 761 3229 lacrimas,
787 3154 835 3213 ubi
859 3170 933 3232 opus
952 3154 1006 3212 erit
1021 3153 1133 3211 misera·

120 3237 236 3312 itione,
252 3238 433 3298 siccabimus.
457 3237 529 3298 Nam
545 3248 662 3298 ornatus
679 3239 770 3297 omnis
785 3255 842 3297 non
857 3246 912 3297 tam
925 3255 976 3296 sna
991 3253 1072 3315 quam
1083 3236 1132 3310 rel,

149 3322 194 3380 cui
209 3320 369 3397 adbibetur,
387 3322 557 3383 condicione
573 3331 698 3390 constat;
715 3340 770 3382 nec
785 3322 851 3399 plus
863 3321 964 3395 relert,
983 3319 1050 3399 quid
1061 3320 1133 3379 dicas

148 3423 232 3484 quam
247 3421 303 3483 quo
319 3404 396 3464 loco.
429 3405 488 3466 Sed
502 3415 591 3466 toturn
609 3406 666 3466 boc
681 3415 747 3484 apte
770 3406 869 3466 dicere
890 3421 946 3463 non
968 3403 1133 3464 elocutionis

147 3498 252 3549 tautum
263 3506 373 3567 genere
387 3498 499 3550 constat
510 3492 562 3551 sed
578 3500 623 3552 est
638 3508 700 3553 curu
712 3491 877 3551 inventione
890 3505 1048 3550 commune.
1068 3485 1132 3547 llam
