2434 3925
184 179 250 245 nto
498 196 860 258 u.nan.oo1nn1o1am

8 322 14 391 l
90 328 93 333 Γ
183 353 290 414 fantum
306 361 428 411 venuste
442 353 548 410 nostris
566 351 745 431 temporibus
764 353 850 412 elusit
864 353 965 414 Vibius
984 337 1115 434 Crispus,
1130 359 1174 417 vir

182 438 290 515 ingenii
305 437 418 496 incundi
435 445 463 494 et
479 435 637 512 elegantis:
654 435 720 516 Epo
730 456 813 512 cero,
829 439 928 515 inquit,
944 442 1003 500 iata
1013 459 1073 502 non
1086 444 1174 510 dico;

139 524 259 600 coquit
272 522 351 582 enim
367 523 473 581 attinet
484 521 538 580 itta
555 521 602 580 bis
618 521 703 581 diei?
733 519 942 599 Nonnunquam
959 533 1053 583 tamen
1066 525 1174 603 aliquid

182 606 275 664 simile
291 605 509 664 contradictioni
527 604 594 681 poni
614 613 723 681 potest,
740 607 764 662 si
779 605 845 683 quid
859 605 894 663 ab
906 606 1073 667 adversario
1086 618 1174 668 testa-

181 689 305 750 tionibus
329 687 567 766 comprehensum
588 688 617 745 in
638 689 877 748 advocationibus
898 692 1032 750 iactatum
1055 695 1107 759 sit;
1130 711 1173 751 re·

109 838 118 855 .
181 772 384 853 spondebimus
401 773 474 831 enim
490 773 533 830 rei
548 770 584 831 ab
602 771 661 830 illis
677 772 788 848 dictae,
814 790 871 832 uon
895 774 1009 833 anobis
1026 777 1173 852 excogita·

180 867 243 926 tae;
271 865 334 931 ant,
360 857 384 914 si
403 855 432 915 id
455 873 547 931 genus
569 857 624 914 erit
642 873 764 930 causae,
791 865 822 915 ut
844 874 1010 935 proponere
1030 861 1173 936 possimus

181 951 279 1018 certa,
301 949 382 1000 extra
404 957 478 1018 quae
499 940 555 999 dici
571 938 640 998 nihil
658 941 767 1017 possit:
793 950 839 1016 ut,
869 959 933 1000 cum
954 960 1002 1000 res
1021 942 1129 1002 furtiva
1149 945 1174 1001 in

180 1027 264 1087 domo
283 1024 464 1103 deprehensa
480 1025 526 1098 sit,
544 1022 621 1081 dicat
631 1041 756 1082 necesse
769 1032 814 1082 est
824 1042 903 1100 reus,
920 1034 968 1084 aut
979 1044 1012 1084 se
1024 1028 1174 1102 ignorante

139 1132 142 1139 ’
179 1111 287 1170 illatam
305 1117 352 1168 aut
367 1108 526 1185 depositam
544 1106 618 1184 apud
635 1124 667 1165 se
680 1116 727 1166 aut
738 1109 870 1167 donatam
886 1109 954 1177 sibi;
972 1110 1075 1187 quibus
1086 1113 1174 1170 omni·

137 1194 243 1268 sobus,
261 1193 372 1252 etiamsi
396 1194 545 1269 proposita
568 1207 626 1248 non
641 1200 722 1267 sunt,
749 1192 921 1270 responderi
941 1202 1049 1271 potest.
1084 1194 1127 1253 At
1150 1196 1175 1252 in

180 1278 289 1338 scholis
306 1285 387 1335 recte
403 1274 581 1352 plenioribus
598 1283 628 1333 et
644 1275 919 1335 contradictionibus
931 1293 1131 1355 occurremus,
1147 1286 1175 1336 ut

179 1363 207 1422 in
222 1371 371 1437 utrumque
386 1359 491 1434 locum,
508 1359 536 1419 id
552 1368 597 1418 est
614 1359 733 1436 primum
750 1369 779 1418 et
794 1359 969 1435 secundum,
988 1361 1071 1420 simnl
1086 1361 1174 1439 pluri·

179 1463 254 1505 mum
277 1460 474 1502 exerceamur.
514 1442 673 1516 Quodnisi
694 1442 868 1519 fecerimus,
901 1462 1042 1521 nunquam
1063 1454 1175 1504 utemur

81 1532 87 1545 '
180 1528 423 1594 contradictionc;
440 1529 586 1586 nonenim
603 1528 673 1601 erit,
693 1528 738 1585 cui
756 1526 992 1605 respondeamus.

138 1630 171 1681 51
263 1611 316 1671 Est
332 1620 360 1670 et
375 1606 447 1670 illud
461 1612 562 1669 vitium
574 1627 706 1686 magnum
722 1611 849 1670 sollicite
866 1621 895 1670 et
912 1613 990 1671 circa
1006 1613 1100 1671 omnia
1115 1630 1172 1672 mo·

179 1705 274 1756 menta
291 1696 439 1762 luctantis;
457 1703 621 1772 suspectam
638 1696 712 1752 euim
727 1694 796 1754 facit
811 1696 898 1755 iudici
914 1713 1047 1770 causam,
1073 1704 1101 1754 et
1117 1697 1172 1755 fre·

181 1789 312 1863 quanter,
335 1797 409 1857 quae
427 1780 522 1837 statim
538 1778 613 1837 diota
630 1794 743 1837 omnem
759 1778 963 1851 dubitationem
978 1779 1171 1854 sustulissent,

179 1865 265 1924 dilata
281 1866 352 1942 ipsis
370 1861 638 1942 praeparationibus
655 1862 739 1921 fidem
754 1863 892 1939 perdunt,
910 1865 974 1942 quia
991 1872 1131 1942 patronus
1146 1873 1173 1923 et

179 1949 242 2010 aliis
261 1948 416 2009 crediderit
432 1964 505 2025 opus
521 1947 621 2006 fuisse.
657 1943 801 2006 Fiduciam
821 1948 908 2023 igitur
929 1956 1028 2007 orator
1048 1965 1120 2026 prae
1142 1967 1172 2007 se

178 2034 253 2093 ferat
269 2049 443 2111 semperque
459 2033 497 2090 lta
514 2031 606 2106 dicat,
625 2041 759 2109 tanquam
775 2031 810 2090 de
828 2050 914 2091 causa
930 2034 1038 2109 optime
1053 2034 1170 2098 sentiat:

137 2135 171 2188 52
180 2118 257 2195 quod
281 2120 356 2176 sicut
378 2116 471 2175 omnin
493 2116 521 2173 in
549 2114 691 2175 Cicerone
713 2118 899 2193 praecipuum
930 2124 984 2175 est.
1029 2114 1100 2175 Nam
1125 2116 1173 2175 illa

180 2217 287 2260 summa
304 2218 372 2260 cura
388 2201 552 2258 securitatis
568 2209 614 2258 est
630 2199 746 2274 similis,
769 2207 905 2276 tantaque
926 2202 954 2258 in
977 2200 1110 2258 oratione
1126 2218 1172 2259 au·

180 2286 317 2357 ctoritas,
338 2293 369 2343 ut
389 2282 567 2361 probationis
590 2282 686 2342 locum
708 2282 836 2342 obtineat
857 2283 987 2343 dubitare
1013 2283 1095 2342 nobis
1118 2299 1174 2342 non

180 2367 359 2428 audentibus.
392 2366 493 2441 Porro,
511 2368 559 2444 qui
576 2368 691 2440 scierit,
716 2367 783 2444 quid
801 2384 868 2445 pars
884 2368 1024 2440 adversa,
1041 2367 1109 2444 quid
1125 2385 1173 2426 no·
1208 2357 1209 2368 ¹

180 2462 239 2512 stra
255 2451 359 2510 habeat
373 2450 613 2525 valentissimum,
638 2450 725 2511 facile
749 2450 901 2527 iudicabit,
927 2451 1029 2530 quibus
1051 2454 1174 2511 maxime

180 2535 267 2595 rebus
282 2535 331 2594 vel
347 2534 556 2594 occurrendum
572 2538 608 2594 sit
625 2536 673 2595 vel
690 2535 860 2594 instandum.

137 2638 171 2692 53
265 2618 362 2678 Ordo
382 2617 495 2697 quidem
512 2620 541 2676 in
558 2629 642 2696 parte
657 2618 736 2678 nulla
750 2621 841 2678 minus
854 2619 938 2678 affert
949 2618 1067 2679 laboris.
1101 2616 1174 2678 Nam

180 2704 204 2763 si
222 2705 348 2781 agimus,
370 2711 468 2762 nostra
485 2702 677 2764 confirmanda
693 2711 758 2761 sunt
776 2705 911 2781 primum,
935 2712 1010 2778 tum,
1032 2720 1107 2780 quae
1125 2719 1174 2761 no·

179 2790 246 2848 stris
264 2795 450 2866 opponuntur
464 2786 630 2855 refutanda;
653 2789 678 2847 si
695 2788 920 2865 respondemus,
942 2789 1021 2865 prius
1036 2786 1173 2864 incipien-

127 2873 245 2945 .54dum
261 2881 306 2931 est
322 2889 337 2930 a
352 2871 538 2931 refutatione.
576 2869 741 2930 Nascuntur
762 2881 855 2931 nutem
874 2889 912 2930 ex
928 2870 990 2946 luis,
1014 2887 1088 2948 quae
1106 2888 1173 2929 con·

179 2955 342 3016 tradictioni
355 2957 553 3034 opposuimus,
570 2954 645 3015 aliae
659 2955 912 3030 contradictiones,
925 2963 1050 3032 euntque
1062 2955 1174 3013 interim

179 3040 309 3116 longius;
337 3048 367 3098 ut
396 3039 588 3116 gladiatorum
617 3057 733 3114 manus,
762 3057 836 3117 qnae
856 3038 1002 3098 secundae
1023 3047 1173 3111 vocantur,

179 3123 248 3182 liunt
264 3132 293 3181 et
308 3126 427 3199 tertiae,
450 3123 475 3181 si
497 3125 552 3181 ista
573 3123 664 3200 prima
687 3121 722 3183 ad
738 3122 897 3182 vocandum
913 3123 1077 3182 adversarii
1088 3123 1174 3182 ictunt

179 3206 293 3285 prolata
310 3215 388 3283 erat,
405 3216 434 3265 et
450 3214 585 3285 quartae,
603 3208 627 3264 si
642 3208 786 3284 geminata
802 3208 927 3284 captatio
944 3215 1005 3281 est,
1021 3214 1052 3264 ut
1065 3204 1112 3264 bis
1128 3223 1172 3263 ea-

138 3289 323 3365 55vere,.bis
339 3299 475 3367 repetere
491 3292 662 3368 oportuerit.
690 3290 771 3364 Quae
783 3293 855 3349 ratio
868 3299 898 3349 et
910 3289 985 3348 ultra
1001 3288 1088 3349 ducit.
1116 3287 1175 3348 Sed

179 3375 259 3436 illam
275 3374 370 3448 etiam,
390 3390 473 3451 quam
488 3391 574 3452 snpra
590 3375 719 3449 ostendi,
736 3374 896 3452 simplicem
911 3391 949 3432 ex
964 3372 1116 3433 aflectibus
1132 3380 1174 3430 at·

181 3477 238 3538 que
255 3476 293 3519 ex
309 3457 498 3518 affirmatione
513 3458 576 3519 sola
587 3458 789 3538 probationem
803 3460 909 3539 recipit
919 3458 1066 3535 refutatio,
1080 3454 1175 3535 qualis
