2434 3925
145 193 188 259 90
492 207 529 254 n.
545 204 624 254 nan.
636 205 855 266 anrrrmam

146 364 184 424 ad
194 361 418 460 'promerendum
435 362 541 421 actioni
558 361 688 421 favorem
703 361 765 420 sive
787 360 989 420 adlevandum
1002 363 1165 423 varietate

146 447 328 508 fastidium
305 465 367 504 siue
383 446 418 505 ad
437 446 576 524 quaedam
591 446 640 504 vel
656 445 804 504 decentius
820 445 969 504 indicanda
983 446 1032 504 vel
1046 448 1160 506 tutius.

102 544 138 598 ῃ
230 530 288 590 Sed
306 539 467 620 antequam,
485 548 559 607 quae
575 530 679 606 cuique
697 531 740 588 rei
758 529 850 605 ligura
866 531 1029 605 conveniat,
1047 540 1159 590 osten·

147 616 200 674 do:
217 613 367 673 dicendum
378 623 423 672 est
425 631 630 690 ,nequaquam
649 631 699 672 eas
713 631 780 671 esse
793 622 850 671 tam
860 614 974 688 multas,
991 631 1084 691 quarn
1098 617 1160 673 sint

146 698 342 776 aquibusdam
358 700 540 757 constitutae
565 697 668 774 Neque
688 698 762 755 enim
773 715 818 755 me
829 706 946 756 mouent
956 714 1076 757 nomina
1089 699 1157 773 illa,
1207 748 1208 761 r

103 793 220 860 23quae
236 783 348 858 fingere
364 784 462 859 utique
478 780 597 841 Graecis
616 782 858 858 promptissimum
880 791 933 840 est.
959 780 1036 840 Ante
1052 785 1158 841 omnia
1207 792 1208 847 l

145 868 233 943 igitur
254 866 316 942 illi,
342 868 390 945 qui
411 866 530 925 totidem
552 865 659 941 figuras
680 873 779 942 putant
797 873 867 942 quot
895 865 1034 941 affectus,
1059 884 1156 944 repu-

146 950 256 1017 diandi;
279 967 337 1009 non
359 951 424 1028 qnia
439 949 561 1008 affectus
577 966 634 1007 non
651 950 707 1008 sint
724 948 864 1026 quaedam
886 949 1038 1027 qualitates
1067 968 1155 1009 men·

145 1037 199 1110 tis,
217 1033 269 1093 sed
287 1036 353 1113 quia
369 1034 479 1110 figura,
501 1051 585 1111 qnam
606 1050 664 1091 non
688 1032 877 1092 communite!
890 1033 943 1092 sed
959 1035 1084 1111 proprie
1099 1051 1155 1093 no·

145 1120 299 1193 minamus,
321 1135 379 1177 non
399 1120 436 1176 sit
457 1118 582 1195 simplex
596 1118 639 1176 rei
655 1119 850 1194 cuiuscunque
868 1118 1034 1176 enuntiatio.
1069 1117 1155 1191 Qua·

145 1196 267 1282 propter
280 1204 308 1261 in
323 1201 446 1260 dicendo
457 1203 555 1276 irasci,
571 1201 685 1276 dolere,
702 1202 842 1275 misereri,
855 1202 967 1276 timere,
983 1201 1153 1277 confidere,

122 1300 125 1309 '
147 1295 333 1347 contemnere
350 1302 407 1344 non
424 1293 489 1343 sunt
506 1285 632 1361 ligurae;
655 1302 712 1343 non
733 1286 824 1361 magis
840 1303 924 1364 quarn
939 1285 1078 1361 suadere,
1097 1287 1152 1343 mi·

104 1372 224 1445 mari,
246 1387 368 1445 rogare,
393 1386 544 1428 excusare.
593 1369 651 1429 Sed
672 1369 745 1428 fallit
765 1387 864 1447 parum
885 1370 1039 1444 intuentes,
1067 1368 1151 1448 qnod

146 1454 294 1513 inueniunt
308 1454 336 1510 in
352 1453 482 1512 omnibns
502 1453 545 1511 his
567 1452 642 1513 locis
664 1453 770 1529 figuras
792 1462 822 1511 et
842 1471 939 1512 earum
956 1453 1094 1530 exempla
1110 1472 1151 1512 ex

148 1536 324 1597 orationibus
347 1546 517 1614 excerpunt.
559 1534 663 1614 Neque
686 1539 759 1596 enim
781 1555 848 1614 pars
870 1536 927 1596 ulla
948 1536 1063 1596 dicendi
1089 1546 1147 1611 est,

148 1638 223 1698 quae
237 1638 294 1680 non
309 1622 445 1699 recipere
460 1638 510 1680 eas
526 1625 628 1699 possit.
668 1622 725 1681 Sed
749 1620 824 1681 aliud
846 1630 890 1679 est
905 1620 1056 1680 admittere
1072 1621 1147 1698 ligu-
1207 1670 1208 1697 ,

147 1723 208 1765 ram
225 1704 300 1764 aliud
324 1705 443 1782 liguram
463 1723 540 1764 esse.
583 1705 687 1782 Neque
709 1707 783 1767 enim
805 1704 933 1764 verebor
952 1704 1145 1782 explicandae

104 1790 190 1858 marei
200 1791 292 1866 gratia
304 1789 530 1868 frequentiorem
542 1791 671 1849 eiusdem
682 1790 803 1848 nominis
813 1790 1024 1866 repetitionem.
1045 1787 1145 1861 Quare

148 1873 254 1933 dabunt
269 1873 335 1931 milri
351 1873 473 1951 aliquam
488 1875 516 1932 in
530 1875 693 1949 irascente,
715 1874 910 1950 deprecante,
933 1874 1091 1931 miserante
1113 1872 1143 1930 li·

147 1976 258 2036 garam,
277 1958 354 2026 scio;
371 1958 423 2017 sed
438 1976 496 2017 non
511 1958 576 2017 ideo
593 1958 694 2033 irasci,
706 1958 858 2033 misereri,
877 1958 1030 2037 deprecari
1050 1956 1143 2033 ligura

148 2043 211 2101 erit.
251 2038 357 2101 Cicero
381 2043 495 2119 quidem
516 2044 609 2101 omnia
633 2044 770 2101 orationis
791 2041 895 2101 lumina
912 2044 939 2100 in
956 2042 1031 2100 hunc
1046 2041 1142 2100 locum

148 2126 290 2202 congerit,
306 2127 427 2185 mediam
443 2127 592 2204 quandam,
611 2135 641 2184 ut
656 2126 790 2202 arbitror,
806 2135 923 2185 secutus
938 2127 1027 2184 viam:
1045 2133 1077 2183 nt
1091 2142 1140 2183 ne·

148 2227 206 2288 que
227 2211 318 2267 omnis
339 2227 433 2269 sermo
456 2210 580 2269 schema·
596 2210 771 2268 iudicaretur
790 2227 885 2287 neque
906 2227 940 2268 ea
962 2209 1042 2283 sola,
1066 2226 1140 2286 quae

148 2292 290 2351 haberent
312 2293 436 2371 aliquam
456 2304 596 2354 remotam
617 2293 652 2352 ab
673 2311 727 2352 usu
748 2296 888 2353 communi
904 2294 1064 2366 lictionem,
1089 2292 1140 2351 sed

150 2393 225 2454 quae
247 2386 345 2436 essent
370 2377 528 2437 clarissima
549 2387 578 2437 et
598 2378 635 2437 ad
655 2377 824 2437 mouendum
840 2378 996 2437 auditorem
1009 2375 1140 2435 valerent

149 2460 313 2537 plurimum
337 2479 422 2539 quem
446 2461 557 2521 duobus
579 2461 615 2520 ab
643 2477 679 2520 eo
706 2461 787 2520 libris
811 2470 962 2520 tractatum
988 2460 1084 2519 locum
1104 2457 1139 2518 ad
1207 2483 1208 2530 3

149 2543 261 2602 litteras
280 2544 407 2621 subieci,
429 2563 466 2605 ne
486 2546 648 2605 fraudarem
669 2544 803 2623 legentes
823 2545 929 2605 iudicio
952 2544 1064 2603 maximi
1090 2560 1137 2602 an·
1207 2615 1208 2622 ἵ

150 2627 249 2687 eteris.

107 2716 142 2771 26
232 2711 263 2771 ln
278 2712 364 2771 tertio
381 2711 417 2772 de
434 2709 556 2771 Oratore
570 2712 609 2773 ita
626 2714 836 2791 scriptumest:
858 2711 896 2773 ln
913 2717 1063 2791 perpetua
1080 2728 1135 2771 aa·

151 2798 377 2871 temeratione,
405 2814 474 2856 cum
495 2803 524 2857 et
544 2798 764 2859 coniunctionis
784 2798 935 2858 lenitatem
952 2802 982 2857 et
1000 2813 1135 2857 numero-

149 2898 234 2956 rum,
257 2895 349 2959 quom
363 2881 447 2956 dimi,
467 2881 616 2942 radonem
634 2882 828 2958 tenuerimus,
846 2889 907 2940 tum
923 2887 968 2940 eat
988 2879 1075 2956 quasi
1089 2879 1134 2939 ia·

149 2965 280 3026 minibus
300 2964 517 3043 dietinpucndu
537 2973 566 3026 et
583 2964 809 3044 frequentantia
831 2966 926 3027 ommia
947 2964 1045 3024 maiia
1067 2981 1132 3023 sen·
1207 2959 1208 2994 ³

108 3048 311 3109 attentiorem
335 3058 428 3128 atque
445 3050 617 3110 verboram
655 3047 736 3110 Nom
760 3057 790 3110 et
811 3049 1005 3110 commoratio
1025 3063 1086 3107 omn
1103 3047 1133 3106 in

149 3150 185 3190 re
216 3134 397 3208 permultam
422 3140 519 3194 movet
552 3139 581 3193 ei
606 3134 733 3194 illustris
758 3134 934 3231 espinaciio
964 3145 1132 3206 rerumque,

150 3216 240 3293 quasi
252 3224 411 3294 peruritur,
425 3217 480 3277 aad
498 3224 655 3295 aspectum
668 3235 769 3295 poene
782 3218 910 3277 subiect
888 3225 943 3292 tao,
964 3229 1044 3293 quae
1058 3215 1114 3273 et
1100 3231 1132 3273 m

150 3301 332 3377 exponenda
345 3319 380 3361 re
392 3300 556 3378 plurimum
575 3302 657 3361 vaiet
670 3309 699 3362 ei
713 3302 758 3362 ad
770 3289 984 3361 ilimairomiam
998 3300 1042 3374 id,
1056 3297 1132 3374 qaod

150 3385 327 3459 munitur,
349 3392 378 3444 et
401 3385 446 3443 ud
460 3384 724 3461 amplificandum,
745 3387 810 3445 at
797 3386 851 3459 tiu,
873 3400 924 3462 qm
919 3384 1080 3456 audiam,
1094 3380 1129 3440 ii-

233 3468 312 3534 aaod
325 3468 512 3547 acpebimas,
526 3476 673 3551 quantam
687 3468 810 3548 efficere
822 3470 920 3533 oratio
932 3467 1043 3549 poterit
1043 3508 1051 3544 ,
1030 3472 1129 3529 itan·
