2434 3925
145 188 186 250 48
466 204 827 264 n.ssn.oo1nn1n1un1
866 253 869 260 ,

144 360 216 422 tenti
234 358 411 420 dissimilium
433 357 606 435 concordia,
628 378 712 437 quarn
729 368 836 419 vocant
857 353 1017 439 ἁρμονίαν,
1039 380 1144 423 sonum

103 452 260 523 usqueque
279 443 323 502 his
341 443 464 503 motibus
483 444 637 503 dederint,
651 443 723 503 Nam
743 443 842 520 Plato,
862 464 925 504 cum
944 448 972 504 iu
994 446 1058 505 aliis
1078 449 1143 524 qui·

143 529 263 588 busdam
287 537 345 587 tum
367 531 524 606 praecipue
546 529 575 587 in
593 527 728 603 Timaeo,
752 545 788 586 ne
805 529 930 605 intelligi
949 530 1063 607 quidem
1086 533 1145 590 nisi

144 613 180 673 ab
202 614 253 686 iis,
277 614 325 690 qui
346 611 420 671 hanc
442 630 558 690 quoque
580 622 691 691 partem
709 612 880 690 disciplinae
900 613 1055 690 diligenter
1074 632 1143 693 per·

145 696 287 775 ceperint,
307 705 413 773 potest.
443 696 517 770 Quid
539 695 576 756 de
594 695 777 775 philosophis
795 697 918 775 loquor,
937 715 1058 774 quorum
1074 699 1143 757 fons

102 782 206 858 ldipse
218 780 355 839 Socrates
368 782 422 840 ianr
434 800 526 840 senex
540 782 647 840 institui
662 781 723 857 lyra
735 798 792 839 non
804 778 1020 841 erubescebat?
1041 781 1144 841 Duces

143 865 282 923 maximos
306 872 335 923 et
356 864 458 925 fidibus
482 876 511 925 et
529 864 605 924 tibiis
629 867 772 924 cecinisse
794 865 927 924 traditum
944 875 973 924 et
992 868 1142 925 exercitus

142 948 436 1008 Lacedaemoniorum
451 950 568 1008 musicis
583 967 726 1008 accensos
740 949 842 1008 modis.
866 949 940 1023 Quid
953 946 1047 1008 autem
1063 950 1142 1009 aliud

142 1034 171 1091 in
192 1033 299 1092 nostris
318 1033 480 1110 legionibus
503 1050 612 1093 cornua
629 1052 664 1093 ac
680 1033 767 1093 tubae
786 1033 907 1100 iaciunt;
931 1050 1052 1131 quorum
1070 1050 1141 1092 oon·

145 1125 246 1175 ceutus
276 1126 382 1194 quanto
405 1127 450 1176 est
476 1117 692 1192 vehementior,
719 1126 827 1177 tantum
848 1117 1010 1177 Romana'
1002 1136 1030 1176 rn
1051 1116 1142 1176 hellis

102 1200 238 1278 ltgloria
251 1204 363 1260 ceteris
370 1198 533 1300 praestat?
561 1200 627 1260 Nou
644 1204 732 1279 igitur
750 1202 864 1261 frustra
867 1201 949 1262 Plato
968 1202 1045 1260 civili
1064 1204 1140 1276 viro,

144 1303 229 1383 quem
249 1276 400 1344 πολιτικὸν
421 1295 543 1361 vocant,
568 1288 765 1345 necessariam
787 1288 916 1345 musicen
939 1286 1069 1346 eredidit.
1103 1284 1143 1344 Et

144 1371 206 1428 eius
230 1377 346 1443 sectae,
370 1388 444 1447 quae
466 1369 529 1429 aliis
546 1372 732 1430 severissima
751 1370 815 1429 aliis
837 1371 996 1447 asperrima
1014 1369 1140 1444 videtur,

143 1454 292 1530 principes
315 1454 343 1511 in
364 1453 419 1513 hac
441 1453 524 1518 luere
546 1456 705 1529 sententia,
730 1462 762 1513 ut
785 1455 998 1527 existimarent,
1025 1456 1140 1531 sapien·

143 1537 213 1595 tium
231 1537 343 1614 aliquos
360 1538 523 1597 nonnullam
542 1555 663 1616 operam
679 1538 723 1597 his
742 1538 842 1597 studiis
858 1537 1139 1597 accommodaturos.

143 1617 181 1679 Et
201 1620 367 1698 Lycurgus,
397 1622 612 1681 durissimarum
633 1622 870 1682 Lacedaemoniis
900 1621 997 1697 legum
1026 1631 1140 1694 auctor,

103 1713 136 1768 16
145 1707 269 1764 musices
292 1706 473 1783 disciplinam
494 1705 637 1785 probavit.
679 1705 776 1784 Atque
797 1723 860 1765 eam
886 1715 985 1765 natura
1008 1707 1072 1782 ipsa
1099 1707 1141 1764 vi·

146 1791 229 1850 detur
249 1791 283 1850 ad
306 1790 473 1850 tolerandos
492 1790 605 1850 facilius
625 1789 741 1850 labores
758 1791 839 1849 velut
856 1792 966 1849 muneri
982 1789 1066 1848 nohis
1090 1791 1142 1849 de·

82 1935 84 1944 ,
145 1876 241 1949 disse,
265 1875 405 1953 siquidem
423 1883 452 1934 et
471 1877 611 1951 remigem
634 1883 732 1933 cantus
753 1874 896 1941 hortatum
920 1892 976 1933 nec
998 1873 1092 1932 solum
1113 1874 1141 1932 in

143 1961 178 2019 iis
206 1959 360 2037 operibus,
390 1958 543 2038 inquibus
567 1960 692 2039 plurium
713 1968 834 2019 conatus
860 1968 1019 2038 praeeunte
1043 1958 1141 2036 aliqua

143 2044 265 2104 incunda
296 2062 372 2104 voce
404 2047 568 2121 conspirat,
602 2043 656 2102 sed
685 2046 770 2103 etiam
798 2044 977 2120 singulorum
1007 2043 1140 2118 fatigatio

102 2141 134 2197 17
144 2127 301 2207 quamlibet
322 2146 356 2186 se
379 2128 441 2187 rudi
463 2128 658 2187 modulatione
680 2128 799 2187 solatur.
833 2127 959 2187 Laudem
982 2126 1074 2186 adhuc
1099 2127 1140 2186 di-

144 2230 213 2272 cere
235 2213 304 2270 artis
321 2211 532 2289 pulcherrimae
553 2212 670 2286 videor,
694 2212 817 2271 nondum
833 2230 896 2271 eam
918 2221 1012 2270 tamen
1030 2212 1157 2269 oratori¹

144 2297 332 2371 eoniungere.
364 2294 555 2355 Transeamus
577 2298 665 2372 igitur
687 2296 715 2355 id
738 2314 871 2373 quoque,
897 2296 974 2374 quod
997 2313 1140 2372 gramma·

143 2382 201 2439 tice
217 2379 360 2456 quondam
377 2397 413 2438 ac
428 2381 537 2438 musice
555 2380 669 2439 iunctae
684 2379 808 2439 iueruut.
831 2380 978 2457 Siquidem
992 2379 1140 2453 Archytas
1156 2422 1158 2427 >

143 2473 230 2540 atque
257 2463 449 2522 Aristoxenus
479 2466 564 2523 etiam
591 2463 750 2523 subiectam
776 2466 983 2541 grammaticen
1011 2466 1140 2522 musicae

143 2556 331 2627 putaverunt;
350 2555 380 2606 et
393 2548 512 2607 eosdem
527 2549 675 2626 utriusque
690 2550 732 2607 rei
746 2557 955 2625 praeceptores
970 2548 1061 2606 fuisse
1075 2565 1140 2606 cum

142 2632 278 2710 Sophron
294 2632 434 2707 ostendit,
452 2634 600 2690 mimorum
616 2633 730 2709 quidem
745 2634 871 2711 scriptor
888 2631 941 2690 sed
959 2649 1043 2710 quern
1055 2630 1139 2690 Plato

143 2716 216 2775 adeo
236 2715 385 2794 probavit,
409 2725 440 2775 ut
458 2719 627 2794 suppositos
646 2718 733 2793 capiti
751 2716 841 2775 libros
858 2719 937 2791 eius,
962 2733 1025 2774 curn
1042 2731 1139 2774 more·

100 2803 236 2874 18retur,
261 2800 396 2859 hahuisse
419 2800 568 2875 credatur,
591 2809 650 2859 tum
667 2799 805 2877 Eupolis,
830 2800 905 2877 apud
929 2818 1013 2877 quem
1031 2798 1138 2859 Proda-

142 2903 203 2943 mus
219 2893 249 2944 et
264 2886 392 2943 musicen
408 2893 436 2943 et
453 2885 563 2944 litteras
579 2885 680 2952 dooet;
701 2894 729 2943 et
740 2883 880 2958 Maricas,
900 2887 948 2961 qui
966 2892 1010 2942 est
1026 2882 1139 2961 Hyper·

141 2968 242 3043 holus,
276 2969 353 3028 ntttt
376 2988 411 3031 se
434 2987 473 3028 en
499 2970 615 3029 musice
640 2970 804 3030 scire'nt‘st'
828 2970 947 3028 titterns
973 2967 1138 3026 confitetur,

141 3051 353 3131 Aristophanes
375 3069 491 3131 quoque
510 3068 567 3110 uon
588 3069 645 3111 uno
669 3052 743 3112 libro
767 3054 810 3111 sic
831 3053 938 3110 institui
962 3068 1071 3127 pueros
1089 3070 1138 3110 an·

141 3138 259 3214 tiquitus
284 3136 388 3195 solitos
416 3154 483 3195 esse
511 3136 704 3210 demonstrat,
734 3145 763 3195 et
792 3136 867 3213 apud
895 3135 1080 3196 Menandrum
1111 3138 1138 3195 in

141 3219 373 3298 Hypobolimaeo
396 3238 504 3293 senex,
527 3222 575 3297 qui
597 3221 765 3299 reposcenti
786 3220 875 3279 lilium
898 3219 972 3298 patri
993 3220 1074 3279 velut
1092 3238 1137 3279 ra·

143 3306 250 3364 tionem
267 3305 484 3382 impendiorum,
504 3321 578 3381 quae
595 3306 624 3363 in
640 3305 839 3367 educationem
857 3303 1026 3379 contulerit,
1045 3320 1144 3381 expo·x

102 3394 230 3449 lonens:
257 3388 361 3467 psaltis
384 3406 418 3446 se
446 3397 474 3446 et
496 3390 654 3463 geometris
679 3388 765 3447 multa
794 3387 862 3446 dicit
886 3387 1013 3447 dedisse.
1055 3387 1138 3447 Unde

147 3475 232 3534 etiarn
254 3473 306 3533 ille
322 3489 404 3550 mos,
425 3479 457 3531 ut
476 3473 505 3530 in
522 3474 661 3532 conviviis
677 3482 746 3549 post
764 3487 884 3531 coenam
903 3471 1138 3531 circumferretur
