2434 3925
122 212 162 273 54
430 221 788 283 muranonrurmmm

121 376 288 455 Quanquam
303 379 377 436 euim
390 378 552 437 rectissime
568 377 701 438 traditum
715 386 777 454 est,
794 379 1029 459 perspicuitatem
1045 394 1119 457 pro·

119 463 206 540 priis,
229 471 358 521 ornatum
373 460 515 521 translatis
536 461 634 521 verbis
654 464 745 537 magis
765 480 870 538 egere:
899 463 1021 521 sciamus
1044 462 1120 523 nihil

77 559 111 615 16
120 555 249 605 oruatum
266 563 349 620 esse,
366 544 442 623 quod
458 546 494 603 sit
508 546 703 624 improprium.
733 545 791 604 Sed
807 547 960 606 cumidem
978 545 1119 623 frequen·

118 631 226 689 tissime
241 629 325 707 plura
344 628 521 705 significent,
541 628 618 707 quod
634 628 803 706 συνωνυμία
817 639 953 689 vocatur:
978 630 1033 689 iam
1049 639 1121 689 sunt

118 714 182 773 aliis
198 713 254 773 alia
264 712 447 786 honestiora
463 710 646 786 sublimiora,
662 711 793 772 nitidiora
800 713 1009 788 ‚iucrrndiora‚
1025 730 1118 772 vocu-

118 798 201 859 liora.
235 795 306 856 Nam
320 805 351 855 ιιι
367 757 498 871 syllahae
515 813 532 853 e
551 795 654 854 litteris
670 795 772 855 unelius
790 796 956 857 sonantibus
973 796 1119 856 clariores

117 891 197 944 sunt:
213 882 251 939 ita
268 880 358 940 uerba
374 898 390 938 e
406 878 526 954 syllabis
541 881 633 955 magis
651 880 779 956 vocalia,
803 890 846 956 et,
865 897 922 959 quo
939 881 1005 957 plus
1021 882 1117 962 quod·

118 982 175 1043 que
189 964 306 1043 spiritus
320 962 427 1038 hahet,
446 962 541 1023 auditu
557 963 715 1042 pulchrius.
738 963 793 1038 Et,
810 965 887 1042 quod
903 964 971 1023 iacit
986 955 1116 1038 syllaba-

117 1067 195 1123 rum,
213 1048 288 1107 idem
302 1048 456 1107 verborum
471 1063 588 1126 quoque
602 1047 677 1106 inter
692 1066 724 1106 se
739 1049 904 1126 copulatio
927 1057 957 1107 ut
973 1047 1048 1107 aliud
1064 1049 1118 1107 alii

76 1134 241 1194 llinuctum
268 1132 371 1191 melius
397 1140 489 1190 sonet.
531 1131 671 1191 Diversus
692 1140 785 1191 tamen
807 1151 887 1212 usus.¹
932 1130 1003 1191 Nam
1024 1131 1117 1190 rebus

116 1216 263 1276 atrocibus
283 1215 372 1275 verba
395 1217 479 1274 stiam
500 1217 565 1293 ipso
583 1215 679 1274 auditu
698 1232 803 1294 aspera
817 1216 908 1292 magis
928 1216 1114 1275 convenient.

118 1301 148 1360 ln
163 1301 327 1359 uuiversum
342 1298 456 1377 quidem
471 1300 577 1377 optima
591 1298 761 1377 simplicium
779 1300 950 1373 creduntur,
972 1317 1047 1378 quae
1064 1308 1117 1359 aut

117 1385 240 1444 manime
260 1382 421 1443 exclamant
442 1390 488 1440 aut
510 1399 583 1444 sono
605 1391 670 1442 suut
687 1385 897 1444 iucundissima.
938 1382 976 1443 Et
990 1383 1117 1443 honesta

119 1467 233 1545 quidem
248 1465 377 1544 turpibus
393 1466 506 1543 potiora
521 1483 637 1545 semper
652 1484 706 1527 uec
719 1468 842 1529 sordidis
857 1485 979 1546 uuquam
999 1468 1027 1525 iu
1044 1484 1115 1527 ora-

76 1554 196 1617 18tioue
222 1551 332 1612 emdita
356 1550 449 1611 locus.
491 1547 576 1610 Clara
597 1550 648 1610 illa
675 1560 760 1629 atque
784 1551 916 1611 sublimia
940 1551 1117 1630 plerumque

118 1637 256 1697 materiae
276 1636 362 1696 modo
387 1634 576 1696 discernenda
598 1644 672 1695 suut.
717 1634 802 1709 Quod
825 1635 893 1695 alibi
918 1634 1114 1712 magnificum,

118 1720 253 1781 tumidum
265 1719 342 1779 alibi.
375 1719 414 1779 Et
427 1737 501 1798 quae
517 1719 634 1781 humilia
649 1720 725 1779 circa
736 1737 785 1780 res
800 1738 933 1797 magnas,
949 1728 1016 1797 apta
1033 1720 1116 1778 circa

118 1806 243 1863 minores
255 1804 396 1864 videntur.
436 1803 473 1863 Ut
488 1812 582 1863 autem
599 1804 768 1864 lucratione
781 1803 867 1864 nitida
879 1802 1005 1864 notabile
1022 1802 1113 1862 humi·

119 1881 176 1948 lius
190 1887 309 1948 verbum
323 1897 353 1947 et
366 1887 446 1947 velut
461 1887 588 1947 macula:
610 1890 649 1948 ita
664 1905 680 1947 a
696 1905 828 1947 sermone
843 1889 920 1947 tenui
934 1886 1055 1946 sublime
1071 1886 1113 1945 ui·

118 1972 262 2050 tidumque
282 1973 434 2034 ‚discordat
453 1972 542 2050 litque
563 1981 743 2051 corruptum,
769 1974 834 2051 quia
854 1974 883 2031 iu
903 1972 989 2051 plano
1011 1980 1112 2031 tumet.

78 2057 112 2113 19
120 2055 267 2130 Quaedam
281 2075 338 2116 nou
353 2066 409 2117 tum
423 2058 535 2116 rationo
551 2056 634 2135 quium
649 2074 736 2116 seusu
751 2057 924 2116 iudicantur:
940 2063 970 2115 ut
987 2055 1069 2132 illud,

263 2160 266 2169 ¹
323 2177 365 2188 —-
380 2139 480 2202 Caesa
494 2141 658 2219 iungebant
671 2142 801 2220 foedera
813 2159 922 2220 porco,

119 2226 190 2285 iecit
204 2225 325 2302 elegans
340 2226 418 2285 lictio
433 2225 569 2299 nominis,
587 2225 664 2302 quod
679 2224 821 2284 siluisset
835 2243 947 2304 porco,
964 2223 1022 2283 vile
1039 2233 1111 2283 erat.

118 2308 151 2371 Iu
166 2308 333 2408 quibusdam
347 2309 420 2368 ratio
435 2308 585 2368 manifesta
601 2317 655 2367 est
697 2307 835 2380 Risimus
857 2317 886 2368 et
901 2309 1003 2367 merito
1011 2325 1113 2387 nuper

118 2402 249 2472 poetam,
268 2395 315 2470 qui
331 2393 442 2452 dixerat

263 2476 483 2537 Praetextato
470 2495 502 2536 ιιι
516 2477 593 2537 cista
607 2494 710 2537 mures
723 2494 827 2575 rosere
843 2472 971 2538 Gemelli

75 2559 155 2622 todi
169 2560 293 2637 Vergilii
309 2563 442 2619 miramur
456 2559 537 2635 illud

392 2641 554 2723 —Saepe
570 2644 700 2722 exiguus
718 2663 793 2705 mus.

116 2724 189 2788 Nam
205 2726 352 2806 epitheton
366 2729 494 2805 exiguus
509 2736 620 2806 aptum,
637 2729 785 2826 proprium
802 2727 913 2802 effecit,
929 2745 965 2786 ne
978 2726 1043 2804 plus
1060 2746 1111 2788 ex·

116 2822 317 2891 pectaremus,
334 2819 363 2869 et
376 2828 459 2870 casus
471 2811 624 2888 singularis
635 2813 725 2887 magis
741 2806 853 2886 decuit,
867 2820 895 2869 et
908 2811 1056 2871 clausula
1047 2829 1110 2890 rpsa

116 2899 200 2956 unius
215 2895 345 2972 syllabae
360 2911 416 2953 nou
432 2896 534 2954 usitata
551 2894 659 2954 addidit
672 2897 803 2985 gratiam.
846 2894 972 2955 Imitatus
993 2904 1038 2954 est
1058 2897 1110 2955 ita·

118 2997 174 3057 que
191 2989 342 3058 utrumque
356 2978 501 3053 Horatius,

363 3095 404 3111 -
420 3061 574 3124 Nascetur
594 3062 746 3122 ridiculus
765 3080 841 3122 mus.

75 3144 179 3206 tlllec
205 3146 335 3223 augenda
355 3165 471 3227 semper
494 3148 585 3206 oratio
611 3145 663 3206 sed
689 3145 884 3205 summittenda
910 3162 1109 3223 nonuunquam

118 3239 172 3290 est.
209 3229 274 3289 Vim
300 3230 387 3291 rebus
415 3231 567 3309 aliquando
592 3227 776 3288 verborum'
768 3248 830 3309 rpsa
852 3228 995 3289 humilitas
1016 3230 1107 3289 allent.

117 3313 178 3391 Au,
199 3332 263 3375 cum
286 3314 382 3375 dicit'
374 3333 402 3372 ιιι
417 3314 549 3374 Pisonem
566 3311 687 3387 Cicero,
720 3308 795 3374 Gaas
815 3313 869 3374 tibi
889 3320 950 3374 toto
973 3313 1109 3392 cognatio

115 3417 244 3460 serraco
264 3398 450 3474 advehatur,
473 3397 624 3457 incidissse
646 3395 785 3456 videtur
777 3414 805 3456 m
825 3396 971 3457 sordidum
990 3413 1108 3455 nomeu

9 3492 18 3511 ⁰
115 3499 173 3542 uou
193 3500 229 3544 eo
246 3490 438 3561 contemptum
458 3480 594 3558 hominis,
616 3498 702 3560 quem
719 3480 894 3541 destructum
906 3480 1038 3557 volebat,
1060 3497 1105 3541 au·
1180 3490 1185 3501 '
