2434 3925
156 191 197 253 52
466 205 503 251 ιι.
523 204 600 250 aaa.
622 200 842 262 cumulamus

157 379 282 440 quamur.
298 359 534 437 experimentum.
570 357 668 434 lugeri
688 376 849 417 mensuram
871 357 1012 417 ducentos
1034 368 1063 417 et
1086 376 1160 437 qua·

156 446 286 523 draginta
307 444 492 521 longitudinis
522 443 614 521 pedes
636 460 704 501 esse
731 442 905 519 dimidioque
929 444 957 502 in
978 443 1160 503 latitudinem

156 539 275 610 patere,
297 547 353 588 non
378 528 442 587 iere
460 530 610 608 quisquam
632 535 677 585 est
698 527 746 604 qui
762 528 893 604 ignoret,
917 536 947 585 et
973 529 1019 605 qui
1042 529 1081 586 sit
1101 530 1158 586 cir·

114 616 248 682 tacuitus
268 622 297 672 et
319 621 457 690 quantum,
475 613 568 690 campi
591 611 706 671 claudat
730 611 874 687 colligere
897 612 1073 688 expeditum.
1118 610 1159 669 At

157 699 271 759 centeni
300 706 329 756 et
356 698 492 774 octogeni
515 698 543 755 in
571 713 714 773 quamque
737 703 848 772 partem
876 696 967 773 pedes
992 696 1067 754 idem
1089 713 1158 773 spa·

58 825 59 830 ι
156 785 224 843 tium
246 782 433 842 extremitatis
456 781 509 840 sed
529 780 618 839 multo
641 779 763 857 amplius
782 779 899 838 clausae
917 789 1052 857 quattuor
1070 780 1157 838 lineis

157 885 242 928 areae
266 866 382 926 iaciunt.
426 864 458 924 ld
485 866 510 923 si
539 872 709 941 computare
736 881 821 941 quem
848 864 944 941 piget,
971 863 1157 922 brevioribus

155 951 279 1010 numeris
297 951 372 1010 idem
388 950 491 1009 discat
535 947 607 1008 Nam
624 948 736 1007 danim
754 947 891 1025 quadram
910 948 1013 1025 pedes,
1032 945 1160 1026 quadra-

155 1038 234 1114 ginta
255 1052 310 1114 per
331 1052 427 1134 pram,
451 1034 524 1092 intra
547 1040 661 1092 centum
687 1040 778 1090 erunt.
822 1030 862 1090 Ar
885 1033 910 1089 si
931 1031 1076 1109 quinideni
1102 1048 1158 1109 per

157 1121 264 1193 latera,
294 1120 371 1196 quini
399 1119 427 1175 in
453 1117 548 1178 fronte
570 1117 641 1175 sint:
671 1135 707 1174 ex
729 1116 796 1189 illo,
828 1116 905 1194 quod
930 1116 1157 1194 amplectuntur,

63 1229 65 1233 ·
113 1213 287 1283 44quartam
310 1203 453 1262 deducent
486 1202 589 1261 eodem
621 1200 825 1260 circumducto.
871 1201 901 1259 Si
927 1217 999 1259 vero
1025 1198 1157 1277 porrecti

156 1290 289 1364 utrinque
312 1286 482 1345 undeviceni
504 1285 626 1362 singulis
646 1284 768 1358 distent,
791 1301 848 1342 non
870 1283 972 1361 plures,
987 1286 1062 1343 intus
1086 1300 1156 1360 qua·

157 1373 256 1432 dratos
278 1369 438 1443 habebunt,
467 1388 551 1448 quam
573 1387 627 1447 per
648 1377 718 1445 quot
743 1367 892 1444 longitudo
916 1369 1050 1435 ducatum
1080 1384 1158 1444 quae

78 1482 85 1501 ι
158 1453 317 1515 circumibit
335 1463 430 1514 autem
452 1454 544 1529 linea,
567 1453 697 1512 eiusdem
712 1454 798 1530 spatii
817 1454 886 1526 erit,
909 1455 989 1511 cuius
1009 1471 1054 1525 ea,
1079 1467 1157 1527 quae

158 1548 272 1608 centum
296 1539 432 1597 continet.
471 1537 514 1598 lta
536 1536 674 1615 quidquid
695 1535 805 1595 iormae
829 1536 958 1615 quadrati
980 1536 1155 1607 detraxeris,

115 1640 149 1693 45
158 1621 335 1700 amplitudini
357 1639 473 1699 quoque
493 1621 608 1700 peribit.
653 1619 732 1696 Ergo
756 1624 842 1680 etiam
865 1620 892 1679 id
910 1621 973 1679 lieri
994 1628 1104 1699 potest,
1126 1625 1157 1676 ut

157 1705 411 1770 maioreOircuitu
441 1707 533 1764 minor
561 1705 620 1764 loci
648 1705 805 1781 amplitudo
836 1704 975 1763 cludatur.
1020 1703 1102 1763 Haec
1128 1703 1156 1759 in

158 1791 260 1870 planis.
306 1790 377 1849 Nam
403 1791 432 1848 in
460 1790 585 1849 collibus
606 1788 788 1866 vallibusque
812 1789 897 1848 etiam
918 1788 1051 1865 imperito
1074 1794 1157 1865 patet

114 1875 223 1953 4aplus
243 1874 299 1935 soli
318 1893 385 1933 esse
408 1891 493 1952 quam
510 1873 603 1942 coeli.
650 1870 744 1946 Quid?
768 1874 845 1951 quod
861 1890 894 1930 se
913 1871 1013 1932 eadem
1035 1888 1155 1949 geome-

157 1961 211 2021 tria
233 1960 308 2020 tollit
330 1960 365 2019 ad
387 1960 527 2018 rationem
545 1976 639 2035 usque
661 1954 777 2016 mundi?
802 1958 918 2035 inqua,
943 1969 1007 2016 curn
1028 1956 1156 2016 siderum

157 2054 255 2105 certos
280 2046 512 2121 constitutosque
535 2061 637 2102 cursus
659 2042 783 2100 numeris
804 2041 904 2116 docet,
928 2041 1063 2101 discimus
1086 2038 1155 2098 nibil

157 2148 225 2188 esse
247 2128 435 2187 inordinatum
453 2137 539 2205 atque
565 2126 726 2193 iortuitum;
750 2126 827 2204 quod
844 2128 936 2204 ipsum
955 2124 1156 2202 nonnunquam

115 2227 149 2282 47
157 2215 303 2290 pertinere
320 2211 355 2270 ad
375 2220 520 2270 oratorem
536 2218 646 2289 potest
679 2210 725 2270 An
740 2228 829 2285 vero,
848 2228 911 2268 cum
923 2209 1054 2269 Pericles
1064 2207 1155 2267 Athe·

157 2297 272 2355 nicases
294 2295 366 2353 solis
390 2293 594 2354 obscuratione
618 2297 735 2354 territos
762 2294 881 2354 redditis
907 2296 968 2352 eius
992 2295 1035 2352 rei
1059 2293 1156 2351 causis

60 2428 63 2439 ,
156 2389 234 2439 metu
255 2379 403 2446 liberavit;
426 2388 473 2440 aut
494 2397 559 2438 cum
577 2378 723 2455 Sulpicius
745 2377 796 2437 ille
814 2377 936 2437 Gallus
928 2396 957 2436 nn
978 2374 1154 2436 exercituin

156 2462 248 2524 Paulli
270 2464 307 2523 de
329 2463 414 2522 lunae
436 2462 602 2522 deiectione
624 2463 775 2537 disseruit
798 2481 834 2521 ne
854 2462 935 2533 velut
956 2448 1091 2540 prodigio
1115 2460 1156 2518 di-

156 2549 260 2607 vinitus
282 2547 361 2607 iacto
388 2547 506 2606 militum
533 2547 618 2606 animi
646 2555 842 2621 terrerentur,
869 2563 926 2604 non
950 2546 1064 2605 videtur
1086 2561 1156 2602 usus

114 2648 225 2702 ssesse
251 2633 375 2691 oratoris
404 2626 524 2691 officio?
568 2630 653 2704 Quod
682 2632 706 2689 si
733 2629 868 2689 Nicias'
860 2649 889 2689 ιιι
910 2630 1010 2690 Sicilia
1037 2629 1156 2701 scisset,

156 2733 214 2776 non
232 2717 335 2777 eodem
353 2715 490 2775 confusus
506 2724 584 2776 metu
601 2714 825 2792 pulcherrimum
836 2713 1053 2773 Atheniensium
1070 2729 1157 2770 exer·

156 2802 243 2860 citum
270 2800 461 2878 prodidisset;
490 2800 565 2858 sicut
591 2798 683 2874 Dion,
713 2817 777 2857 cum
802 2798 837 2858 ad
861 2798 1063 2858 destruendam
1085 2795 1156 2855 Dio·

156 2885 230 2958 nysii
252 2884 430 2959 tyrannidem
453 2885 547 2957 vemt,
571 2900 629 2941 non
651 2891 697 2941 est
718 2883 767 2942 tali
790 2900 859 2941 casu
882 2883 1048 2955 deterritus.
1093 2880 1158 2938 Sint

156 2977 238 3028 extra
262 2969 332 3029 licet
355 2987 424 3028 usus
449 2966 559 3043 bellici,
587 2977 842 3044 transeamusque,
866 2966 943 3043 quod
965 2962 1157 3025 Archimedes

115 3065 227 3120 tonnus
248 3052 430 3112 obsidionem
453 3053 660 3126 Syracusarum
686 3054 713 3110 in
736 3051 850 3127 longius
872 3052 974 3111 traxit:
1003 3049 1073 3109 illud
1102 3049 1157 3106 uti·

158 3154 214 3214 que
229 3137 284 3195 iam
299 3139 447 3215 proprium
470 3135 506 3194 ad
520 3136 702 3195 efficiendum
721 3136 797 3213 quod
818 3136 999 3208 intendimus,
1018 3134 1156 3212 plurimas

157 3223 361 3298 quaestiones,
389 3220 493 3299 quibus
515 3219 663 3281 difficilior
689 3219 745 3279 alia
774 3222 887 3279 ratione
916 3219 1074 3296 explicatio
1099 3224 1155 3290 est,

156 3313 187 3363 ut
209 3304 246 3363 de
265 3307 376 3364 ratione
399 3303 559 3378 dividendi,
582 3304 618 3363 de
642 3305 774 3363 sectione
798 3306 827 3362 in
848 3304 995 3376 infinitum,
1018 3302 1054 3361 de
1077 3300 1155 3360 cele·

156 3390 241 3449 ritate
264 3389 411 3465 augenda,
432 3386 588 3447 linearibus
614 3387 672 3446 illis
701 3388 918 3465 probationibus
942 3386 1017 3446 solvi
1041 3386 1155 3448 solere:

156 3481 198 3552 ut,
220 3476 244 3534 si
268 3483 312 3534 est
334 3474 443 3533 oratori
473 3471 571 3549 (quod
595 3473 743 3552 proximus
766 3471 975 3532 demonstrabit
997 3469 1094 3549 liber)
1118 3468 1156 3528 de
