2434 3925
174 182 212 246 18
498 195 855 256 remuneraturum

173 352 287 431 quidem
299 351 355 412 hac
371 350 578 427 castigatione,
597 351 623 409 si
640 349 772 409 assiduus
787 346 1082 409 studiorom‘exactor
1096 353 1183 411 asti-

129 446 163 501 15
171 438 247 495 terit.
287 434 369 494 Nunc
383 435 447 494 fere
466 434 643 511 negligentia
657 434 893 511 paedagogomm
905 435 949 492 sic
964 432 1109 494 emendari
1122 437 1183 495 vi·

172 519 271 595 detur,
291 527 323 578 ut
342 520 424 597 pueri
440 535 496 578 non
512 518 628 593 facere,
650 535 724 595 quae
733 526 820 578 recta
839 526 920 592 sunt,
940 526 1082 593 cogantur
1100 518 1181 593 sed,

172 621 237 662 cum
254 620 312 661 non
333 602 470 678 feceriut,
490 604 650 680 puniantur.
691 601 835 701 Denique·
845 618 908 660 cum
929 601 1079 678 parvulum
1099 620 1181 661 ver·

172 685 289 746 berillus
306 687 456 786 coegeris,
473 686 564 765 quid
555 703 651 744 iuveni
643 684 771 760 facias,
789 685 835 744 cui
851 701 907 743 uec
921 684 1050 744 adhiberi
1065 695 1182 763 potest

129 779 164 833 16
171 770 218 830 huc
230 778 322 856 metps
338 779 368 829 et
381 772 489 830 maiora
504 768 641 830 discenda
656 766 743 828 sunt?
769 767 864 843 Adde,
880 770 957 846 quod
972 768 1060 827 multa
1074 788 1178 847 vapu-

173 830 300 914 lantibus
311 855 388 914 dictu
403 853 543 914 deformia
560 862 590 912 ct
602 869 670 912 mor
684 853 878 913 uerecundiae
895 852 990 911 futura
1006 869 1096 930 saepe
1114 854 1177 913 do·

172 930 236 997 lore
251 938 299 997 vel
312 948 388 998 metu
406 938 582 1013 acciderunt,
597 955 646 1014 qur
639 937 754 1015 'pudor
768 938 873 1012 frangit
888 938 1008 995 animum
1023 945 1053 995 et
1066 937 1179 997 abiicit

129 1028 163 1085 ll
171 1023 282 1099 atque
273 1024 364 1100 ipsius
384 1022 458 1081 lucis
474 1022 569 1098 fugam
585 1029 614 1081 et
631 1021 754 1080 taedium
775 1021 873 1080 dictat
911 1020 969 1079 Iam
989 1020 1014 1078 si
1028 1022 1123 1079 minor
1138 1024 1176 1081 in

170 1105 333 1183 deligendis
360 1105 510 1166 custodum
533 1105 582 1164 vel
604 1109 828 1183 praeceptorum
852 1104 979 1163 moribus
1005 1105 1058 1164 fuit
1083 1123 1174 1180 cura,

170 1190 259 1289 pudet
274 1190 389 1264 dicere,
408 1191 436 1250 in
456 1207 530 1268 quae
545 1188 652 1267 probra
666 1188 781 1248 nefandi
802 1188 932 1246 homines
947 1189 1003 1247 isto
1024 1189 1174 1249 caedendi

170 1275 232 1332 iure
247 1273 413 1349 abutantur,
436 1291 519 1352 quam
540 1273 589 1333 det
602 1273 668 1332 aliis
687 1289 802 1350 quoque
816 1289 1016 1349 nonnunquam
1032 1267 1172 1331 occasio·

170 1374 235 1415 nem
256 1357 303 1416 hic
324 1358 493 1417 miserorum
502 1366 612 1416 metus.
647 1356 712 1416 Non
733 1354 892 1415 morabor
882 1374 911 1415 ιιι
930 1365 1012 1433 parte
1031 1356 1102 1424 hac;
1123 1359 1171 1416 ui·

170 1441 255 1499 mium
270 1449 314 1500 est
336 1441 412 1518 quod
432 1441 610 1518 intelligitur.
643 1440 739 1514 Quare
760 1440 817 1499 hoc
838 1439 946 1500 dixisse
963 1441 1033 1500 satis
1054 1449 1114 1508 est;
1138 1443 1170 1499 in

171 1532 294 1586 aetatem
310 1524 447 1584 infirmam
469 1527 520 1584 et
512 1526 631 1583 iniuriae
653 1524 806 1585 obnoxiam
826 1526 929 1583 nemini
945 1523 1032 1583 debet
1050 1525 1169 1584 nimium

129 1610 164 1666 18
171 1608 272 1668 lucere
307 1609 389 1668 Nunc
410 1608 512 1687 quihus
534 1609 724 1668 instituendus
740 1610 776 1667 sit
791 1608 914 1683 artibus,
937 1609 985 1686 qui
1000 1609 1043 1667 sic
1059 1608 1168 1667 forma·

132 1691 262 1768 bitur,
287 1701 318 1752 ut
339 1692 401 1754 fieri
418 1695 512 1771 possit
534 1701 648 1769 orator,
674 1701 704 1753 et
726 1709 801 1771 quae
822 1695 851 1752 in
870 1709 983 1771 quaque
1005 1695 1132 1752 aetate'
1123 1712 1167 1751 ru·

171 1775 315 1852 ohoanda,
334 1776 433 1838 dicere
452 1777 606 1855 ingrediar.

520 1930 564 1982 DE
583 1929 810 1982 autumantes.

253 2027 302 2088 lv.
346 2028 455 2089 Primus
475 2030 504 2088 in
529 2047 583 2106 eo,
610 2032 659 2108 qui
679 2030 825 2089 scribendi
846 2027 1021 2108 legendique
1041 2028 1166 2108 adeptus

170 2114 224 2172 erit
245 2113 428 2188 facultatem,
452 2114 701 2189 grammaticis
723 2123 769 2173 est
789 2114 883 2173 locus.
916 2112 980 2174 Nec
1002 2113 1110 2190 refert,
1127 2115 1165 2174 de

170 2196 283 2256 Graeco
305 2214 340 2255 an
355 2196 392 2255 de
406 2196 506 2257 Latino
528 2196 650 2278 loquar,
673 2215 832 2276 quanquam
848 2196 988 2257 Graecum
1003 2216 1070 2258 esse
1085 2199 1163 2276 prio·
1190 2215 1194 2221 ·

145 2294 231 2346 prem
245 2278 351 2357 placet.
388 2278 509 2357 Utrique
531 2281 632 2340 eadem
652 2283 698 2340 via
719 2290 774 2341 est.
805 2281 885 2341 Haec
902 2284 988 2358 igitur
1003 2281 1163 2360 professio,

171 2379 234 2423 cum
249 2362 418 2422 brevissime
433 2365 461 2423 iu
483 2364 552 2423 duas
566 2375 664 2443 partes
681 2366 837 2440 dividatur,
856 2375 961 2425 recte
984 2366 1165 2443 loquendi

170 2448 319 2506 scientiam
346 2455 375 2506 et
405 2456 596 2526 poetarum
623 2451 914 2525 enarrationem,
941 2450 1007 2529 plus
1027 2449 1115 2510 hahet
1135 2452 1165 2509 in

145 2546 289 2599 arscessu
311 2549 394 2610 quam
409 2533 503 2592 fronte
519 2535 674 2611 promittat.
709 2532 781 2594 Nam
804 2543 834 2593 et
856 2533 1047 2595 scribendi
1064 2535 1163 2594 ratio

169 2617 321 2675 coniuncta
350 2633 413 2675 cum
444 2617 589 2695 loquendo
620 2626 679 2693 est,
717 2627 746 2677 et
777 2620 987 2678 enarrationem
1015 2618 1164 2697 praecedit

169 2694 358 2759 emendata
379 2700 517 2777 lectio,
536 2711 565 2760 et
579 2703 696 2761 mixtum
710 2702 755 2760 his
771 2701 900 2761 omnihus
915 2703 1085 2762 iudicium
1102 2711 1162 2769 est;

170 2799 226 2861 quo
248 2784 362 2861 quidem
382 2786 420 2843 ita
435 2803 541 2844 severe
555 2794 626 2845 sunt
646 2787 690 2845 usi
709 2795 827 2846 veteres
847 2789 1040 2864 grammatici,
1061 2794 1165 2845 utnon

89 2886 93 2905 =
168 2885 271 2926 versus
286 2868 372 2927 modo
395 2872 528 2928 censoria
548 2868 673 2947 quadam
687 2870 800 2947 virgula
817 2880 918 2939 notare
933 2879 963 2929 et
985 2870 1093 2944 lihros,
1115 2873 1164 2948 qui

168 2950 244 3010 falso
265 2952 431 3012 viderentur
451 2954 596 3032 inseripti,
616 2963 748 3031 tanquam
768 2953 899 3014 subditos
920 2971 1102 3014 summovere
1120 2954 1163 3014 fa·

169 3034 245 3094 milia
261 3037 443 3137 permiserint
457 3037 527 3113 sibi,
548 3038 601 3097 sed
616 3047 750 3098 auctores
766 3038 839 3097 alios
854 3040 883 3097 iu
898 3039 1027 3098 ordinem
1040 3038 1164 3114 redege-

144 3119 225 3178 4rint
239 3119 312 3178 alios
326 3123 438 3180 omnino
455 3124 614 3181 exemerint
624 3139 752 3181 numero.
775 3120 838 3182 Nec
852 3131 955 3201 poetas
972 3123 1081 3199 legisse
1094 3125 1165 3182 satis

171 3210 229 3270 est;
253 3204 453 3264 excutiendum
469 3222 552 3265 omne
568 3207 741 3284 scriptomm
758 3224 850 3282 genus
865 3223 924 3265 non
938 3217 1060 3284 propter
1073 3206 1165 3265 histo·

168 3286 226 3347 rias
244 3288 331 3347 modo
350 3288 402 3347 sed
417 3289 523 3365 verba,
542 3308 617 3367 quae
634 3291 831 3368 frequenter
822 3309 866 3350 rus
885 3291 921 3350 ab
936 3291 1102 3350 auctoribus
1116 3309 1165 3350 su·

169 3379 257 3430 munt.
299 3371 369 3430 Tum
395 3391 490 3450 neque
514 3374 584 3432 citra
609 3376 737 3433 musicen
763 3376 947 3451 grammatice
973 3383 1165 3453 potestesse

168 3456 313 3535 perfecta,
333 3473 396 3517 cum
409 3457 488 3517 eide
502 3460 600 3517 metris
615 3457 812 3536 rhythmisque
827 3458 978 3519 dicendum
994 3460 1041 3537 sit,
1058 3477 1123 3536 nec,
1138 3461 1164 3519 si
