2434 3925
161 234 219 297 106
470 244 833 306 humamanam

155 404 258 464 studiis
273 420 357 481 qoam
372 401 494 462 dulcior.
535 399 610 474 Quin
626 403 710 459 etiam
726 399 783 459 hoo
798 400 903 476 timeo,
929 419 966 460 ne
988 419 1026 460 ex
1044 420 1081 461 eo
1098 405 1149 462 mi·

155 505 255 547 norem
271 490 391 563 gratiam
406 489 492 558 ineat,
511 484 587 563 quod
603 485 744 563 pleraque
759 501 816 543 non
834 486 948 545 inventa
964 503 1018 563 per
1033 504 1079 545 me
1096 486 1149 546 sed

156 571 192 631 alr
209 571 272 630 aliis
287 571 389 630 tradita
406 568 579 636 continebit;
596 567 702 628 haheat
717 569 801 627 etiam
817 568 966 646 quosdam,
983 572 1031 647 qui
1048 581 1149 630 contra

156 658 278 715 sentiant
301 663 331 713 et
351 655 558 732 adversentur,
582 661 741 730 propterea
763 652 841 730 quod
863 651 976 730 plurimi
1001 663 1147 729 auctores,

91 745 97 780 l
156 737 404 817 quamviseodem
427 737 593 811 tenderent,
621 736 750 796 diversas
773 744 867 795 tamen
885 738 947 795 vias
970 740 1150 797 muniverunt

128 833 243 902 fiatque
266 824 395 882 insuam
418 823 541 900 quisque
569 820 678 880 induxit
700 829 869 898 sequentes.
905 818 950 880 Illi
971 830 1065 881 autern
1081 839 1148 900 pro-

155 907 225 967 bant
252 906 454 985 qualecunque
477 904 601 982 ingressi
623 913 688 963 sunt
707 906 780 979 iter,
809 922 865 963 neo
885 904 972 963 laoile
990 905 1148 966 inculcatas

156 992 253 1069 pueris
268 991 473 1069 persuasiones
491 990 663 1064 mutaveris,
687 990 752 1067 quia
765 1005 848 1047 nemo
866 1005 923 1047 non
938 988 1073 1048 didicisse
1091 1008 1148 1048 ma·

128 1074 216 1137 ivult
231 1092 314 1152 quam
330 1065 453 1133 discere.
488 1071 541 1131 Est
564 1082 675 1146 autern,
695 1080 726 1131 ut
746 1072 925 1150 procedente
940 1070 1014 1131 lihro
1028 1073 1147 1150 patebit,

155 1158 262 1217 inlicita
278 1158 420 1217 dissensio
435 1166 598 1231 auctorum,
621 1157 713 1234 primo
734 1156 769 1216 ad
793 1173 843 1231 ea,
867 1174 941 1235 quae
962 1157 1148 1234 radiantque

156 1241 325 1319 imperfecta
341 1241 433 1301 adhuc
448 1248 549 1318 erant,
574 1239 774 1300 adiicientibus
790 1240 867 1318 quod
882 1243 1058 1300 invenissent
1077 1243 1149 1318 soriss

155 1325 302 1404 ptorihus,
317 1342 401 1401 mox,
419 1323 451 1384 'ut
465 1323 571 1403 aliquid
586 1326 630 1384 sui
643 1324 809 1384 viderentur
825 1324 947 1401 afferre,
969 1326 1053 1384 etiam
1068 1334 1150 1384 recta

156 1408 336 1468 mutantibus.

130 1503 148 1557 8
243 1492 314 1552 Nam
329 1494 435 1571 primus
448 1501 515 1571 post
532 1509 595 1567 eos,
613 1508 685 1569 quos
701 1500 807 1569 poetae
822 1491 1008 1568 tradiderunt,
1023 1494 1150 1551 movisse

157 1577 253 1654 aliqua
275 1578 352 1637 circa
376 1576 540 1636 rhetoricen
560 1575 755 1654 Empedocles
775 1576 887 1636 dicitur.
923 1575 1032 1636 Artium
1055 1585 1151 1635 autem

158 1662 316 1740 scriptores
332 1661 517 1737 antiquissimi
537 1658 633 1719 Corax
655 1669 683 1718 et
704 1658 796 1719 Tisias
813 1661 919 1736 Siculi,
942 1677 1015 1739 quos
1036 1661 1150 1718 insecu-

158 1754 203 1804 tus
220 1754 264 1804 est
277 1747 322 1804 vir
339 1744 467 1804 eiusdem
487 1743 598 1803 insulae
618 1742 740 1820 Gorgias
759 1742 929 1820 Leontinos,
950 1744 1149 1823 Empedoclis,

129 1838 187 1893 ilat
201 1830 331 1904 traditur,
347 1828 515 1907 discipulus.
547 1827 575 1886 ls
592 1826 735 1887 beneficio
752 1827 936 1904 longissimae
952 1830 1053 1888 aetatis
1070 1827 1151 1905 (nam

105 1985 107 1990 Ι
158 1922 271 1974 centum
288 1922 317 1974 et
333 1930 436 1973 novem
450 1914 521 1973 vixit
536 1915 641 1992 annos)
657 1930 719 1972 cum
736 1911 830 1973 multis
848 1911 931 1973 simul
947 1912 1052 1988 floruit,
1069 1912 1149 1972 idco·

157 2017 213 2077 que
230 2008 259 2058 et
277 1999 405 2073 illorum,
426 1998 462 2057 de
486 1996 588 2075 quihus
604 2014 691 2075 supra
709 1995 784 2067 dixi,
805 1996 857 2056 luit
877 1997 1004 2058 aemulus
1026 2005 1054 2055 et
1075 1996 1150 2055 ultra

117 2085 297 2146 lOSocraten
319 2100 410 2159 usque
432 2081 551 2140 duravit.
594 2080 823 2155 Thrasymachus
845 2079 1056 2142 Chalcedonius
1086 2098 1151 2139 oum

158 2167 215 2248 huc
231 2175 260 2225 et
274 2166 413 2226 Prodicus
431 2163 498 2224 Cius
518 2173 547 2224 et
562 2164 717 2224 Abderites
733 2164 924 2241 Protagoras,
945 2183 960 2224 a
976 2181 1033 2242 quo
1048 2163 1151 2223 decem

126 2313 129 2316 ,
156 2250 457 2309 milibusdenariorum
464 2248 598 2308 didicisse
606 2258 707 2323 artem,
723 2258 806 2326 quam
814 2249 912 2324 edidit,
928 2247 1067 2308 Euathlus
1079 2248 1150 2307 dici·

156 2342 211 2408 tur,
227 2342 256 2391 et
271 2332 389 2410 llippias
405 2332 494 2391 Eleus
509 2341 548 2407 et,
564 2351 649 2412 quern
664 2332 834 2392 Palameden
848 2331 929 2392 Plato
945 2332 1083 2410 appellat,
1098 2330 1138 2390 Al

116 2415 411 2478 ilcidamasElaites.
440 2416 586 2494 Antiphon
593 2434 708 2495 quoque
717 2424 746 2475 et
761 2419 920 2476 orationem
936 2418 1043 2494 primus
1060 2417 1150 2473 omni·

156 2519 202 2560 um
218 2503 335 2579 scripsit
352 2510 381 2560 et
400 2500 487 2560 nihilo
507 2503 598 2560 minus
617 2499 718 2559 Artem
739 2509 768 2559 et
789 2502 854 2578 ipse
875 2501 1037 2578 composuit
1051 2507 1081 2558 et
1094 2515 1151 2576 pro

156 2603 189 2644 se
203 2584 312 2644 dixisse
329 2587 435 2663 optime
451 2583 496 2643 esl
514 2584 655 2651 creditus;
672 2586 755 2643 etiam
770 2583 955 2659 Polycrates,
975 2600 1063 2661 aquo
1079 2584 1152 2641 scri·

156 2678 232 2746 ptam
248 2670 276 2728 in
291 2668 432 2729 Socraten
446 2668 565 2729 diximus
582 2670 751 2743 orationem,
766 2676 795 2727 et
810 2668 980 2728 Theodorus
996 2666 1152 2742 Byzantius

116 2761 193 2813 ltex
218 2752 262 2811 his
288 2762 316 2812 et
338 2755 417 2831 ipse,
439 2769 511 2830 quos
529 2751 612 2812 Plato
628 2752 756 2831 appellat
776 2746 1011 2831 loyodcrdc'loug.
1042 2749 1153 2809 Horum

156 2838 238 2915 primi
265 2853 427 2897 communes
450 2837 532 2895 locos
554 2845 696 2896 tractasse
718 2836 849 2896 dicuntur
865 2834 1056 2912 Protagoras,
1078 2833 1152 2893 Gor·

156 2922 244 2996 giasr
267 2921 386 2980 allectus
413 2919 551 2980 Prodicus
577 2930 606 2979 et
626 2920 745 2998 Hippias
774 2929 803 2979 et
827 2919 901 2979 idern
920 2919 1095 2995 Protagoras
1123 2926 1153 2977 et

157 3003 397 3080 Thrasymachus.
437 3001 542 3063 Cicero
566 3004 595 3063 in
610 3004 703 3064 ⁴Bruto
732 3011 820 3080 negat
842 3012 907 3063 ante
927 3002 1058 3062 Periclea
1079 3004 1151 3060 scri-

156 3096 235 3166 ptum
255 3088 422 3167 quidquam,
449 3087 526 3165 quod
553 3097 681 3147 ornatum
699 3090 853 3147 oratorium
874 3086 992 3155 haheat;
1021 3087 1083 3145 eius
1098 3084 1151 3145 ali·

156 3189 212 3250 qua
227 3171 308 3231 ferri.
342 3171 484 3250 Equidem
501 3188 558 3231 non
571 3174 689 3248 reperio
705 3172 857 3250 quidquam
871 3180 947 3231 tanta
965 3170 1151 3248 eloquentiae

157 3255 230 3315 lama
251 3255 382 3333 dignum;
411 3255 536 3333 ideoque
558 3257 649 3314 minus
669 3258 758 3315 miror
780 3274 862 3331 esse,
891 3257 940 3333 qui
961 3253 1030 3313 nihil
1054 3252 1090 3312 ah
1113 3269 1150 3312 eo

156 3342 293 3418 scriptum
315 3348 431 3417 putent,
452 3339 525 3399 haec
540 3348 652 3415 autern,
677 3357 750 3417 quae
771 3339 915 3415 feruntur,
940 3338 976 3398 ah
996 3337 1059 3397 aliis
1082 3354 1150 3396 esse

157 3425 326 3503 composita.
369 3423 420 3482 llis
439 3440 612 3484 successere
633 3423 727 3498 molti,
756 3422 808 3483 sed
829 3423 1003 3482 clarissimus
1025 3421 1151 3497 Gorgiae

174 3509 316 3570 uditcmm
335 3506 493 3577 Isocratem
525 3525 684 3587 quanquam
708 3508 744 3568 de
771 3517 966 3588 praeceptore
994 3507 1056 3567 eius
1075 3506 1152 3564 inter
