2434 3925
347 238 438 288 rnsr.
450 239 599 288 cetron.
611 242 680 288 cre.
699 242 736 307 x,
748 240 774 292 1.
1003 231 1061 293 165

57 396 267 453 nominaretur.
301 393 390 454 Tanta
407 397 435 454 in
451 411 487 454 eo
505 396 549 454 vis
567 405 627 470 est,
643 395 670 454 id
686 413 821 471 acumen,
844 414 878 456 ea
895 401 1061 475 concitatio,

49 486 91 556 irt
108 478 189 537 illum
205 478 308 537 eodem
320 482 413 538 animo
425 479 544 555 dixisse,
561 497 618 556 quo
629 479 759 554 bellavit,
772 490 924 558 appareat:
942 493 1063 545 exornat

56 572 158 622 tamen
180 561 368 623 haecomnia
391 565 461 622 mira
486 566 642 638 sermonis,
671 566 750 623 cuius
774 567 891 642 proprie
917 567 1063 627 studiosus

44 644 132 721 fuit,-
157 646 311 722 elegautia.
354 645 473 706 Multum
490 649 597 724 ingenii
617 649 646 706 in
669 645 796 706 Caelio
815 657 844 706 et
860 652 1016 728 praecipue
1035 655 1061 712 in
1071 664 1119 717 115

59 731 229 791 accusando
247 730 334 790 multa
356 731 512 807 urbanitas,
529 731 690 809 dignusque
706 734 750 789 vir
764 732 808 790 cui
825 740 945 809 etmens
960 736 1063 795 melior

59 825 91 874 et
109 816 168 873 vita
184 815 299 890 longior
314 817 493 891 contigisset.
532 814 630 874 lnvenf
647 816 694 893 qui
716 813 867 874 Calvum
882 818 1063 894 praeferrent

58 897 207 973 omnibus,
223 901 319 957 inveni
336 901 382 976 qui
400 897 534 958 Ciceroni
549 899 717 974 crederent,
735 918 798 958 eum
813 902 897 961 nimia
915 911 1014 963 contra
1029 923 1062 963 se

59 982 204 1043 calumnia
221 988 320 1041 rernm
335 984 501 1058 sanguinem
523 983 699 1062 perdidisse;
724 985 775 1043 sed
797 992 841 1042 est
863 993 892 1043 ct
913 997 1011 1048 sancta
1034 997 1063 1047 et

59 1068 162 1144 gravis
184 1069 276 1126 oratio
302 1076 331 1125 et
352 1066 494 1126 custodita
515 1076 544 1126 et
563 1068 733 1144 frequenter
752 1068 909 1127 vehemens
934 1089 1061 1150 qnoque.

59 1149 192 1210 imitator
213 1160 306 1209 autem
329 1160 374 1209 est
394 1150 572 1227 Atticorum,
598 1152 726 1229 fecitque
746 1151 789 1211 illi
808 1164 963 1231 properata
985 1173 1062 1215 mors

59 1235 202 1309 iniuriam,
219 1237 243 1293 si
261 1234 327 1311 quid
341 1233 504 1296 adiecturus
520 1235 590 1311 sibi,
605 1253 663 1294 non
678 1237 703 1295 si
720 1235 786 1315 qnid
803 1236 981 1297 detracturus
1000 1240 1061 1299 fuit.

60 1317 100 1378 Et
118 1319 277 1377 Servius
300 1318 489 1396 Sulpicius
512 1321 652 1398 insignem
668 1337 724 1379 non
741 1323 880 1381 immerito
896 1322 999 1383 famam
1015 1326 1120 1391 tri-116

61 1402 117 1461 bus
132 1402 309 1461 orationibus
325 1404 437 1462 meruit.
469 1402 574 1478 Multa,
596 1407 621 1463 si
637 1423 700 1464 cnm
714 1405 819 1468 iudicio
836 1398 963 1483 legatur,
987 1408 1064 1467 dabit

62 1488 221 1545 imitatione
237 1487 322 1563 digna
342 1486 495 1546 Cassius
516 1488 698 1562 Severus,
722 1491 770 1566 qui
791 1491 816 1548 si
832 1492 938 1550 ceteris
954 1495 1063 1551 virtuti·

62 1569 117 1630 bus
134 1570 263 1630 colorem
276 1580 304 1631 et
315 1573 486 1648 gravitatem
499 1574 637 1631 orationis
648 1572 813 1649 adiecisset,
827 1576 978 1652 ponendus
989 1578 1064 1636 inter

63 1655 239 1734 praecipuos
255 1655 342 1714 foret.
372 1653 444 1714 Nam
460 1664 490 1714 et
505 1657 612 1733 ingenii
623 1655 773 1734 plurimum
785 1667 830 1716 est
844 1659 872 1716 fu
888 1676 924 1718 eo
938 1669 966 1719 et
982 1670 1120 1724 acer-117

63 1737 138 1798 bitas
153 1741 234 1813 mira,
251 1748 281 1798 et
295 1739 440 1798 urbanitas
458 1741 520 1798 eius
533 1757 655 1807 summa:
672 1739 724 1799 sed
740 1740 804 1819 plus
816 1743 965 1803 stomacho
980 1762 1063 1822 quam

64 1822 187 1883 consilio
204 1822 291 1882 dedit.
325 1822 479 1883 Praeterea
496 1833 528 1883 ut
541 1825 629 1884 amari
646 1823 740 1883 sales:
755 1825 794 1884 ita
809 1823 977 1902 frequenter
986 1846 1061 1886 ama·

63 1908 157 1967 ritudo
179 1908 242 1985 ipsa
260 1906 447 1968 ridicula-est.
479 1909 549 1968 Sunt
561 1909 609 1969 alii
619 1908 699 1968 multi
709 1908 821 1985 diserti,
838 1926 912 1987 quos
924 1909 1134 1989 persequilld'

63 1992 179 2068 longum
194 2000 250 2050 est.
290 1991 398 2052 Eorum
422 2009 495 2070 quos
518 1994 639 2053 viderim
658 1993 837 2053 Domitius
854 1994 940 2054 Afer
961 2005 990 2054 et
1005 1996 1062 2056 lu-

65 2076 138 2135 lius
159 2075 361 2136 Africanus
383 2077 471 2154 longe
497 2078 744 2156 praestantissimi.
785 2078 857 2137 Arte
879 2079 929 2139 ille
953 2088 982 2138 et
1001 2088 1063 2139 toto
1086 2099 1091 2134 r

64 2177 172 2235 genere
188 2161 301 2219 dicendi
316 2161 526 2239 praeferendus
543 2172 572 2221 et
588 2180 672 2240 quem
689 2164 851 2221 innumero
867 2172 997 2223 veterum
1014 2163 1063 2224 ba-

64 2244 134 2303 bere
155 2261 211 2302 non
235 2246 350 2312 timeas:
372 2246 420 2305 bic
442 2247 613 2305 concitatior
635 2246 735 2305 sedin
758 2264 826 2306 cura
847 2247 1001 2307 verborum
1023 2250 1063 2307 ni·
1100 2237 1105 2258 '

64 2330 134 2387 mius
152 2337 181 2387 et
197 2330 407 2408 compositione
425 2347 626 2408 nonnunquam
643 2331 758 2408 longior
781 2339 810 2389 et
830 2332 1063 2391 translationibus

64 2431 162 2491 parum
177 2412 318 2472 modicus.
349 2412 439 2474 Erant
457 2414 535 2475 clara
551 2423 580 2473 et
591 2432 683 2493 nuper
698 2416 821 2491 ingenia.
853 2414 890 2475 Et
905 2416 1121 2476 brocha-119

64 2497 123 2557 lus
147 2496 317 2575 plerumque
338 2498 467 2558 sublimis
485 2507 515 2558 et
536 2500 605 2558 satis
624 2508 742 2577 apertus
764 2498 817 2558 fuit
839 2509 868 2560 et
883 2518 968 2578 quem
983 2501 1080 2580 velle

66 2582 171 2659 optima
188 2581 341 2655 crederes,
360 2582 470 2643 auditus
485 2592 579 2643 tamen
594 2586 698 2651 maior;
724 2600 788 2643 nam
812 2593 842 2644 et
855 2587 957 2659 vocis,
974 2602 1061 2662 quan·

64 2674 120 2724 tam
135 2666 162 2723 ln
176 2662 262 2725 nullo
275 2670 410 2743 cognovi,
429 2667 555 2727 felicitas
572 2678 601 2727 et
617 2669 809 2746 pronuntiatio
826 2670 875 2728 vel
892 2670 988 2729 scenis
1003 2668 1062 2727 suf·

65 2747 174 2808 fectura
190 2759 219 2809 et
232 2751 323 2810 decor
338 2753 430 2810 omnia
448 2751 571 2830 deniqne
588 2753 625 2827 ei,
643 2770 716 2830 quae
731 2761 797 2811 suut
806 2762 897 2825 extra,
910 2752 1061 2831 superfue-

66 2841 142 2897 runt:
164 2843 193 2892 et
212 2832 340 2894 Vibius
364 2832 519 2913 Crispus
546 2838 726 2914 compositus
752 2845 781 2895 et
804 2835 942 2895 iucundus
963 2844 992 2895 et
1012 2836 1061 2895 de·

66 2917 211 2976 lactationi
232 2927 331 2994 uatus,
352 2921 472 2996 privatis
488 2928 582 2979 tamen
598 2922 694 2979 causis
710 2937 794 2997 quarn
810 2919 933 2997 publicis
948 2919 1060 2980 melior.

66 2999 155 3059 lulio
182 3001 371 3077 Secundo,
392 3004 417 3061 si
440 3002 556 3080 longior
576 3004 747 3080 contigisset
762 3012 858 3079 aetas,
875 3003 1061 3063 clarissimum
1070 3012 1121 3064 120

67 3084 196 3162 profecto
223 3103 326 3145 nornen
354 3089 478 3146 oratoris
506 3087 581 3165 apud
606 3096 743 3167 posteros
769 3087 854 3146 foret.
898 3087 1064 3148 Adiecisset

69 3169 155 3242 enim,
176 3177 261 3246 atque
278 3170 430 3232 adiiciebat
445 3173 550 3231 ceteris
566 3169 718 3231 virtutibus
736 3172 795 3230 suis
812 3170 888 3249 quod
904 3171 1063 3234 desiderari

67 3260 169 3332 potest.
193 3251 224 3311 ld
237 3261 281 3311 est
292 3262 396 3331 autem,
414 3265 445 3314 ut
461 3264 540 3315 esset
555 3253 747 3331 multomagis
764 3272 893 3334 pugnans
907 3265 935 3315 et
946 3259 1063 3335 saepius

68 3337 102 3396 ad
121 3353 217 3395 curam
237 3354 332 3396 rerum
353 3338 388 3397 ab
412 3339 578 3399 elocutione
601 3340 773 3415 respiceret.
820 3337 955 3400 Ceterum
975 3343 1117 3406 iuter-121

69 3428 166 3499 ceptus
183 3437 300 3498 quoque
316 3438 448 3497 magnum
462 3422 518 3482 sibi
530 3423 657 3482 vindicat
672 3422 784 3497 lacerna
806 3441 839 3483 ea
858 3433 904 3482 est
918 3424 1060 3498 facundia,

67 3513 139 3565 tanta
154 3505 183 3565 in
199 3504 372 3584 explicando
391 3506 467 3584 quod
483 3506 553 3566 ielit
568 3508 679 3584 gratia,
706 3515 763 3566 tam
783 3508 933 3569 candidum
949 3516 978 3567 et
994 3508 1060 3568 lene
