2434 3925
149 189 190 251 40
465 198 827 258 mrumomuururuur

149 376 242 435 usque
271 357 306 420 sd
328 356 447 416 Accium
470 364 499 414 et
524 354 600 414 ultra
624 352 1085 432 porrectassyllabasgemiuis,
1111 365 1152 416 ut

107 442 223 516 rediri,
251 440 402 500 vocalibus
429 442 618 517 scripserunt.
656 437 769 497 Diutius
792 437 918 512 duravit,
948 447 978 497 ut
999 438 1024 497 Il
1045 438 1058 498 Ι
1079 440 1143 498 iun-

148 526 250 603 gendis
272 524 372 584 eadem
393 526 504 584 ratione
526 540 582 600 qua
604 520 708 581 Graeci
730 542 755 581 ει
775 530 937 589 uterentur;
968 541 1003 581 ea
1024 522 1144 582 casibus

147 609 331 686 numerisque
349 608 473 668 discreta
493 616 554 682 est,
576 613 606 664 ut
623 605 747 665 Lucilius
763 608 919 684 praecipit:
948 603 1015 667 lam
1031 609 1146 685 puerei

147 711 269 769 neuere,
285 689 313 751 Ε
327 701 511 771 postremum
525 691 622 769 facito
634 698 725 768 atque
736 688 763 767 l,
779 688 816 749 Ut
825 691 916 767 pueri
927 691 1034 767 piures
1043 690 1143 769 piant,-

148 795 183 837 ac
204 777 340 854 deinceps
360 777 451 836 idem:
479 773 624 835 Mandaei
641 774 766 852 farique
785 775 885 834 addes
902 770 947 849 E,
971 794 1039 835 cum
1061 776 1145 836 dare

107 865 140 918 16
146 863 228 939 {urei
247 859 388 922 lasseris.
427 858 512 932 Quod
533 859 647 936 quidem
668 875 731 917 cum
751 875 960 935 supervacuum
985 867 1045 933 cst,
1075 862 1144 936 quia

148 945 161 1005 1
178 953 234 1004 tam
247 944 356 1023 longae
374 962 458 1022 quam
475 943 571 1002 brevis
588 950 716 1001 naturam
732 942 834 1014 babet,
856 951 913 1001 tum
931 942 1144 1002 incommodum

148 1028 310 1106 aliquando.
345 1027 417 1088 Nam
437 1030 466 1086 in
486 1029 537 1101 iis,
566 1045 640 1104 quae
661 1028 818 1104 prorumarn
839 1024 874 1084 ab
897 1026 993 1086 ultima
1015 1027 1144 1086 litteram

147 1109 339 1172 Ebab'ebunt
366 1121 396 1173 et
414 1110 434 1171 I
454 1112 540 1188 longa
565 1109 804 1185 terminabuntur,
832 1110 910 1169 illam
930 1112 1071 1170 rationem
1093 1128 1142 1169 se·

148 1206 269 1274 quentes
291 1206 403 1256 utemur
419 1192 448 1254 Ε
463 1197 589 1273 gemina,
613 1193 708 1273 qualia
729 1202 794 1254 suut
814 1193 888 1254 baec
904 1197 1007 1271 aurei,
1028 1214 1143 1272 arpen·

107 1283 187 1341 litei
210 1279 304 1339 ethis
326 1280 437 1339 similia.
480 1279 569 1358 quue
592 1281 627 1338 iis
652 1280 828 1357 praecipue,
854 1280 901 1356 qui
927 1279 1144 1338 adlectionem

148 1364 346 1439 instituentur,
369 1365 454 1423 etiam
471 1363 673 1441 impedimento
692 1366 761 1432 erit;
784 1364 858 1422 sicut
875 1364 903 1421 iu
921 1363 1040 1423 Graecis
1061 1364 1141 1422 acci·

149 1448 189 1507 dit
206 1447 368 1507 adiectione
388 1470 398 1507 ι
414 1447 544 1521 litterae,
567 1465 650 1525 quam
667 1464 724 1506 uon
745 1447 837 1506 solum
859 1446 960 1506 dativis
980 1446 1096 1506 casibus
1112 1448 1143 1506 in

147 1540 230 1609 parte
252 1532 349 1591 ultima
368 1530 512 1591 ascribunt
531 1532 584 1592 sed
601 1532 768 1611 quibusdam
785 1534 869 1590 etiam
887 1533 1087 1608 interponunt,
1110 1538 1144 1589 ut

148 1616 176 1673 in
196 1618 393 1691 ΛΗΙΣΤΗΙ,
422 1618 488 1693 quia
509 1616 684 1693 etymologia
707 1635 745 1676 ex
765 1616 906 1675 divisione
927 1617 956 1674 iu
976 1617 1028 1674 tris
1049 1614 1140 1689 sylla-

77 1745 80 1764 .
107 1697 200 1759 lebas
222 1700 298 1760 iacta
318 1698 464 1758 desideret
486 1717 549 1760 eam
570 1700 703 1760 litteram.
741 1697 786 1761 Ae
807 1698 965 1774 syllabam,
989 1700 1070 1758 cuius
1093 1717 1140 1757 se-

148 1783 267 1843 cundem
288 1801 362 1842 nunc
379 1783 413 1844 Ε
429 1784 552 1843 litteram
573 1786 722 1862 ponimus,
745 1786 824 1843 varie
844 1780 938 1861 perA
956 1792 984 1842 et
1000 1782 1018 1842 l
1034 1782 1141 1842 elfere·

147 1867 228 1937 baut;
251 1867 363 1945 quidam
379 1886 495 1945 semper
512 1877 541 1926 ut
559 1866 677 1943 Graeci,
695 1868 807 1945 quidam
824 1867 1007 1944 singulariter
1021 1875 1141 1941 tantum,

148 1971 211 2012 cum
232 1953 260 2012 in
282 1945 404 2013 dativum
425 1952 473 2012 vel
495 1953 651 2029 genitivum
673 1971 769 2012 casum
788 1951 971 2027 incidissent,
993 1950 1069 2010 unde
1088 1952 1139 2028 pi-

148 2039 210 2098 ctai
229 2039 322 2098 vestis
343 2045 372 2096 et
392 2039 489 2115 aquai
503 2037 651 2114 Vergilius
673 2038 879 2096 amantissimus
902 2039 1054 2096 vetustatis
1076 2052 1140 2095 car-

106 2129 138 2183 19
146 2121 268 2181 minibus
288 2122 416 2180 inseruit.
455 2118 487 2179 In
503 2121 603 2181 iisdem
621 2120 724 2199 plurali
741 2138 859 2180 numero
876 2121 900 2180 E
919 2118 1086 2194 utebantur,
1109 2119 1142 2178 tu·

147 2202 268 2284 Syllae,
288 2205 413 2266 Galbae.
457 2203 510 2264 Est
531 2207 559 2263 in
580 2204 635 2264 hac
656 2222 772 2282 quoque
792 2214 874 2283 parte
895 2203 995 2264 bucilii
1017 2221 1139 2281 praecev

147 2296 245 2365 ptum,
267 2288 345 2365 quod
367 2290 431 2366 quia
452 2288 581 2366 pluribus
604 2289 765 2366 explicatur
785 2288 933 2363 versibus,
956 2289 980 2346 si
1002 2289 1065 2365 quis
1087 2304 1139 2365 pa·

105 2380 208 2433 torum
227 2372 439 2450 credet,.apud
457 2375 549 2451 ipsum
566 2374 594 2431 iu
613 2389 689 2431 nouo
708 2374 843 2451 requirat.
877 2368 973 2445 Quid?
995 2371 1072 2449 qnod
1091 2369 1139 2429 Ci-

149 2458 263 2515 cerouis
281 2455 457 2533 temporibus
475 2456 647 2535 paulumque
664 2456 753 2531 infra,
776 2456 838 2516 iere
856 2458 987 2534 quotiens
1004 2456 1024 2515 S
1043 2455 1139 2514 littera

146 2540 239 2599 media
257 2540 399 2599 vocalium
421 2539 570 2617 longarum
590 2541 639 2600 vel
660 2540 790 2600 subiecta
813 2540 907 2616 longis
930 2547 1025 2615 esset,
1047 2541 1138 2616 gemi-

146 2623 282 2699 nabatur,
296 2632 326 2683 ut
338 2641 479 2700 caussae,
495 2644 614 2701 corsae,
628 2626 829 2686 diniacioaes?
848 2623 991 2703 quomodo
1005 2632 1034 2682 et
1045 2625 1140 2701 ipsum

104 2719 137 2770 21
147 2718 176 2766 et
189 2707 348 2784 Vergilium
364 2725 481 2785 quoque
501 2710 656 2786 scripsisse
673 2710 771 2768 manus
789 2726 888 2768 eornm
906 2709 1021 2768 docent,
1050 2706 1139 2785 Atqui

146 2790 260 2870 paulurn
278 2792 444 2869 superiores
463 2794 547 2851 etiam
563 2791 650 2867 illud,
673 2793 750 2870 quod
769 2810 822 2852 nos
840 2794 988 2869 geminas
1006 2791 1138 2865 dicimus,

145 2877 238 2951 iussi,
261 2893 315 2934 una
338 2876 478 2936 dixerunt.
511 2875 604 2935 Etiam
625 2879 755 2954 optimas
773 2878 942 2953 mamas,
964 2886 994 2934 ut
1015 2875 1139 2934 mediam

146 2957 159 3018 l
175 2959 313 3033 litteram,
337 2977 410 3037 quae
425 2958 572 3019 veteribus
591 2958 618 3019 U
633 2960 743 3036 iuerat,
766 2962 947 3038 acciperent,
972 2957 1004 3018 G.
1018 2961 1140 3037 primum

104 3040 283 3108 abilaesaris
301 3044 488 3121 inscriptione
509 3043 628 3103 traditur
649 3043 763 3104 iactum.
795 3043 878 3105 Here
898 3062 972 3102 nuuc
994 3042 1018 3102 E
1041 3043 1139 3103 littera

146 3128 343 3201 terminamus,
360 3135 389 3187 at
401 3137 530 3187 veterum
545 3130 719 3187 comicorum
734 3129 826 3188 adhuc
840 3127 920 3188 libris
934 3129 1049 3186 invenio
1062 3124 1140 3186 Heri

145 3210 189 3272 ad
200 3229 246 3271 me
258 3212 356 3279 neait;
375 3212 451 3289 quod
463 3211 538 3270 idem
550 3213 579 3269 in
593 3212 725 3289 epistolis
738 3212 878 3288 Augusti,
898 3230 969 3289 quas
985 3229 1036 3270 sua
1054 3227 1138 3269 manu

103 3303 137 3357 23
145 3295 261 3373 scripsit
279 3302 326 3352 aut
340 3295 516 3370 emendavit,
535 3293 767 3372 deprehenditur.
790 3293 887 3369 Quid?
906 3312 963 3354 uon
976 3292 1047 3355 Cato
1063 3292 1137 3354 Gen·

144 3380 239 3437 sorius
261 3380 364 3439 dicam
382 3379 542 3456 etfaciam
559 3380 658 3439 dicem
672 3387 701 3438 et
716 3380 830 3458 faciem
847 3380 980 3457 scripsit,
1003 3379 1137 3438 eundem·

146 3464 251 3541 quein
273 3463 396 3541 ceteris,
417 3478 490 3541 quae
508 3462 639 3524 similiter
658 3461 777 3540 cadunt,
799 3463 912 3523 modum
932 3465 1039 3538 tenuit,
1061 3460 1138 3541 quod
