2434 3925
178 273 221 341 24
493 257 852 345 numunianum

181 454 260 521 sunt,
284 445 437 508 consistet:
459 442 606 502 doctiores
626 441 714 500 multa
731 440 878 516 adicient,
897 439 945 499 vel
962 440 1020 500 hoc
1037 441 1178 518 primum,

109 529 258 609 8quod
274 529 478 589 barbarismum
497 526 627 604 pluribus
644 525 735 585 modis
754 526 919 602 accipimus.
960 525 1052 584 Unum
1072 530 1178 601 gente,

182 613 276 711 quale
286 613 333 687 lit,
356 613 380 670 si
400 612 463 689 quis
483 610 583 668 Aimm
603 609 652 668 vel
670 609 825 687 llispanum
842 608 967 668 Latinae
977 608 1106 667 orationi
1127 624 1179 667 no·

180 697 245 757 men'
267 697 390 770 inserat,
416 703 446 753 ut
469 693 591 769 ferrum,
618 709 675 770 quo
699 701 781 751 rotae
807 693 983 767 vinciuntur,
1011 692 1069 751 dici
1098 692 1179 751 solet

181 787 308 851 contum·
326 795 484 857 quanquam
503 794 539 835 eo
556 785 688 854 tanquam
705 784 826 854 recepto
844 776 930 834 utitur
944 775 1075 843 Persius,
1101 775 1179 834 sicut

182 861 309 924 Catullus
329 865 492 942 ploxenum
512 862 588 920 circa
607 860 711 921 Padum
732 862 853 934 invenit,
874 869 903 918 et
920 861 948 918 in
969 863 1105 920 oratione
1125 858 1176 918 La

172 946 257 1006 'bieni
276 949 353 1026 (sive
372 947 422 1006 illa
442 943 569 1004 Cornelii
588 943 662 1004 Galli
682 945 772 1021 est)
764 963 792 1003 in
812 943 972 1003 Pollionem
991 962 1114 1005 cosnor
1131 949 1175 1002 as·

168 1040 324 1107 sectator,
349 1029 478 1089 eGallia
502 1028 616 1087 ductum
636 1035 700 1102 est;
721 1044 784 1087 nam
802 1035 1005 1103 mastrucam,
1028 1027 1111 1104 quod
1132 1034 1176 1086 est

156 1115 316 1191 bsardum‚
336 1113 457 1173 irridens
477 1109 582 1171 Cicero
602 1130 640 1171 en
657 1111 794 1170 industria
813 1110 893 1170 dixit
930 1110 1062 1171 Alterum
1079 1127 1175 1187 genus

181 1198 349 1258 barbarismi
373 1197 545 1274 accipimus,
566 1195 644 1273 quod
664 1195 695 1254 lit
715 1196 798 1255 animi
821 1204 936 1269 natura,
958 1204 988 1254 ut
1007 1197 1091 1270 is,a
1116 1210 1174 1273 quo

180 1283 340 1341 insolenter
358 1279 425 1358 quid
444 1288 491 1340 aut
507 1280 656 1339 minaciter
671 1288 719 1339 aut
737 1279 893 1339 crudeliter
910 1280 1014 1339 dictum
1033 1279 1088 1354 sit,
1109 1277 1173 1338 bar

140 1371 174 1422 10
182 1366 252 1424 bare
276 1365 389 1425 locutus
411 1365 596 1423 existimatur.
637 1362 763 1423 Tertium
784 1372 830 1421 est
857 1362 926 1422 illud
947 1365 1043 1422 vitium
1068 1361 1173 1422 barba·

181 1450 275 1524 rismi,
294 1450 373 1507 ouius
390 1446 523 1525 exempla
538 1447 626 1524 vulgo
643 1455 707 1506 sunt
722 1447 856 1525 plurima,
875 1447 929 1507 sibi
945 1449 1029 1506 etiam
1048 1449 1173 1524 quisque

182 1532 292 1610 lingere
308 1540 421 1611 potest,
439 1540 470 1590 ut
486 1530 594 1605 verbo,
615 1533 659 1589 cui
676 1529 792 1605 libebit,
812 1531 926 1591 adiiciat
943 1530 1067 1590 litteram
1083 1530 1171 1605 sylla·

182 1616 283 1675 bamve
297 1616 346 1675 rel
361 1614 500 1689 detrahat,
516 1623 564 1673 aut
578 1614 662 1673 aliam
676 1632 730 1694 pro
742 1614 797 1674 alia
811 1619 860 1674 abt
874 1613 993 1674 eandem
1004 1614 1074 1688 alio,
1087 1631 1171 1691 quam

141 1704 291 1759 llreotum
306 1708 366 1774 est,
380 1699 447 1758 ioco
463 1707 559 1776 ponat.
588 1698 647 1758 Sed
663 1698 775 1776 quidam
789 1699 852 1758 lere
867 1699 895 1757 in
909 1700 1091 1758 iactationem
1107 1716 1171 1757 eru·

182 1783 296 1844 ditionis
311 1801 424 1843 sumere
442 1783 492 1842 illa
506 1801 543 1842 ex
557 1784 652 1860 poetis
670 1782 766 1842 solent
784 1792 813 1842 et
827 1792 976 1858 auctores,
995 1798 1068 1860 quos
1087 1799 1171 1861 prae

184 1867 297 1945 legunt,
324 1868 513 1927 criminantur.
557 1866 640 1926 Scire
664 1874 758 1927 autem
778 1866 865 1927 debet
884 1884 970 1945 puer,
997 1866 1072 1925 haec
1095 1864 1170 1944 apud

183 1954 341 2031 scriptores
363 1954 514 2012 carminum
538 1960 585 2012 aut
608 1952 692 2011 venia
710 1950 796 2029 digna
815 1959 863 2010 aut
882 1952 966 2011 etiam
990 1949 1075 2010 laude
1093 1950 1168 2024 duci,

141 2040 175 2092 12
183 2039 337 2115 potiusque
360 2037 409 2096 illa
428 2036 550 2096 docendi
575 2043 659 2094 erunt
681 2037 771 2094 minus
792 2035 919 2112 vulgata.
956 2033 1027 2094 Nam
1047 2034 1120 2093 duos
1143 2036 1170 2093 in

183 2137 239 2179 uno
261 2122 374 2179 nomine
397 2119 522 2179 iaciebat
541 2118 735 2179 barbarismos
753 2119 844 2195 Tinga
864 2119 1045 2179 Placentinus
1066 2118 1105 2196 (si
1125 2135 1168 2177 re·

182 2203 371 2282 prehendenti
387 2202 541 2262 Hortensio
561 2202 718 2281 credimus)
734 2205 896 2281 preculam
911 2220 964 2280 pro
982 2203 1113 2281 perpetio
1130 2202 1168 2261 di·

184 2304 269 2362 oens,
293 2295 322 2346 et
345 2287 539 2346 immutatione
557 2304 625 2359 ,oum
645 2305 662 2346 c
680 2303 734 2364 pro
749 2306 770 2364 9
788 2295 933 2361 uteretur,
956 2295 986 2345 et
1004 2294 1168 2345 transmuta-

183 2372 262 2430 tione
289 2387 351 2429 oum
374 2389 392 2429 r
416 2378 611 2448 praeponeret
635 2372 827 2431 antecedenti.
874 2370 1084 2429 aripennem
1109 2370 1168 2429 vitii

183 2455 375 2531 geminatione
394 2451 531 2516 Mattiaco
548 2453 714 2533 Fufettioeo
731 2449 830 2514 dicenb
848 2453 956 2513 Ennius
974 2456 1089 2533 poetico
1108 2455 1168 2512 inre

142 2538 355 2598 lbdeienditur.
393 2537 452 2597 Sed
473 2539 502 2597 in
519 2555 606 2616 prosa
626 2554 742 2615 quoque
761 2547 806 2597 est
823 2538 962 2616 quaedam
981 2541 1035 2597 iam
1052 2546 1167 2614 recepta

183 2623 347 2683 immutatio.
384 2620 455 2682 Nam
473 2619 578 2681 Cicero
597 2618 817 2701 canopitarum
837 2625 994 2682 exercitum
1013 2622 1093 2695 dicit,
1114 2622 1167 2698 ipsi

184 2704 328 2768 Canobon
345 2714 462 2773 roceum
484 2716 513 2765 et
533 2704 774 2768 Trasumennum
791 2723 845 2784 pro
866 2705 1073 2767 Tarsumenno
1090 2704 1167 2763 multi

183 2799 332 2865 auctores,
353 2791 463 2848 etiamsi
479 2799 525 2849 est
542 2792 570 2849 in
589 2807 625 2849 eo
643 2792 853 2865 transmutatio,
872 2790 1092 2850 vindicaverunt.
1124 2788 1165 2848 Si·

182 2873 287 2933 militer
305 2873 374 2943 alia;
395 2890 458 2932 nam
478 2876 539 2934 sive
562 2884 606 2933 est
625 2876 792 2949 assentior,
812 2875 932 2933 Sisenna
952 2875 1023 2934 dixit
1041 2873 1166 2934 meando

182 2957 319 3035 multique
338 2965 367 3016 et
389 2956 464 3018 hunc
486 2967 515 3017 et
531 2958 678 3034 analogias
697 2959 805 3032 secuti,
829 2960 891 3018 sive
906 2957 977 3018 illud
994 2975 1090 3016 verum
1108 2963 1164 3015 est:

141 3040 256 3101 lehaec
277 3058 393 3119 quoque
415 3059 481 3119 pars
504 3059 647 3101 consensu
666 3041 836 3101 defenditur.
873 3041 913 3101 At
932 3041 982 3101 ille
1002 3058 1090 3118 penus
1107 3041 1165 3117 pin·

183 3127 306 3202 guisque
330 3124 434 3184 doctor
455 3134 503 3185 aut
526 3125 586 3185 illic
609 3126 816 3185 detractionem
843 3135 891 3184 ant
914 3125 961 3185 hic
984 3125 1165 3184 adiectionem

183 3209 302 3286 putabit.
344 3205 438 3280 Quid?
466 3209 542 3287 quod
562 3209 716 3286 quaedam,
738 3227 812 3287 quae
833 3210 946 3285 singula
965 3207 1164 3286 proculdubio

140 3293 287 3353 lbvitiosa
310 3293 505 3367 sunnonem
532 3294 594 3351 sine
617 3292 845 3371 reprehensione
868 3289 1019 3352 dicuntur?
1049 3290 1116 3350 Nam
1138 3299 1166 3350 et

183 3377 247 3438 duo
269 3384 298 3436 et
317 3378 482 3453 trepondo
501 3376 680 3435 diversorum
697 3394 835 3451 generum
855 3386 920 3436 sunt
941 3375 1116 3443 barbarismi;
1138 3383 1166 3433 at

182 3461 347 3541 duapondo
368 3467 397 3518 et
416 3461 564 3538 trepondo
583 3477 675 3537 usque
695 3460 730 3519 ad
748 3469 874 3521 nostram
893 3469 1017 3520 aetatem
1034 3459 1069 3518 ab
1083 3460 1164 3527 omni·

140 3543 235 3607 lbbus
253 3545 437 3622 dictumest,
456 3552 486 3604 et
503 3553 583 3603 recte
600 3545 657 3604 dici
675 3542 801 3611 blessala
821 3545 978 3606 conlirmat.
1012 3542 1165 3603 Absordnm
