2434 3925
311 233 401 283 mon.
414 233 562 284 caenon.
577 230 747 300 nnn.v,1o.
961 220 1022 283 237

29 390 212 452 aduersarius
234 387 311 449 bene
338 388 380 448 uti
400 397 514 467 potest:
547 374 589 451 alt
609 390 688 452 eam
708 406 768 450 aon
787 390 951 463 verisimile
968 398 1023 466 est,

28 484 142 537 tontum
164 474 265 534 scelus
294 470 334 533 M.
358 471 474 536 Cottam
499 492 565 536 esse
594 481 799 535 commeatum.
839 471 942 546 Quid?
968 475 1025 536 doc

26 559 191 620 nemorale
207 567 266 633 est,
288 566 404 618 tontum
427 558 530 618 scelus
548 555 679 637 Oppium
697 574 765 617 esse
780 560 943 618 coactum?
969 557 1023 617 Ar·

26 643 113 704 tiflcis
131 650 226 701 antem
244 650 304 717 est,
320 642 450 701 invenire
463 643 493 700 in
507 643 622 701 actione
641 640 817 715 adversarii,
832 654 915 719 ¹quae
937 659 1024 701 con·

24 736 80 788 tra
107 727 316 803 semetipsa
344 733 507 802 pugnent
533 734 582 784 aut
603 742 733 804 pugnare
754 723 922 801 videantur,
950 743 1027 802 quac

25 809 245 888 aliquandoex
266 807 354 866 rebus
372 810 443 885 ipsis
463 809 614 868 manifesta
637 816 716 883 sunt,
738 815 768 866 ut
788 808 817 866 iu
840 826 927 867 causa
953 807 1025 868 Cac-

24 895 100 954 liana
119 891 221 952 Clodia
237 909 335 950 aurum
352 909 385 950 se
398 888 499 951 Caelio
516 892 716 952 commodasse
730 891 808 966 dicit,
826 891 902 969 quod
915 893 1027 969 signum

24 995 149 1055 magnae
165 975 365 1035 familiaritatis
382 984 441 1042 est;
458 992 599 1035 venenum
612 975 666 1034 sibi
681 984 819 1052 paratum,
837 976 914 1053 quod
926 977 1025 1034 summi

24 1062 83 1121 odii
101 1068 302 1136 argumentum
318 1068 373 1117 est.
411 1058 526 1119 Tubero
543 1059 687 1136 Ligarium
708 1068 842 1134 accusat,
866 1059 943 1137 qnod
959 1061 984 1118 is
998 1061 1027 1118 in
1034 1067 1066 1120 31

23 1146 128 1205 Airica
143 1143 247 1219 luerit,
269 1151 298 1202 et
315 1144 478 1220 quaeritur,
502 1143 578 1222 quod
599 1142 635 1201 ab
652 1158 688 1200 eo
704 1143 768 1219 ipse
782 1144 811 1200 in
827 1142 955 1203 Africam
969 1159 1027 1202 non

23 1231 60 1289 sit
77 1227 231 1288 admissus.
271 1226 434 1304 Aliquando
457 1245 529 1286 vero
555 1226 677 1305 praebet
699 1227 760 1284 eius
778 1228 820 1284 rei
841 1229 1027 1287 occasionem

22 1314 120 1373 minus
136 1310 319 1370 considerata
341 1328 378 1368 ex
400 1310 524 1370 adverso
546 1311 669 1371 dicentis
691 1311 799 1377 oratic;
821 1310 898 1389 qnod
922 1312 1027 1371 accidit

22 1395 187 1476 praecipue
207 1393 318 1472 cupidis
341 1397 563 1471 sententiarum,
592 1405 624 1454 ut
645 1394 723 1454 du'cti
741 1395 897 1453 occasione
912 1395 1026 1454 dicendi

22 1498 84 1540 non
105 1479 279 1556 respiciant,
306 1477 374 1555 quid
396 1477 534 1555 dixerint,
559 1479 625 1539 dnm
648 1478 744 1538 locum
765 1487 948 1555 praesentem
969 1497 1026 1538 non

22 1567 130 1624 totam'
145 1579 260 1621 causam
290 1562 443 1621 intuentur.
490 1562 565 1636 Quid
596 1573 654 1623 tam
678 1561 770 1621 videri
795 1571 895 1640 potest
926 1573 1068 1627 contradi

24 1646 191 1708 Cluentium
214 1663 298 1723 quam
320 1648 455 1706 censoria
476 1643 565 1706 notai
595 1646 671 1720 Quid
691 1655 747 1705 tam
769 1655 869 1706 contra
892 1648 1024 1722 cundem,

23 1748 113 1810 quam
129 1729 216 1788 lilium
238 1730 274 1788 ab
289 1728 412 1807 Egnatio
431 1732 559 1808 corrupti
582 1729 695 1804 iudicii,
720 1746 776 1806 quo
799 1727 947 1790 Cluentius
969 1730 1026 1809 0p-

22 1816 171 1895 pianicam
197 1815 452 1889 circumvenisset,
481 1815 599 1873 crimine
623 1810 852 1872 exheredatum?
890 1813 930 1873 At
954 1814 1069 1875 haec33

18 1898 135 1960 <Cicero
150 1915 281 1977 pugnare
297 1899 420 1957 invicem
435 1897 576 1957 ostendit:
599 1896 665 1958 Sed
678 1905 725 1972 tc,
742 1892 820 1973 Aac,
840 1897 1025 1973 consideres,

26 2002 154 2059 censeo,
176 1984 354 2062 diligenter,
377 1991 477 2044 atram
498 1983 670 2044 censorium
682 1982 830 2042 iudicium
842 2000 939 2059 proce
952 1983 1027 2041 celis

25 2086 153 2132 esseae
173 2064 305 2145 Egnatia
341 2065 378 2127 st
397 2063 538 2146 Epaotii:
558 2067 625 2127 lece
644 2073 706 2140 est,
730 2065 812 2141 quod
827 2083 968 2126 censores
988 2066 1027 2125 de

25 2152 141 2214 ceteris
158 2152 416 2230 subscripserunt.
451 2149 568 2230 Ipsum·
581 2150 660 2210 etaim
682 2146 862 2227 Egnatium,
889 2164 975 2226 quem
995 2157 1026 2209 tu

23 2253 154 2315 procem
174 2253 241 2296 csse
259 2238 323 2310 ais,
344 2252 384 2297 eto
402 2242 510 2296 semoto
529 2235 695 2295 eiecerunt.
732 2230 789 2293 sta
803 2241 904 2294 cotem
920 2252 1026 2293 censo-

25 2322 126 2380 riam:
147 2318 228 2379 dunc
243 2317 422 2398 Egnatium,
444 2336 531 2396 qoem
543 2326 636 2397 poter
652 2318 793 2379 emtaotio
807 2318 1028 2395 subscriptione

26 2402 246 2478 ectercdaatt,
269 2421 413 2463 censores
431 2404 464 2464 io
477 2412 604 2477 secato,
627 2410 834 2481 compatrem
856 2403 1027 2476 eiecissent,

26 2487 229 2547 retinuerunt.
264 2485 317 2547 Illa
340 2487 431 2563 magis
450 2488 556 2546 vitiose
576 2486 708 2545 dicuntur
726 2503 809 2563 quam
826 2494 911 2545 acute
927 2490 1070 2562 repre-34

25 2568 206 2644 henduntur,
229 2579 425 2647 argumentum
442 2570 556 2630 dubium
573 2587 628 2648 pro
645 2571 832 2645 necessario,
859 2578 1027 2628 controver-

25 2671 93 2715 sum
107 2668 161 2731 pro
178 2654 332 2729 confesso,
355 2671 504 2713 commune
519 2654 649 2733 pluribus
665 2670 718 2730 pro
734 2654 870 2731 proprio,
893 2653 1027 2730 vulgare,

26 2755 252 2816 superuacuum,
272 2740 364 2797 serius
385 2738 586 2812 constitutum,
604 2746 704 2797 contra
720 2738 814 2797 iidem.
844 2735 916 2796 Nam
931 2746 961 2795 et
977 2736 1028 2795 illa

26 2820 165 2881 accidunt
179 2838 280 2899 parum
296 2823 404 2897 cautis,
420 2830 451 2880 nt
468 2822 575 2881 crimen
586 2830 729 2897 augeant,
753 2820 830 2898 quod
851 2819 1028 2899 probandum

27 2913 92 2981 est:
109 2904 146 2964 de
161 2905 241 2963 iacto
257 2905 420 2982 disputent,
437 2922 501 2963 cum
517 2904 553 2963 de
571 2914 692 2964 auctore
710 2913 879 2981 quaeratnr;
895 2903 1027 2980 impossi-

26 2988 99 3049 bilia
116 2988 336 3065 aggrediantur,
359 3006 414 3067 pro
435 2988 547 3049 effectis
571 2988 734 3065 relinquant
751 2987 867 3046 vixdum
883 2987 1027 3059 inchoata,

28 3074 67 3134 de
81 3071 198 3131 homine
214 3071 313 3132 dicere
329 3090 413 3153 quam
432 3073 469 3132 de
494 3090 580 3132 causa
601 3073 713 3138 malint:
738 3072 880 3131 hominum
899 3072 967 3130 vitia
983 3078 1069 3132 redo

28 3157 85 3216 bus
107 3157 273 3232 assignent,
291 3166 341 3233 nt,
370 3158 395 3216 si
420 3158 483 3235 quls
505 3156 729 3217 decemviratum
751 3163 870 3214 accuset
890 3172 948 3213 non
968 3155 1027 3232 Ap·

29 3242 125 3320 pium;
141 3240 301 3300 manifestis
318 3250 495 3320 repugnent;
518 3240 631 3316 dicant,
654 3238 730 3318 quod
751 3238 835 3298 aliter
852 3240 945 3318 accipi
961 3256 1028 3317 pos-

30 3326 83 3392 sit;
111 3341 248 3383 summam
272 3326 449 3402 quaestionis
471 3342 527 3383 non
542 3326 719 3398 intueantur,
742 3339 800 3381 non
820 3323 856 3383 ad
878 3324 1029 3402 proposita

30 3407 244 3486 respondeant;
263 3409 440 3485 qoodunnm
455 3407 608 3485 aliquando
630 3408 721 3484 recipi
740 3416 854 3485 potest,
877 3425 940 3467 cum
954 3405 1028 3466 mala

35 3509 122 3551 eausa
143 3489 277 3551 adhibitis
293 3493 474 3572 extrinsecus
487 3492 623 3551 remediis
639 3489 820 3569 tuendaest,
845 3500 875 3551 nt
898 3509 963 3551 cam
977 3507 1028 3571 po·
