2434 3925
293 244 294 247 =
352 219 442 268 tusa.
455 187 604 268 ouauoa.
618 220 687 268 nna.
700 220 737 285 11,
749 217 792 270 at.
1010 206 1068 267 103

73 400 138 444 cnm
154 376 347 458 palaestrica,
370 373 500 434 ciborum
519 390 591 434 vcro
609 373 732 452 qualitas
748 375 832 434 etiam
848 393 911 433 cum
935 390 1070 434 cocorum

71 470 98 527 ei
116 466 154 523 sit
172 471 234 544 arte
251 459 416 520 communis.
456 458 540 532 Quod
561 476 633 518 vero
656 458 693 518 de
708 458 802 533 hono,
820 460 899 533 utili,
922 461 997 518 iusto
1014 457 1070 518 dis·
1081 471 1113 521 12

7 597 8 616 ,
69 565 177 610 serere
193 543 396 623 philosophiae
418 543 543 602 officium
561 560 628 602 esse
649 543 761 617 dicunt,
782 559 840 601 non
851 541 962 602 obstat.
999 541 1071 601 Nam

7 627 9 648 '
71 650 139 694 cum
162 627 366 709 philosophum
388 626 499 703 dicunt,
528 627 584 686 hoc
606 628 699 705 accipi
721 626 822 686 volunt
842 627 932 686 virum
954 626 1069 686 bonum.

72 718 173 790 Quare
194 714 280 790 igitur
301 719 463 785 oratorem,
492 729 576 789 quem
600 729 617 770 a
638 710 715 771 bono
736 712 799 770 viro
821 728 878 769 non
899 728 1022 790 separo,
1044 711 1072 768 in

74 801 179 859 eadem
200 796 320 855 materia
342 796 454 855 versari
475 797 578 866 mirem
601 813 665 854 cum
688 796 859 873 praesertim
882 796 973 873 primo
997 793 1071 853 libro
1080 806 1114 859 13

71 887 130 944 iam
154 880 346 953 ostenderim,
374 879 567 957 philosophos
593 880 727 939 omissam
751 880 824 939 hanc
846 878 882 937 ab
908 877 1071 937 oratoribus

72 976 186 1047 partem
210 980 387 1041 occupasse,
411 980 484 1041 quae
507 962 670 1023 rhetorices
691 965 808 1041 propria
826 980 941 1039 semper
957 962 1072 1035 fuisset,

71 1060 103 1111 ut
121 1050 166 1110 illi
181 1051 277 1126 potius
293 1048 322 1105 in
340 1057 438 1107 nostra
454 1049 573 1107 materia
587 1044 769 1106 versentur?
806 1047 940 1125 Denique
958 1064 1020 1105 curn
1036 1046 1072 1104 sit

72 1134 244 1195 dialectices
267 1133 386 1191 materia
408 1132 444 1191 de
466 1131 552 1190 rebus
573 1130 711 1191 subiectis
735 1132 898 1210 disputare,
923 1131 959 1189 sit
979 1137 1073 1189 autem

72 1218 229 1279 dialectice
245 1217 340 1280 oratio,
356 1217 489 1275 concisa:
509 1224 560 1275 cut
580 1231 638 1275 non
659 1216 760 1276 eadem
781 1224 940 1295 perpetuae
957 1230 1072 1293 quoqne

71 1303 195 1363 materia
209 1295 363 1359 videatur?

122 1442 123 1445 ,
159 1386 275 1445 soleta
292 1382 460 1462 quibusdam
477 1393 506 1444 et
522 1384 593 1445 illud
609 1386 732 1464 opponi:
757 1381 895 1445 Omrae'um
913 1384 1008 1462 ipitcr
1021 1385 1113 1442 car-ld

72 1471 284 1549 tiumperitats
303 1469 497 1545 ordonatur,
520 1471 548 1529 od
569 1471 608 1530 de
628 1470 767 1530 omnibns
786 1470 814 1546 ci
835 1469 998 1530 dicendum
1018 1473 1072 1528 ecl.

72 1555 196 1615 Possem
210 1554 257 1613 hio
276 1549 426 1611 Ciceronis
441 1553 622 1631 respondere
636 1554 750 1628 verbis,
769 1552 845 1630 apud
861 1571 946 1632 quem
960 1552 1017 1612 hoc
1031 1552 1071 1610 in-

73 1640 179 1698 uenio:
197 1634 267 1697 llco
282 1637 404 1713 quidam
417 1638 567 1710 sententia
581 1656 669 1699 nemo
684 1656 751 1700 esse
763 1639 874 1715 poterit
887 1638 967 1699 omui
980 1636 1074 1696 laude

73 1721 249 1784 comedatur
278 1728 401 1795 orator,
431 1721 493 1783 nisi
520 1723 579 1783 erit
603 1723 734 1783 amorium
761 1739 863 1781 rerum
891 1736 1073 1798 moymarum

72 1815 167 1883 alque
182 1806 293 1865 artium
308 1806 468 1866 scientiam
484 1813 682 1877 conrecctm,·
704 1804 756 1865 sed
777 1804 845 1863 mihi
860 1806 931 1863 satis
950 1812 994 1862 est
1010 1804 1072 1861 eius

74 1906 143 1949 esse
161 1896 307 1948 oratorem
322 1889 381 1964 rei,
404 1887 442 1948 de
457 1905 513 1968 qua
529 1888 621 1966 dicet,
641 1905 698 1949 non
715 1890 844 1948 inscium.
881 1886 985 1967 Neque
1001 1887 1114 1945 enim15

59 1991 178 2043 ‚omues
195 1991 295 2033 causas
313 1974 409 2050 novit,
430 1983 459 2034 et
473 1972 561 2034 debet
576 1990 666 2053 posse
685 1974 720 2035 de
737 1972 866 2033 omnihus
882 1973 1000 2039 dicere„
1027 1969 1072 2029 De

74 2057 182 2137 quihus
200 2073 272 2134 ergo
290 2055 388 2118 dicet‘l
422 2058 467 2118 De
483 2058 585 2136 quibus
608 2058 716 2118 didicit.
755 2057 892 2118 Similiter
911 2055 948 2116 de
965 2054 1072 2116 artibus

74 2160 210 2222 quoquc,
227 2141 263 2200 de
280 2142 383 2221 quibus
399 2142 548 2203 dicendum
565 2145 635 2219 erit,
658 2143 770 2203 interim
786 2142 892 2209 discet;
916 2141 996 2201 etde
1012 2140 1072 2217 qui·

73 2227 130 2288 bus
151 2226 301 2301 didicerit,
321 2227 406 2286 dicet.
445 2225 519 2300 Quid
536 2223 630 2305 ergo?
647 2245 704 2286 non
724 2226 807 2287 iaber
829 2226 865 2285 de
887 2225 998 2285 fabrica
1015 2241 1073 2281 me·
1081 2229 1114 2283 16

73 2311 131 2373 lius
148 2318 197 2369 aut
214 2309 250 2368 de
265 2312 373 2370 musice
390 2307 536 2373 musicus?
570 2312 600 2370 Si
616 2313 727 2371 nesciat
743 2318 857 2385 orator,
877 2309 943 2387 quid
962 2310 1013 2382 sit,
1036 2305 1072 2365 de

28 2432 30 2435 -
73 2411 133 2473 quo
149 2402 321 2471 quaeratur,
343 2394 427 2472 plane
443 2393 555 2453 melius.
591 2394 663 2454 Nam
679 2404 707 2453 et
724 2394 851 2470 litigator
867 2395 990 2452 rusticus
1006 2390 1072 2449 illit-

75 2486 247 2554 teratusque
268 2476 304 2535 de
321 2494 406 2537 causa
427 2496 477 2537 sua
493 2478 611 2554 meliut,
636 2474 720 2556 quam
742 2487 856 2552 orator,
879 2478 927 2554 qui
950 2476 1071 2548 nesciet,

77 2561 144 2640 quid
163 2562 193 2619 in
208 2560 259 2619 lite
274 2562 326 2629 sit;
345 2561 397 2620 sed
412 2571 533 2640 accepta
548 2581 564 2622 a
579 2565 700 2638 musico,
717 2581 733 2623 a
749 2561 842 2636 labro,
859 2563 932 2621 siout
948 2578 964 2620 a
980 2560 1072 2634 litiga-

77 2654 142 2706 tore
158 2643 262 2703 melius
278 2654 376 2705 orator
391 2662 474 2723 quam
489 2648 563 2724 ipse,
582 2648 631 2723 qui
646 2646 786 2706 docuerit.
813 2645 921 2705 Verum
936 2652 965 2702 et
980 2641 1071 2715 faber,
1082 2639 1113 2694 17

79 2748 142 2790 cum
159 2729 196 2788 de
212 2726 337 2804 fabrica,
359 2738 389 2788 et
405 2733 544 2803 musicus,
569 2748 633 2789 cum
648 2730 684 2789 de
702 2732 825 2806 musica,
847 2727 953 2806 siquid
970 2726 1071 2786 condr-

78 2816 233 2873 mationem
249 2812 472 2890 desideraverit,
492 2814 577 2874 dicet.
608 2812 673 2873 Non
689 2815 801 2892 quidem
817 2814 871 2872 erit
887 2821 1000 2884 orator,
1019 2807 1072 2867 sed

77 2897 167 2958 faciet
182 2895 254 2955 illud
270 2898 351 2973 quasi
368 2906 482 2972 orator,
509 2899 583 2958 sicut
599 2916 663 2956 cum
677 2898 778 2957 vulnus
798 2897 946 2975 imperitus
962 2894 1070 2971 deliga·

77 2980 134 3055 bit,
159 2997 217 3038 non
233 2982 288 3038 erit
302 2981 430 3040 medicus
439 2981 497 3046 sed
517 2982 604 3042 laciet
619 2990 650 3040 ut
670 2981 809 3041 medicus.
846 2979 891 3038 An
912 2977 1072 3038 huiusmodi
1081 2980 1113 3034 18

77 3083 127 3135 res
143 3082 239 3141 neque
254 3065 283 3122 iu
302 3062 415 3124 laudem
430 3083 523 3142 neque
544 3067 572 3124 iu
592 3064 829 3125 deliberationem
849 3081 944 3140 neque
959 3065 987 3122 in
1001 3062 1071 3121 iudi·

78 3151 155 3208 cium
174 3144 313 3207 veniundi
331 3146 411 3224 Ergo
435 3167 498 3208 cum
515 3148 550 3207 de
568 3149 702 3208 iaciendo
718 3157 802 3227 portu
819 3147 945 3207 Ostiensi
962 3145 1070 3206 delibe-

77 3241 171 3292 ratum
188 3240 249 3305 est,
269 3246 327 3290 non
344 3231 441 3291 debuit
457 3232 555 3291 dicere
573 3234 743 3291 sententiam
761 3228 878 3291 orator?
904 3232 982 3310 atqui
998 3247 1070 3308 opus

78 3325 142 3377 erat
157 3316 270 3375 ratione
291 3315 522 3376 architectorum.
558 3314 679 3375 Livores
702 3324 731 3375 et
751 3325 877 3375 tumores
899 3317 927 3374 in
948 3319 1113 3391 corporata

78 3399 229 3460 cruditatis
247 3416 283 3459 aa
297 3400 400 3458 veneni
419 3401 500 3476 sigua
511 3400 587 3473 sint,
611 3408 785 3460 contrectat
800 3396 919 3459 oratori
940 3406 969 3458 at
984 3404 1028 3455 est
1044 3394 1072 3453 id

79 3502 117 3545 ex
132 3484 245 3544 ratione
266 3483 434 3544 medicinae.
452 3481 556 3544 .Circa
570 3502 718 3551 mensuras
742 3493 770 3544 et
785 3499 920 3544 numeros
935 3498 992 3542 nou
1006 3496 1070 3538 ver·
