2434 3925
389 229 479 279 msc.
496 228 645 279 aaaron.
663 230 732 277 nm.
747 230 791 295 11,
807 228 832 281 1.
1071 215 1111 277 59

102 385 198 468 plinis
221 385 318 447 debita
340 385 369 443 in
388 385 490 446 schola
515 387 626 446 minore
643 384 772 444 subsidat
789 403 824 445 ac
845 384 1012 446 rhetoricen
1035 387 1111 464 apud

100 473 314 550 grammaticos
345 480 492 531 exerceat.
536 470 594 545 lta,
625 469 702 547 quod
732 479 776 528 est
803 471 927 529 maxime
948 471 1109 546 ridiculum,

100 574 171 616 non
187 564 252 615 ante
279 554 314 615 ad
334 555 512 615 declamandi
529 555 696 630 magistrum
718 554 871 614 mittendus
886 556 1018 615 videatur
1038 549 1152 633 puer*

103 658 197 719 quarn
219 640 382 701 declamare
404 641 486 699 sciat.
531 638 591 697 Nos
616 656 697 697 suum
719 640 822 715 cuique
850 639 1027 717 professioni
1049 649 1137 701 mot

102 726 178 785 dum
198 723 308 783 demus,
353 722 390 783 Et
412 723 598 800 grammatice
617 723 718 801 (quam
739 724 768 781 in
784 721 912 792 Latinum
934 725 1110 785 transferen-

102 819 157 868 tes
179 809 392 870 litteraturam
409 808 607 890 vocaverunt)
638 807 709 865 lines
733 823 803 865 suos
826 809 915 883 norit,
939 812 1110 887 praesertim

104 901 220 953 tantum
238 892 273 952 ah
300 892 356 951 hac
383 891 589 970 appellationis
616 909 687 950 suae
716 900 905 969 paupertate,
930 894 1003 953 intra
1026 911 1110 971 quam

106 978 195 1057 primi
216 977 259 1036 illi
280 978 454 1051 constitere,
478 983 634 1053 provecta;
659 993 724 1035 nam
745 977 838 1033 tenuis
861 977 978 1036 alonte
1001 996 1111 1036 assum-

106 1063 168 1140 ptis
190 1062 392 1121 historicorum
415 1062 637 1137 criticorumque
660 1059 769 1118 viribus
791 1060 880 1138 pleno
897 1062 952 1120 iarn
976 1063 1046 1120 satis
1069 1062 1109 1121 al-

106 1163 168 1205 veo
190 1146 265 1221 linit,
290 1163 353 1204 curn
369 1154 487 1223 praeter
508 1147 649 1204 rationem
670 1152 752 1203 recte
775 1145 912 1222 loquendi
933 1162 990 1204 non
1009 1164 1110 1224 parurn

109 1230 220 1309 alioqui
243 1231 391 1307 copiosam
420 1246 514 1307 prope
536 1229 660 1287 omnium
682 1230 866 1288 maximarum
893 1231 1002 1300 artium¹
1016 1231 1108 1289 scien·

109 1317 178 1375 tiam
196 1313 328 1392 amplexa
346 1315 396 1380 sit;
420 1322 449 1371 et
469 1314 627 1387 rhetorice,
646 1314 692 1373 cui
708 1330 812 1372 nomen
826 1316 870 1372 vis
889 1315 1043 1392 eloquendi
1059 1313 1136 1379 de·5

111 1399 166 1474 dit,
197 1398 294 1457 officia
317 1416 368 1457 sua
390 1415 448 1456 non
465 1397 609 1457 detrectet
630 1414 686 1457 nec
714 1399 852 1476 occupari
873 1399 999 1475 gaudeat
1019 1401 1108 1476 perti·

109 1492 227 1542 nentem
250 1483 334 1541 adse
352 1481 497 1557 laborem,
523 1501 614 1562 quae,
638 1482 703 1541 dnm
724 1500 816 1560 opere
836 1484 922 1559 cedit,
945 1485 1001 1543 iarn
1015 1502 1110 1561 paene

109 1568 301 1647 possessione
323 1566 446 1644 depulsa
463 1576 517 1625 est.
562 1566 667 1644 Neque
685 1565 838 1638 infitiabor,
862 1567 988 1646 aliquem
1000 1586 1039 1627 ex
1062 1569 1137 1642 iis,6

111 1652 161 1730 qni
182 1652 387 1729 grammaticen
410 1650 615 1729 profiteantur,
645 1668 775 1728 eousque
804 1652 943 1712 scientiae
971 1651 1110 1730 progredi

108 1753 219 1816 posse,
245 1742 277 1795 ut
299 1735 334 1795 ad
356 1734 430 1794 haec
453 1752 568 1813 quoqne
589 1735 727 1795 tradenda
750 1735 890 1804 sufficiat;
919 1736 970 1796 sed
995 1756 1059 1797 cum
1080 1735 1109 1795 id

108 1829 195 1897 aget,
218 1819 344 1878 rhetoris
367 1819 464 1902 officio
488 1820 624 1897 iungetur
645 1837 702 1877 non
724 1836 788 1878 suo.

195 1901 257 1963 Nos
275 1920 363 1982 porro
381 1905 555 1982 quaerimus,
572 1903 685 1982 qnando
699 1903 751 1978 iis,
769 1921 843 1982 quac
858 1903 1004 1965 rhetorice
1023 1911 1136 1983 prae-7

109 1990 199 2068 cipit,
223 1988 418 2067 percipiendis
435 2007 508 2066 puer
524 1997 650 2047 maturus
669 2006 735 2046 esse
753 1989 892 2047 videatur.
925 1988 957 2048 ln
974 2006 1031 2067 quo
1047 1990 1108 2067 qui-

108 2075 178 2135 dem
198 2090 256 2132 non
278 2073 306 2132 id
330 2073 549 2147 aestimandum,
584 2073 664 2131 cuius
693 2072 815 2150 quisque
844 2073 881 2130 sit
908 2075 1027 2148 aetatis,
1056 2073 1109 2132 sed

107 2165 246 2239 quantum
268 2158 296 2216 in
317 2157 416 2216 studiis
439 2158 494 2216 iam
518 2156 660 2215 effecerit.
704 2155 742 2215 Et
762 2175 799 2216 ne
827 2156 930 2216 diutius
953 2157 1107 2225 disseram;

108 2241 226 2322 quando
249 2242 286 2300 sit
307 2240 418 2299 rhetori
437 2241 603 2318 tradendus,
626 2242 669 2300 sic
691 2241 799 2319 optime
816 2241 889 2300 liniri
911 2241 1016 2318 credo,
1040 2262 1109 2303 curu

104 2327 232 2408 poterit.
275 2326 334 2386 Sed
357 2324 414 2383 hoc
434 2326 526 2403 ipsum
555 2343 593 2385 ex
620 2327 771 2403 superiore
797 2325 905 2404 pendet
928 2328 1137 2404 quaestione8

107 2411 184 2471 Nam
207 2409 231 2468 si
253 2410 455 2486 grammatices
473 2427 573 2484 munus
590 2428 683 2487 usque
706 2410 741 2469 ad
757 2411 904 2469 suasorias
921 2419 1107 2488 prorogatur,

108 2494 221 2555 tardius
242 2494 361 2553 rhetore
383 2510 457 2572 opus
475 2503 530 2552 est.
574 2492 613 2551 At
631 2495 656 2552 si
675 2493 775 2552 rhetor
794 2495 884 2572 prima
898 2494 994 2554 cilicia
1011 2494 1109 2572 operis

110 2581 157 2639 sni
178 2595 235 2637 non
257 2585 390 2652 recusat,
416 2577 662 2637 enarrationibus
679 2579 774 2637 statim
795 2587 824 2638 et
842 2578 974 2638 laudandi
995 2579 1108 2656 vitupe-

96 2662 250 2739 manuque
269 2661 418 2740 opusculis
435 2679 502 2720 cura
518 2662 581 2719 eius
598 2660 788 2721 desideratur.
819 2661 865 2720 An
880 2662 1045 2738 ignoramus
1060 2671 1136 2726 an·9

110 2748 199 2824 tiquis
221 2739 285 2805 hoc'
307 2747 397 2805 inisse
420 2747 457 2806 ad
479 2746 638 2822 augendam
666 2746 860 2823 eloquentiam
881 2764 973 2822 genus
996 2747 1108 2805 exerci-

108 2832 243 2905 tationis,
267 2839 297 2888 ut
318 2829 418 2890 theses
440 2830 570 2888 dicerent
596 2838 625 2888 et
653 2846 817 2889 communes
847 2830 931 2888 locos
960 2839 990 2888 et
1010 2839 1109 2889 cetera

110 2915 184 2975 citra
200 2915 381 2992 complexum
399 2932 495 2972 rerum
508 2931 765 2991 personarumque,
784 2913 886 2991 quihus
904 2930 993 2973 verae
1010 2915 1108 2973 lictae·

110 3015 170 3076 que
193 2999 411 3058 controversiae
433 2995 634 3056 continentur?
677 2996 724 3056 Ex
747 3015 804 3076 qno
827 2997 923 3076 palam
946 3006 1000 3073 est,
1018 3015 1110 3075 quam

109 3084 236 3160 turpiter
257 3083 374 3142 deserat
396 3100 459 3141 eam
481 3090 592 3160 partem
615 3081 778 3141 rhetorices
798 3083 949 3158 institutio,
974 3100 1058 3159 quam
1080 3089 1109 3140 et

109 3168 232 3245 primam
254 3166 353 3226 habuit
376 3174 405 3225 et
426 3165 473 3224 diu
496 3165 598 3224 solam.
644 3165 717 3239 Quid
746 3175 841 3225 autem
868 3174 913 3225 est
936 3185 974 3226 ex
995 3167 1046 3241 iis,
1073 3164 1109 3224 de
1118 3175 1151 3226 10

110 3250 214 3331 quibus
241 3270 333 3330 supra
350 3250 424 3325 dixi,
452 3249 529 3328 quod
551 3267 608 3308 non
632 3266 696 3308 cum
716 3251 744 3308 in
767 3250 833 3324 alia,
857 3269 931 3329 quae
954 3259 1020 3309 sunt
1041 3264 1107 3327 pro·

108 3336 174 3413 pria
195 3334 359 3411 rhetorum,
387 3344 446 3393 tum
469 3343 550 3394 certe
571 3335 601 3392 in
628 3333 698 3393 illud
727 3334 860 3394 iudiciale
888 3351 993 3394 causae
1016 3349 1108 3410 genus
1133 3344 1135 3347 ·

89 3415 237 3478 ineidat?
281 3418 326 3478 An
345 3435 403 3479 non
423 3419 451 3476 in
473 3418 538 3477 loro
558 3417 729 3478 narrandum
752 3415 817 3477 esti
833 3436 888 3497 qua
908 3420 936 3477 in
958 3427 1041 3496 parte
1057 3433 1107 3473 ne·

112 3504 178 3563 ecio
199 3521 235 3565 an
257 3504 294 3563 sit
317 3503 365 3564 vel
387 3501 547 3580 plurimum·
592 3500 658 3563 Non
679 3502 741 3563 laus
764 3520 800 3563 ac
820 3503 993 3582 vituperatio
1016 3508 1150 3562 certa-ll
