2434 3925
159 194 219 258 176
469 206 827 266 u.une..oomrm1nx1
849 230 854 239 -

114 361 231 430 estibus
251 371 337 440 atque
355 361 395 420 ita
412 361 534 420 mesine
557 361 593 420 ad
615 357 786 438 sequentia?
814 358 886 421 Nam
905 379 942 420 ue
960 359 1008 419 inis
1034 361 1153 438 quidem

156 446 283 520 accedo,
305 447 355 522 qui
373 462 489 522 semper
509 462 545 507 eo
567 454 667 523 putant
691 445 808 519 ordine,
832 462 889 522 quo
913 444 979 522 quid
994 453 1087 503 actum
1101 447 1151 520 sit,

156 547 223 591 esse
238 529 420 593 narrandum:
448 528 500 588 sed
517 545 552 587 eo
567 529 643 588 malo
659 545 794 602 narrare,
819 545 886 605 quos
900 527 1026 606 expedit.
1065 527 1153 600 Quod

155 614 218 674 lieri
228 612 361 692 plurimis
380 612 478 688 liguris
494 612 572 671 licet.
603 610 676 672 Nam
692 620 722 670 et
734 611 887 689 aliquando
907 612 990 671 nobis
1003 612 1152 671 excidisse

155 695 331 772 simulamus,
354 713 417 755 curn
434 696 501 773 quid
517 695 632 755 utiliore
644 695 712 755 loeo
726 696 905 764 reducimus;
923 704 953 754 et
969 696 1081 755 interim
1095 712 1151 754 nos

154 780 317 841 reddituros
337 779 478 857 reliquum
501 779 629 839 ordinem
647 788 801 853 testamur,
829 780 895 856 quie
921 781 964 838 sic
990 779 1084 837 lutura
1112 780 1153 837 sit

112 878 148 933 84
158 881 244 924 censa
257 863 394 932 lucidior;
411 864 523 922 interim
534 881 566 921 re
578 863 722 940 exposita,
737 860 933 938 subiungimus
946 879 1059 936 causas,
1075 879 1151 939 quae

157 956 384 1007 antecesserunt.
416 946 518 1024 Neque
534 948 608 1006 enim
629 954 674 1028 est
689 963 744 1006 una
758 946 808 1005 lex
827 946 1005 1006 defensionis
1026 955 1151 1005 certum-

156 1050 212 1109 que
227 1032 451 1110 praescriptum
467 1047 585 1108 prore,
606 1047 661 1108 pro
675 1038 807 1107 tempore
825 1030 973 1103 intuenda,
992 1047 1066 1106 quae
1082 1046 1151 1107 pro·

155 1117 220 1191 sint,
242 1124 328 1192 atque
346 1122 377 1173 ut
393 1115 446 1174 erit
460 1113 579 1187 vulnus,
592 1116 641 1173 ¹-ita
660 1113 708 1173 vel
724 1114 877 1173 curandum
891 1115 1020 1193 protinus
1035 1113 1102 1187 vel,
1124 1114 1152 1175 ei

111 1212 147 1268 85
157 1200 270 1259 curatio
290 1197 397 1259 differri
424 1205 538 1274 potest,
565 1199 679 1257 interim
705 1197 896 1273 deligandum.
944 1195 1007 1256 Nec
1032 1198 1152 1275 saepius

154 1300 272 1342 narrare
293 1281 423 1342 duxerim
437 1281 530 1355 nefas,
550 1281 628 1358 quod
646 1279 750 1340 Cicero
768 1297 821 1358 pro
838 1278 970 1359 Cluentio
986 1280 1070 1347 lecit;
1090 1290 1151 1340 est·

155 1383 211 1443 que
223 1382 280 1424 non
291 1382 462 1425 concessum
472 1365 557 1425 modo
567 1365 620 1424 sed
632 1365 785 1442 aliquando
797 1367 881 1424 etiam
892 1366 1098 1439 necessarium,
1120 1372 1153 1424 ut

154 1451 184 1508 in
198 1451 292 1508 causis
307 1448 527 1526 repetundarum
539 1448 738 1526 omnibusque,
754 1465 828 1525 quae
840 1448 989 1526 simplices
1004 1464 1061 1506 non
1072 1456 1150 1507 sunt.

155 1531 345 1606 dmentisest
360 1533 449 1608 enim,
471 1533 676 1610 superstitione
699 1540 922 1612 praeceptorum
943 1541 1042 1592 contra
1061 1533 1151 1591 ratio·

111 1630 146 1685 86
155 1634 220 1676 nem
237 1633 342 1676 causae
357 1615 439 1676 trabi.
470 1614 670 1675 Narrationem
682 1615 748 1675 ideo
759 1625 825 1676 ante
837 1615 1025 1694 probationes
1037 1632 1153 1693 ponere

155 1709 200 1760 est
221 1701 392 1774 institutum,
414 1717 450 1759 ne
466 1700 571 1774 iudex,
598 1717 655 1777 que
675 1699 711 1760 de
733 1700 913 1775 redicatur,
937 1701 1060 1776 ignoret.
1090 1696 1152 1758 Cur

153 1785 257 1861 igitur,
275 1785 301 1842 si
314 1783 426 1860 singula
441 1783 588 1863 probanda
603 1792 652 1843 aut
666 1783 827 1843 refellenda
843 1792 943 1858 erunt,
965 1800 1023 1843 non
1036 1783 1151 1859 singula

155 1869 239 1927 etiam
258 1864 428 1927 narrentur?
468 1865 516 1926 ble
536 1876 633 1942 certe,
662 1875 880 1945 quantacunque
907 1869 1018 1927 nostris·
1036 1868 1150 1945 experi-

152 1954 255 2012 mentis
270 1951 400 2013 babenda
418 1960 463 2012 est
483 1951 571 2027 lides,
590 1951 699 2011 fecisse
720 1950 777 2012 boc
801 1952 830 2010 in
851 1951 933 2028 loro,
957 1952 1088 2031 quotiens
1111 1953 1150 2012 ita

154 2036 339 2097 desiderabat
355 2036 475 2111 utilitas,
491 2036 679 2114 probantibus
695 2044 725 2095 et
741 2035 860 2095 eruditis
879 2044 909 2095 et
926 2035 987 2112 luis,
1011 2038 1059 2114 qui
1079 2035 1150 2096 iudi·

155 2119 274 2194 cabant,
295 2122 373 2188 scio;
398 2129 428 2180 et
450 2120 551 2198 (quod
572 2137 630 2179 non
651 2128 821 2196 arroganter
842 2119 978 2196 dixerim,
1001 2121 1068 2198 quia
1085 2128 1152 2179 sunt

153 2203 280 2281 plurimi,
298 2203 466 2281 quibuscum
482 2205 540 2279 egi,
557 2205 605 2281 qui
616 2217 662 2263 me
677 2202 817 2264 refellere
831 2206 954 2281 possint,
970 2206 994 2263 si
1010 2204 1149 2282 mentior)

111 2288 219 2357 atsere
233 2287 385 2364 ponendae
400 2304 417 2345 a
432 2305 479 2347 me
495 2304 599 2346 causae
616 2288 741 2347 oiliciurn
753 2287 934 2365 exigebatur.
965 2286 1068 2365 Neque
1082 2287 1151 2348 ideo

154 2379 320 2431 tamennon
335 2371 363 2431 id
377 2372 494 2450 saepius
509 2370 610 2431 lacere
626 2370 790 2449 oportebit,
806 2380 945 2431 utrorum
961 2371 1089 2432 ordinem
1102 2389 1152 2431 se·

155 2471 282 2532 quamm.
320 2453 466 2528 Quaedam
485 2472 557 2514 vero
578 2456 663 2514 etiam
684 2457 805 2533 turpiter
828 2463 1048 2530 convertuntur,
1071 2463 1101 2514 ut
1126 2456 1153 2514 si

153 2540 307 2616 peperisse
321 2556 439 2614 narres,
459 2537 561 2599 deinde
578 2541 767 2616 concepisse:
793 2548 923 2617 apertum
939 2547 1152 2614 testamentum,

154 2622 258 2683 deinde
276 2624 431 2699 signatum
445 2624 474 2682 in
489 2623 592 2701 quibus
606 2625 632 2681 si
646 2623 684 2697 id,
702 2624 780 2701 quod
795 2625 941 2701 posterius
958 2632 1013 2698 est,
1031 2623 1151 2698 dixeris,

154 2705 191 2769 dc
205 2708 305 2785 priore
322 2715 421 2766 tacere
439 2709 591 2785 optimum
608 2707 703 2785 palam
719 2716 765 2766 est
781 2708 856 2767 enim
871 2709 1081 2787 praecessisse.

110 2802 146 2858 88
239 2790 311 2851 Sunt
330 2792 470 2868 quaedam
490 2799 520 2852 et
543 2790 636 2851 falsae
659 2792 878 2869 expositiones,
900 2810 1017 2870 querum
1040 2792 1069 2850 in
1085 2790 1153 2852 loro

155 2872 264 2952 duplex
278 2893 371 2951 geom
389 2884 448 2935 est:
470 2874 607 2950 alterum,
633 2875 712 2953 quod
727 2878 920 2937 instrumentis
937 2876 1101 2948 adiuvatur,
1122 2882 1154 2934 ut

154 2956 186 3016 P.
204 2955 322 3019 Clodius
339 2958 441 3020 fiducia
459 2961 590 3034 testium,
615 2978 672 3038 qua
693 2969 779 3020 nocte
794 2962 935 3021 incestum
948 2959 1057 3019 Romae
1073 2975 1153 3020 oom-

152 3042 284 3117 miserat,
312 3043 489 3104 Interamnae
514 3062 548 3103 se
574 3044 665 3103 luisse
686 3043 815 3111 dicebat:
843 3044 985 3118 alterum,
1008 3042 1085 3120 quod
1107 3050 1154 3101 est

153 3125 287 3185 tuendum
302 3127 424 3188 dicentis
438 3129 564 3205 ingenio.
610 3126 642 3187 ld
662 3129 775 3188 interim
790 3129 826 3189 ed
841 3128 934 3189 solam
948 3127 1154 3186 uerecundiam

152 3211 295 3287 pertinet,
321 3212 396 3271 unde
420 3214 505 3272 etiam
526 3211 593 3270 milri
614 3211 728 3271 ridetur
751 3212 808 3271 dici
832 3213 954 3279 colon
982 3212 1097 3272 interim
1116 3208 1152 3270 ad

110 3295 360 3369 fitquaestionem.
392 3297 451 3357 Sed
465 3305 672 3372 utrumcunque
688 3297 760 3371 erit,
782 3296 873 3375 prima
893 3297 931 3355 sit
947 3311 1095 3366 curarum,
1121 3300 1154 3352 ut

152 3376 180 3437 id
197 3378 274 3455 quod
289 3377 430 3455 degemus
445 3380 508 3440 lieri
523 3380 630 3456 poesie
647 3380 761 3453 deinde,
780 3388 811 3438 ut
829 3389 857 3439 et
877 3396 1023 3457 personae
1038 3386 1068 3436 et
1082 3378 1152 3445 loco

155 3470 184 3521 st
200 3465 325 3543 tempori
344 3472 484 3543 congruat
502 3471 533 3523 ct
553 3462 721 3540 credibilem
740 3465 881 3525 rationem
901 3472 930 3523 et
952 3462 1082 3524 ordiuem
1101 3459 1152 3524 liae
