2434 3925
156 148 197 213 82
359 187 361 194 ι
469 164 596 212 unna
609 164 828 224 oummmnm

100 313 102 318 ⁴
195 325 198 334 ¹
238 316 303 378 Sed
320 336 375 380 aas
388 320 564 379 immensum
580 320 681 397 spatio
696 317 880 397 confecimus
898 336 1022 398 aequor,

239 400 359 464 Etiam
381 411 497 482 tempus
518 419 627 479 equum
645 402 798 479 fumantia
817 404 935 464 soluere
958 406 1046 466 colla.

112 489 223 552 sosine
238 486 423 546 translatione
439 502 511 545 vero
526 488 554 543 in
568 485 714 545 Bucolicis

198 569 286 631 Certe
302 572 440 647 equidem
455 561 633 643 audieram,
656 586 718 646 qua
737 588 771 631 se
788 570 963 631 subducere
978 572 1069 632 colles

135 683 136 686 ¹
194 653 348 732 Incipiunt
369 654 509 730 mollique
525 655 629 732 iuqum
646 654 803 715 demittere
820 656 896 716 clivo

198 736 299 815 Usque
313 740 357 799 ad
370 756 483 815 aquam
494 746 524 798 et
533 738 645 798 ueteris
659 739 722 797 iam
734 737 840 815 fracta
854 738 1016 798 cacumina
1030 739 1114 816 faqi,

198 820 306 882 Omnia
321 822 509 882 carminibus
522 829 655 883 oestrum
668 839 810 883 seruasse
825 818 998 882 Menalcan.

111 907 215 969 ttlloc
236 907 311 964 enim
333 905 400 964 loco
427 913 543 983 praeter
563 921 666 963 nomen
688 914 787 963 cetera
813 906 938 983 propriis
960 905 1059 965 decisa
1088 917 1158 966 sunt

152 989 265 1065 verbis,
281 1008 380 1047 verum
395 1006 452 1047 non
469 998 568 1066 pastor
584 987 731 1047 Menalcas
749 988 801 1047 sed
818 987 966 1063 Vergilius
985 998 1028 1046 est
1044 990 1156 1050 intelli·

152 1074 273 1152 gendns.
309 1072 402 1131 Habet
425 1091 505 1132 usum
528 1072 593 1132 talis
612 1072 771 1148 allegoriae
795 1072 962 1149 frequenter
984 1073 1075 1131 oratio
1102 1075 1157 1133 sed

151 1177 218 1218 raro
235 1157 336 1222 totius;
360 1156 528 1234 plerumque
545 1158 653 1233 apertis
670 1157 811 1232 permixta
828 1165 881 1214 est.
925 1154 997 1215 Tota
1013 1157 1091 1233 apud
1108 1155 1155 1216 Ci·
1213 1163 1214 1198 ἒ

153 1260 289 1301 seronem
305 1240 370 1298 talis
386 1249 445 1299 est:
478 1238 541 1300 Hoc
555 1241 668 1315 miror,
685 1239 741 1300 ltoc
756 1256 884 1318 queror,
902 1256 1083 1316 quemquam
1099 1242 1156 1301 lto-

151 1327 260 1387 miuem
274 1326 318 1385 ita
332 1325 535 1401 pessumdare
548 1325 678 1383 alterum
691 1325 783 1398 celle,
805 1331 837 1383 ut
851 1325 940 1385 etiam
954 1338 1063 1383 nauem
1075 1342 1155 1402 per-

108 1411 241 1489 48forel,
252 1411 285 1468 lu
296 1426 359 1485 qua
368 1410 435 1485 ipse
448 1409 578 1485 maaiqet.
592 1406 668 1468 Illud
680 1408 861 1466 commixtum
874 1407 1153 1484 frequentissimum:

152 1491 301 1571 Equidem
318 1500 439 1553 ceteras
455 1499 647 1570 tempestates
669 1498 698 1551 et
710 1492 861 1566 procellas
874 1493 906 1551 iu
921 1492 982 1552 illis
998 1490 1155 1554 dumtaxat

149 1574 291 1653 ducibus
308 1577 477 1637 conionum
493 1594 613 1654 semper
631 1572 735 1635 Miloni
752 1577 861 1653 putaui
881 1594 947 1635 esse
964 1571 1152 1637 subeundas.

96 1725 102 1734 Χ,
149 1659 212 1720 Nisi
227 1660 382 1720 adiecisset
399 1662 550 1720 dumtaaot
566 1656 710 1735 ductilius
730 1660 918 1719 cautionum:
941 1666 1020 1716 esset
1035 1657 1152 1736 allego-

149 1748 208 1813 ria;
231 1762 306 1802 nunc
323 1762 385 1803 eam
403 1745 524 1803 miscuit.
564 1742 628 1815 Quo
644 1742 672 1801 in
688 1761 798 1819 genere
815 1751 844 1801 et
859 1743 975 1820 species
998 1759 1035 1799 eu
1051 1759 1150 1802 arces·

108 1830 211 1891 49sitis
228 1828 326 1887 verbis
341 1826 462 1886 renitet
479 1827 643 1887 intellectus
659 1844 697 1885 ex
714 1828 849 1904 propriis.
877 1825 951 1885 lllud
970 1841 1043 1883 vero
1060 1825 1151 1903 longe

150 1914 396 1991 speciosissImum
416 1930 508 1989 genus
532 1911 688 1986 orationis,
717 1912 745 1969 in
765 1911 922 1988 quonium
942 1910 1083 1988 permixta
1107 1919 1152 1970 est

149 1998 257 2074 gratia,
276 1997 481 2071 similitudinis,
497 1996 674 2071 allegoriae,
691 1994 901 2054 translationis:
926 1992 1016 2066 Quod
1024 1993 1151 2070 fretum,

149 2098 236 2158 quem
251 2078 420 2158 Euripum,
436 2089 477 2140 tot
490 2087 603 2154 motus,
622 2087 739 2154 tuntas,
758 2088 820 2139 tam
834 2079 940 2139 camos
955 2077 1067 2138 labere
1082 2098 1152 2138 cre-

148 2166 221 2225 ditis
238 2166 433 2243 agitationes,
457 2164 715 2238 commutationes,
730 2160 858 2239 fluctus,
878 2171 1011 2240 quantas
1021 2170 1151 2239 pertur-

148 2249 283 2308 bationes
305 2256 336 2309 et
355 2256 485 2325 quantos
501 2255 603 2308 aestus
617 2247 707 2307 labet
723 2248 803 2307 ratio
825 2247 1033 2309 comitiorum?
1074 2244 1153 2308 Dies

147 2333 338 2392 intermissus
358 2351 439 2392 uuus
461 2340 515 2392 aut
536 2349 598 2392 nou
619 2327 798 2408 interposita
823 2349 916 2409 saepe
935 2338 964 2391 et
987 2331 1154 2408 perturbat

147 2417 248 2477 omnia
274 2423 416 2476 ettotam
440 2417 608 2494 opinionem
633 2433 733 2493 parca
752 2431 966 2492 nonuunquam
987 2423 1153 2476 commutat

106 2516 140 2564 50
148 2518 229 2560 aura
243 2500 385 2560 rumoris.
429 2498 500 2558 Nam
517 2499 545 2558 id
562 2516 678 2576 qnoque
695 2499 835 2577 inprimis
857 2508 902 2557 est
919 2497 1150 2573 custodiendum,

148 2593 195 2657 ut,
213 2601 269 2661 quo
284 2601 441 2659 exgenere
455 2585 590 2660 coeperis
606 2582 817 2657 translationis,
833 2581 891 2641 hoc
906 2582 1030 2641 desinas.
1067 2579 1152 2641 Multi

148 2677 259 2742 autem,
281 2685 344 2727 cnm
366 2667 473 2725 initium
499 2684 515 2725 a
534 2676 704 2743 tempestate
725 2675 923 2743 sumpserunt,
949 2664 1082 2723 incendio
1102 2673 1151 2724 aut

104 2755 226 2819 51rnina
238 2752 351 2817 liniunt;
370 2768 444 2827 quae
462 2760 506 2810 est
520 2751 757 2827 inconsequentia
773 2768 868 2809 rerum
884 2750 1059 2809 foedissima.
1087 2746 1148 2812 Ce-

147 2846 238 2895 terum
259 2836 401 2911 allegoria
423 2837 520 2911 parvis
537 2852 653 2912 qnoque
669 2835 790 2911 ingeniis
812 2843 840 2892 et
856 2835 999 2892 cotidiano
1021 2832 1150 2919 sermoni

146 2920 379 2997 frequentissime
391 2921 488 2977 servit.
523 2916 594 2977 Nam
610 2918 660 2978 illa
675 2921 702 2977 in
717 2919 837 2994 agendis
854 2918 947 2976 causis
964 2918 1019 2975 iam
1031 2915 1146 2988 detrita,

146 3001 258 3063 Pedem
283 3005 424 3083 conferre
446 3012 475 3061 et
489 3000 631 3079 lupulum
643 3010 747 3081 petere
769 3010 798 3060 et
817 3000 1003 3079 Suntquinem
1017 3001 1145 3074 mittere,

146 3086 212 3145 inde
224 3096 306 3162 sunt,
323 3106 377 3145 nec
394 3086 540 3145 offendunt
554 3095 656 3144 tamen.
687 3085 739 3144 Est
751 3087 824 3145 enim
840 3095 922 3161 grata
937 3085 965 3143 in
981 3083 1145 3160 eloquendo

146 3170 257 3228 novitas
280 3179 309 3229 et
325 3173 478 3245 emutatio,
500 3178 529 3228 et
548 3171 639 3245 magis
657 3171 801 3248 inopinata
817 3169 971 3228 delectant.
1017 3167 1145 3244 Ideoque

147 3255 247 3313 iamin
268 3253 312 3312 his
338 3256 481 3313 amisimus
502 3253 615 3312 modum
634 3261 662 3312 et
679 3256 798 3330 gratiam
813 3254 857 3311 rei
878 3254 962 3311 nimia
982 3251 1145 3342 captaqiqne,

105 3337 383 3415 aaconsumpsimns.
419 3337 472 3396 Est
493 3338 520 3395 in
544 3336 685 3415 exemplis
702 3337 861 3414 allegoria,
883 3338 908 3394 si
924 3352 982 3394 non
996 3332 1146 3412 praedicta

146 3423 257 3482 ratione
278 3429 428 3501 ponantur.
472 3421 542 3481 Nam
566 3430 595 3481 ut
620 3420 796 3501 Dionysium
819 3417 955 3481 Corinthi
975 3436 1057 3494 esse,
1086 3431 1144 3495 quo
