<?xml version="1.0" encoding="UTF-8"?>
<!DOCTYPE html PUBLIC "-//W3C//DTD XHTML 1.0 Transitional//EN"
    "http://www.w3.org/TR/xhtml1/DTD/xhtml1-transitional.dtd">
<html xmlns="http://www.w3.org/1999/xhtml" xml:lang="en" lang="en">
 <head>
  <title>
</title>
<meta http-equiv="Content-Type" content="text/html;charset=utf-8" />
  <meta name='ocr-system' content='tesseract 3.04.00' />
  <meta name='ocr-capabilities' content='ocr_page ocr_carea ocr_par ocr_line ocrx_word'/>
</head>
<body>
  <div class='ocr_page' id='page_1' title='image "./mfabiiquintilia08bonngoog_0620.png"; bbox 0 0 2434 3925; ppageno 0'>
   <div class='ocr_carea' id='block_1_1' title="bbox 155 210 833 282">
    <p class='ocr_par' dir='ltr' id='par_1_1' title="bbox 155 210 833 282">
     <span class='ocr_line' id='line_1_1' title="bbox 155 210 833 282; baseline -0.004 -11"><span class='ocrx_word' id='word_1_1' title='bbox 155 210 214 273; x_wconf 84' lang='grc'><strong>194</strong></span> <span class='ocrx_word' id='word_1_2' title='bbox 473 221 833 282; x_wconf 57' lang='lat' dir='ltr'><strong>amnemamnem</strong></span> 
     </span>
    </p>
   </div>
   <div class='ocr_carea' id='block_1_2' title="bbox 10 375 1174 876">
    <p class='ocr_par' dir='ltr' id='par_1_2' title="bbox 10 375 1174 876">
     <span class='ocr_line' id='line_1_2' title="bbox 153 375 1174 461; baseline 0.006 -25"><span class='ocrx_word' id='word_1_3' title='bbox 153 376 245 451; x_wconf 83' lang='lat' dir='ltr'><strong>Quam</strong></span> <span class='ocrx_word' id='word_1_4' title='bbox 260 375 363 454; x_wconf 79' lang='lat' dir='ltr'><strong>dignae</strong></span> <span class='ocrx_word' id='word_1_5' title='bbox 380 375 494 450; x_wconf 77' lang='lat' dir='ltr'>Milonis</span> <span class='ocrx_word' id='word_1_6' title='bbox 517 377 546 436; x_wconf 94' lang='lat' dir='ltr'><strong>in</strong></span> <span class='ocrx_word' id='word_1_7' title='bbox 561 376 747 455; x_wconf 70' lang='lat' dir='ltr'><strong>peroratione</strong></span> <span class='ocrx_word' id='word_1_8' title='bbox 763 376 825 455; x_wconf 90' lang='lat' dir='ltr'><strong>ipsa</strong></span> <span class='ocrx_word' id='word_1_9' title='bbox 833 393 933 461; x_wconf 20' lang='lat' dir='ltr'><strong>‘voces</strong></span> <span class='ocrx_word' id='word_1_10' title='bbox 949 394 986 438; x_wconf 97' lang='lat' dir='ltr'><strong>eo</strong></span> <span class='ocrx_word' id='word_1_11' title='bbox 1001 378 1091 456; x_wconf 87' lang='lat' dir='ltr'><strong>viro,</strong></span> <span class='ocrx_word' id='word_1_12' title='bbox 1115 383 1174 460; x_wconf 80' lang='lat' dir='ltr'><strong>qui</strong></span> 
     </span>
     <span class='ocr_line' id='line_1_3' title="bbox 151 461 1171 544; baseline 0.005 -24"><span class='ocrx_word' id='word_1_13' title='bbox 151 478 205 541; x_wconf 91' lang='lat' dir='ltr'><strong>pro</strong></span> <span class='ocrx_word' id='word_1_14' title='bbox 227 479 261 520; x_wconf 94' lang='lat' dir='ltr'><strong>re</strong></span> <span class='ocrx_word' id='word_1_15' title='bbox 282 461 398 539; x_wconf 86' lang='lat' dir='ltr'><strong>publica</strong></span> <span class='ocrx_word' id='word_1_16' title='bbox 418 462 587 523; x_wconf 87' lang='lat' dir='ltr'><strong>seditiosum</strong></span> <span class='ocrx_word' id='word_1_17' title='bbox 611 463 703 520; x_wconf 84' lang='lat' dir='ltr'><strong>civem</strong></span> <span class='ocrx_word' id='word_1_18' title='bbox 720 462 826 520; x_wconf 85' lang='lat' dir='ltr'><strong>totiens</strong></span> <span class='ocrx_word' id='word_1_19' title='bbox 844 464 1083 539; x_wconf 78' lang='lat' dir='ltr'><strong>compescuisset</strong></span> <span class='ocrx_word' id='word_1_20' title='bbox 1101 468 1171 544; x_wconf 87' lang='lat' dir='ltr'><strong>qui·</strong></span> 
     </span>
     <span class='ocr_line' id='line_1_4' title="bbox 10 542 1171 639; baseline 0 -30"><span class='ocrx_word' id='word_1_21' title='bbox 10 558 11 639; x_wconf 57' lang='lat' dir='ltr'><strong>p</strong></span> <span class='ocrx_word' id='word_1_22' title='bbox 111 557 209 624; x_wconf 80' lang='lat' dir='ltr'><strong>thue</strong></span> <span class='ocrx_word' id='word_1_23' title='bbox 225 546 342 605; x_wconf 82' lang='lat' dir='ltr'><strong>insidias</strong></span> <span class='ocrx_word' id='word_1_24' title='bbox 358 547 463 605; x_wconf 84' lang='lat' dir='ltr'><strong>virtute</strong></span> <span class='ocrx_word' id='word_1_25' title='bbox 485 542 676 623; x_wconf 77' lang='lat' dir='ltr'><strong>superasset?</strong></span> <span class='ocrx_word' id='word_1_26' title='bbox 704 543 837 622; x_wconf 89' lang='lat' dir='ltr'><strong>Denique</strong></span> <span class='ocrx_word' id='word_1_27' title='bbox 859 560 917 606; x_wconf 91' lang='lat' dir='ltr'><strong>non</strong></span> <span class='ocrx_word' id='word_1_28' title='bbox 938 546 1023 606; x_wconf 90' lang='lat' dir='ltr'><strong>modo</strong></span> <span class='ocrx_word' id='word_1_29' title='bbox 1040 558 1124 626; x_wconf 86' lang='lat' dir='ltr'><strong>quot</strong></span> <span class='ocrx_word' id='word_1_30' title='bbox 1140 552 1171 609; x_wconf 90' lang='lat' dir='ltr'><strong>in</strong></span> 
     </span>
     <span class='ocr_line' id='line_1_5' title="bbox 153 629 1170 707; baseline 0.003 -18"><span class='ocrx_word' id='word_1_31' title='bbox 153 647 239 689; x_wconf 88' lang='lat' dir='ltr'><strong>causa</strong></span> <span class='ocrx_word' id='word_1_32' title='bbox 255 629 373 689; x_wconf 87' lang='lat' dir='ltr'><strong>totidem</strong></span> <span class='ocrx_word' id='word_1_33' title='bbox 388 630 416 687; x_wconf 93' lang='lat' dir='ltr'><strong>in</strong></span> <span class='ocrx_word' id='word_1_34' title='bbox 431 629 649 707; x_wconf 87' lang='lat' dir='ltr'><strong>prosopopoeia</strong></span> <span class='ocrx_word' id='word_1_35' title='bbox 666 631 913 706; x_wconf 76' lang='lat' dir='ltr'><strong>contrarietates,</strong></span> <span class='ocrx_word' id='word_1_36' title='bbox 929 630 981 689; x_wconf 87' lang='lat' dir='ltr'><strong>sed</strong></span> <span class='ocrx_word' id='word_1_37' title='bbox 995 629 1055 699; x_wconf 87' lang='lat' dir='ltr'><strong>hoc</strong></span> <span class='ocrx_word' id='word_1_38' title='bbox 1073 634 1170 692; x_wconf 88' lang='lat' dir='ltr'><strong>etiarn</strong></span> 
     </span>
     <span class='ocr_line' id='line_1_6' title="bbox 152 713 1168 794; baseline 0.004 -21"><span class='ocrx_word' id='word_1_39' title='bbox 152 713 268 794; x_wconf 92' lang='lat' dir='ltr'><strong>plures,</strong></span> <span class='ocrx_word' id='word_1_40' title='bbox 285 714 362 791; x_wconf 89' lang='lat' dir='ltr'><strong>quod</strong></span> <span class='ocrx_word' id='word_1_41' title='bbox 377 715 405 772; x_wconf 93' lang='lat' dir='ltr'><strong>in</strong></span> <span class='ocrx_word' id='word_1_42' title='bbox 418 713 462 772; x_wconf 92' lang='lat' dir='ltr'><strong>his</strong></span> <span class='ocrx_word' id='word_1_43' title='bbox 478 730 647 791; x_wconf 90' lang='lat' dir='ltr'><strong>puerorum,</strong></span> <span class='ocrx_word' id='word_1_44' title='bbox 666 713 843 788; x_wconf 77' lang='lat' dir='ltr'><strong>laminarum,</strong></span> <span class='ocrx_word' id='word_1_45' title='bbox 860 714 1045 792; x_wconf 89' lang='lat' dir='ltr'><strong>populorum,</strong></span> <span class='ocrx_word' id='word_1_46' title='bbox 1067 726 1168 777; x_wconf 88' lang='lat' dir='ltr'><strong>muta-</strong></span> 
     </span>
     <span class='ocr_line' id='line_1_7' title="bbox 152 796 1167 876; baseline 0.003 -19"><span class='ocrx_word' id='word_1_47' title='bbox 152 816 213 857; x_wconf 91' lang='lat' dir='ltr'><strong>rum</strong></span> <span class='ocrx_word' id='word_1_48' title='bbox 228 798 313 856; x_wconf 89' lang='lat' dir='ltr'><strong>etiam</strong></span> <span class='ocrx_word' id='word_1_49' title='bbox 333 815 428 857; x_wconf 89' lang='lat' dir='ltr'><strong>rerum</strong></span> <span class='ocrx_word' id='word_1_50' title='bbox 449 797 647 873; x_wconf 76' lang='lat' dir='ltr'><strong>assimulamus</strong></span> <span class='ocrx_word' id='word_1_51' title='bbox 669 796 807 873; x_wconf 82' lang='lat' dir='ltr'><strong>allectus,</strong></span> <span class='ocrx_word' id='word_1_52' title='bbox 834 797 937 876; x_wconf 88' lang='lat' dir='ltr'><strong>quibus</strong></span> <span class='ocrx_word' id='word_1_53' title='bbox 955 798 1095 859; x_wconf 86' lang='lat' dir='ltr'><strong>omnibus</strong></span> <span class='ocrx_word' id='word_1_54' title='bbox 1113 800 1167 860; x_wconf 76' lang='lat' dir='ltr'><strong>de</strong></span> 
     </span>
    </p>
   </div>
   <div class='ocr_carea' id='block_1_3' title="bbox 10 879 1167 960">
    <p class='ocr_par' dir='ltr' id='par_1_3' title="bbox 10 879 1167 960">
     <span class='ocr_line' id='line_1_8' title="bbox 10 879 1167 960; baseline 0 -16"><span class='ocrx_word' id='word_1_55' title='bbox 10 880 11 899; x_wconf 65' lang='lat'><em>³</em></span> <span class='ocrx_word' id='word_1_56' title='bbox 111 881 236 945; x_wconf 70' lang='lat' dir='ltr'><strong>labetur</strong></span> <span class='ocrx_word' id='word_1_57' title='bbox 250 899 319 940; x_wconf 91' lang='lat' dir='ltr'><strong>suus</strong></span> <span class='ocrx_word' id='word_1_58' title='bbox 334 881 434 942; x_wconf 90' lang='lat' dir='ltr'><strong>decor.</strong></span> <span class='ocrx_word' id='word_1_59' title='bbox 464 879 572 940; x_wconf 87' lang='lat' dir='ltr'><strong>Eadem</strong></span> <span class='ocrx_word' id='word_1_60' title='bbox 588 881 616 939; x_wconf 94' lang='lat' dir='ltr'><strong>in</strong></span> <span class='ocrx_word' id='word_1_61' title='bbox 631 881 682 956; x_wconf 91' lang='lat' dir='ltr'><strong>iis,</strong></span> <span class='ocrx_word' id='word_1_62' title='bbox 704 897 758 960; x_wconf 92' lang='lat' dir='ltr'><strong>pro</strong></span> <span class='ocrx_word' id='word_1_63' title='bbox 774 881 877 959; x_wconf 84' lang='lat' dir='ltr'><strong>quibus</strong></span> <span class='ocrx_word' id='word_1_64' title='bbox 891 897 1029 958; x_wconf 80' lang='lat' dir='ltr'><strong>agemus,</strong></span> <span class='ocrx_word' id='word_1_65' title='bbox 1051 883 1167 944; x_wconf 88' lang='lat' dir='ltr'><strong>obser·</strong></span> 
     </span>
    </p>
   </div>
   <div class='ocr_carea' id='block_1_4' title="bbox 46 964 1209 3566">
    <p class='ocr_par' dir='ltr' id='par_1_4' title="bbox 152 964 1167 1545">
     <span class='ocr_line' id='line_1_9' title="bbox 153 964 1167 1047; baseline 0.004 -22"><span class='ocrx_word' id='word_1_66' title='bbox 153 965 245 1025; x_wconf 87' lang='lat' dir='ltr'><strong>vanda</strong></span> <span class='ocrx_word' id='word_1_67' title='bbox 259 975 334 1025; x_wconf 85' lang='lat' dir='ltr'><strong>sunt.</strong></span> <span class='ocrx_word' id='word_1_68' title='bbox 359 964 454 1027; x_wconf 74' lang='lat' dir='ltr'><strong>Aliter</strong></span> <span class='ocrx_word' id='word_1_69' title='bbox 465 966 540 1025; x_wconf 85' lang='lat' dir='ltr'><strong>enirn</strong></span> <span class='ocrx_word' id='word_1_70' title='bbox 555 982 608 1044; x_wconf 94' lang='lat' dir='ltr'><strong>pro</strong></span> <span class='ocrx_word' id='word_1_71' title='bbox 626 964 683 1024; x_wconf 89' lang='lat' dir='ltr'><strong>alio</strong></span> <span class='ocrx_word' id='word_1_72' title='bbox 694 982 785 1044; x_wconf 87' lang='lat' dir='ltr'><strong>saepe</strong></span> <span class='ocrx_word' id='word_1_73' title='bbox 797 965 948 1025; x_wconf 90' lang='lat' dir='ltr'><strong>dicendum</strong></span> <span class='ocrx_word' id='word_1_74' title='bbox 959 974 1015 1041; x_wconf 91' lang='lat' dir='ltr'><strong>est,</strong></span> <span class='ocrx_word' id='word_1_75' title='bbox 1031 975 1066 1027; x_wconf 86' lang='lat' dir='ltr'><strong>ut</strong></span> <span class='ocrx_word' id='word_1_76' title='bbox 1081 971 1167 1047; x_wconf 85' lang='lat' dir='ltr'><strong>quis·</strong></span> 
     </span>
     <span class='ocr_line' id='line_1_10' title="bbox 154 1048 1167 1127; baseline 0.005 -19"><span class='ocrx_word' id='word_1_77' title='bbox 154 1067 210 1127; x_wconf 89' lang='lat' dir='ltr'><strong>qne</strong></span> <span class='ocrx_word' id='word_1_78' title='bbox 232 1048 388 1125; x_wconf 86' lang='lat' dir='ltr'><strong>honestus,</strong></span> <span class='ocrx_word' id='word_1_79' title='bbox 411 1048 542 1125; x_wconf 85' lang='lat' dir='ltr'><strong>humilis,</strong></span> <span class='ocrx_word' id='word_1_80' title='bbox 563 1049 741 1124; x_wconf 87' lang='lat' dir='ltr'><strong>invidiosus,</strong></span> <span class='ocrx_word' id='word_1_81' title='bbox 763 1048 931 1111; x_wconf 81' lang='lat' dir='ltr'><strong>favorabilis</strong></span> <span class='ocrx_word' id='word_1_82' title='bbox 952 1050 1023 1126; x_wconf 93' lang='lat' dir='ltr'><strong>erit,</strong></span> <span class='ocrx_word' id='word_1_83' title='bbox 1039 1052 1167 1113; x_wconf 88' lang='lat' dir='ltr'><strong>adiecta</strong></span> 
     </span>
     <span class='ocr_line' id='line_1_11' title="bbox 152 1133 1166 1212; baseline 0.004 -19"><span class='ocrx_word' id='word_1_84' title='bbox 152 1135 368 1212; x_wconf 89' lang='lat' dir='ltr'><strong>propositomm</strong></span> <span class='ocrx_word' id='word_1_85' title='bbox 394 1151 510 1212; x_wconf 86' lang='lat' dir='ltr'><strong>quoque</strong></span> <span class='ocrx_word' id='word_1_86' title='bbox 531 1142 560 1193; x_wconf 93' lang='lat' dir='ltr'><strong>et</strong></span> <span class='ocrx_word' id='word_1_87' title='bbox 582 1140 733 1193; x_wconf 79' lang='lat' dir='ltr'><strong>anteactae</strong></span> <span class='ocrx_word' id='word_1_88' title='bbox 754 1135 831 1193; x_wconf 88' lang='lat' dir='ltr'><strong>vitae</strong></span> <span class='ocrx_word' id='word_1_89' title='bbox 851 1133 1022 1193; x_wconf 81' lang='lat' dir='ltr'><strong>differentia.</strong></span> <span class='ocrx_word' id='word_1_90' title='bbox 1049 1134 1166 1196; x_wconf 87' lang='lat' dir='ltr'><strong>Iucun-</strong></span> 
     </span>
     <span class='ocr_line' id='line_1_12' title="bbox 153 1216 1164 1294; baseline 0.004 -18"><span class='ocrx_word' id='word_1_91' title='bbox 153 1217 268 1277; x_wconf 88' lang='lat' dir='ltr'><strong>dissima</strong></span> <span class='ocrx_word' id='word_1_92' title='bbox 284 1234 355 1277; x_wconf 82' lang='lat' dir='ltr'><strong>uero</strong></span> <span class='ocrx_word' id='word_1_93' title='bbox 371 1218 399 1276; x_wconf 96' lang='lat' dir='ltr'><strong>in</strong></span> <span class='ocrx_word' id='word_1_94' title='bbox 413 1227 531 1278; x_wconf 86' lang='lat' dir='ltr'><strong>oratore</strong></span> <span class='ocrx_word' id='word_1_95' title='bbox 546 1218 715 1292; x_wconf 86' lang='lat' dir='ltr'><strong>humanitas,</strong></span> <span class='ocrx_word' id='word_1_96' title='bbox 733 1216 868 1292; x_wconf 78' lang='lat' dir='ltr'><strong>facilitas,</strong></span> <span class='ocrx_word' id='word_1_97' title='bbox 886 1217 1056 1294; x_wconf 83' lang='lat' dir='ltr'><strong>moderatio,</strong></span> <span class='ocrx_word' id='word_1_98' title='bbox 1077 1219 1164 1280; x_wconf 85' lang='lat' dir='ltr'><strong>beni·</strong></span> 
     </span>
     <span class='ocr_line' id='line_1_13' title="bbox 152 1300 1166 1380; baseline 0.005 -20"><span class='ocrx_word' id='word_1_99' title='bbox 152 1300 288 1362; x_wconf 80' lang='lat' dir='ltr'><strong>uolentia.</strong></span> <span class='ocrx_word' id='word_1_100' title='bbox 316 1301 374 1361; x_wconf 86' lang='lat' dir='ltr'><strong>Sed</strong></span> <span class='ocrx_word' id='word_1_101' title='bbox 385 1301 435 1362; x_wconf 92' lang='lat' dir='ltr'><strong>illa</strong></span> <span class='ocrx_word' id='word_1_102' title='bbox 451 1318 566 1380; x_wconf 88' lang='lat' dir='ltr'><strong>quoque</strong></span> <span class='ocrx_word' id='word_1_103' title='bbox 578 1302 693 1361; x_wconf 91' lang='lat' dir='ltr'><strong>diversa</strong></span> <span class='ocrx_word' id='word_1_104' title='bbox 703 1301 809 1360; x_wconf 89' lang='lat' dir='ltr'><strong>bonum</strong></span> <span class='ocrx_word' id='word_1_105' title='bbox 823 1303 914 1361; x_wconf 82' lang='lat' dir='ltr'><strong>uirum</strong></span> <span class='ocrx_word' id='word_1_106' title='bbox 926 1302 1044 1361; x_wconf 91' lang='lat' dir='ltr'><strong>decent:</strong></span> <span class='ocrx_word' id='word_1_107' title='bbox 1061 1305 1166 1365; x_wconf 88' lang='lat' dir='ltr'><strong>malos</strong></span> 
     </span>
     <span class='ocr_line' id='line_1_14' title="bbox 153 1381 1164 1464; baseline 0.004 -19"><span class='ocrx_word' id='word_1_108' title='bbox 153 1385 262 1460; x_wconf 89' lang='lat' dir='ltr'><strong>odisse,</strong></span> <span class='ocrx_word' id='word_1_109' title='bbox 280 1384 396 1463; x_wconf 89' lang='lat' dir='ltr'><strong>publica</strong></span> <span class='ocrx_word' id='word_1_110' title='bbox 411 1387 476 1445; x_wconf 91' lang='lat' dir='ltr'><strong>vice</strong></span> <span class='ocrx_word' id='word_1_111' title='bbox 492 1386 681 1461; x_wconf 86' lang='lat' dir='ltr'><strong>commoveri,</strong></span> <span class='ocrx_word' id='word_1_112' title='bbox 698 1385 787 1445; x_wconf 91' lang='lat' dir='ltr'><strong>ultum</strong></span> <span class='ocrx_word' id='word_1_113' title='bbox 798 1386 841 1446; x_wconf 92' lang='lat' dir='ltr'><strong>ire</strong></span> <span class='ocrx_word' id='word_1_114' title='bbox 853 1381 970 1445; x_wconf 87' lang='lat' dir='ltr'><strong>scelera</strong></span> <span class='ocrx_word' id='word_1_115' title='bbox 982 1395 1011 1446; x_wconf 91' lang='lat' dir='ltr'><strong>et</strong></span> <span class='ocrx_word' id='word_1_116' title='bbox 1023 1387 1164 1464; x_wconf 87' lang='lat' dir='ltr'><strong>iniurias,</strong></span> 
     </span>
     <span class='ocr_line' id='line_1_15' title="bbox 153 1469 682 1545; baseline -0.004 -16"><span class='ocrx_word' id='word_1_117' title='bbox 153 1478 183 1529; x_wconf 90' lang='lat' dir='ltr'><strong>et</strong></span> <span class='ocrx_word' id='word_1_118' title='bbox 199 1471 303 1544; x_wconf 87' lang='lat' dir='ltr'><strong>omnia,</strong></span> <span class='ocrx_word' id='word_1_119' title='bbox 321 1478 352 1529; x_wconf 88' lang='lat' dir='ltr'><strong>ut</strong></span> <span class='ocrx_word' id='word_1_120' title='bbox 367 1470 446 1528; x_wconf 91' lang='lat' dir='ltr'><strong>initio</strong></span> <span class='ocrx_word' id='word_1_121' title='bbox 462 1471 531 1545; x_wconf 83' lang='lat' dir='ltr'><strong>dixi,</strong></span> <span class='ocrx_word' id='word_1_122' title='bbox 551 1469 682 1530; x_wconf 86' lang='lat' dir='ltr'><strong>honesta.</strong></span> 
     </span>
    </p>

    <p class='ocr_par' dir='ltr' id='par_1_5' title="bbox 110 1552 1162 1885">
     <span class='ocr_line' id='line_1_16' title="bbox 110 1552 1162 1632; baseline 0.005 -21"><span class='ocrx_word' id='word_1_123' title='bbox 110 1565 145 1619; x_wconf 72' lang='lat'><strong>43</strong></span> <span class='ocrx_word' id='word_1_124' title='bbox 236 1552 300 1612; x_wconf 88' lang='lat' dir='ltr'><strong>Neo</strong></span> <span class='ocrx_word' id='word_1_125' title='bbox 324 1562 445 1628; x_wconf 89' lang='lat' dir='ltr'><strong>tantum,</strong></span> <span class='ocrx_word' id='word_1_126' title='bbox 469 1555 533 1631; x_wconf 87' lang='lat' dir='ltr'><strong>quis</strong></span> <span class='ocrx_word' id='word_1_127' title='bbox 557 1563 586 1613; x_wconf 88' lang='lat' dir='ltr'><strong>et</strong></span> <span class='ocrx_word' id='word_1_128' title='bbox 607 1571 662 1632; x_wconf 87' lang='lat' dir='ltr'><strong>pro</strong></span> <span class='ocrx_word' id='word_1_129' title='bbox 683 1570 740 1631; x_wconf 88' lang='lat' dir='ltr'><strong>quo</strong></span> <span class='ocrx_word' id='word_1_130' title='bbox 761 1554 814 1613; x_wconf 91' lang='lat' dir='ltr'><strong>sed</strong></span> <span class='ocrx_word' id='word_1_131' title='bbox 836 1554 921 1612; x_wconf 90' lang='lat' dir='ltr'><strong>etiam</strong></span> <span class='ocrx_word' id='word_1_132' title='bbox 938 1553 1035 1632; x_wconf 87' lang='lat' dir='ltr'><strong>apud</strong></span> <span class='ocrx_word' id='word_1_133' title='bbox 1050 1572 1162 1632; x_wconf 80' lang='lat' dir='ltr'><strong>quem</strong></span> 
     </span>
     <span class='ocr_line' id='line_1_17' title="bbox 154 1636 1158 1717; baseline 0.002 -19"><span class='ocrx_word' id='word_1_134' title='bbox 154 1636 248 1712; x_wconf 87' lang='lat' dir='ltr'><strong>dicas,</strong></span> <span class='ocrx_word' id='word_1_135' title='bbox 267 1636 396 1696; x_wconf 90' lang='lat' dir='ltr'><strong>interest.</strong></span> <span class='ocrx_word' id='word_1_136' title='bbox 428 1637 509 1698; x_wconf 86' lang='lat' dir='ltr'><strong>Facit</strong></span> <span class='ocrx_word' id='word_1_137' title='bbox 524 1639 599 1696; x_wconf 76' lang='lat' dir='ltr'><strong>anun</strong></span> <span class='ocrx_word' id='word_1_138' title='bbox 616 1647 645 1697; x_wconf 91' lang='lat' dir='ltr'><strong>et</strong></span> <span class='ocrx_word' id='word_1_139' title='bbox 663 1637 776 1697; x_wconf 90' lang='lat' dir='ltr'><strong>lortuna</strong></span> <span class='ocrx_word' id='word_1_140' title='bbox 792 1637 945 1698; x_wconf 88' lang='lat' dir='ltr'><strong>discrimen</strong></span> <span class='ocrx_word' id='word_1_141' title='bbox 961 1648 991 1697; x_wconf 87' lang='lat' dir='ltr'><strong>et</strong></span> <span class='ocrx_word' id='word_1_142' title='bbox 1007 1647 1158 1717; x_wconf 86' lang='lat' dir='ltr'><strong>potestas,</strong></span> 
     </span>
     <span class='ocr_line' id='line_1_18' title="bbox 152 1722 1158 1800; baseline 0.006 -22"><span class='ocrx_word' id='word_1_143' title='bbox 152 1738 207 1779; x_wconf 88' lang='lat' dir='ltr'><strong>neo</strong></span> <span class='ocrx_word' id='word_1_144' title='bbox 223 1722 323 1782; x_wconf 88' lang='lat' dir='ltr'><strong>eadem</strong></span> <span class='ocrx_word' id='word_1_145' title='bbox 342 1722 416 1799; x_wconf 92' lang='lat' dir='ltr'><strong>apud</strong></span> <span class='ocrx_word' id='word_1_146' title='bbox 434 1723 609 1800; x_wconf 90' lang='lat' dir='ltr'><strong>principem,</strong></span> <span class='ocrx_word' id='word_1_147' title='bbox 632 1723 843 1798; x_wconf 80' lang='lat' dir='ltr'><strong>magistratum,</strong></span> <span class='ocrx_word' id='word_1_148' title='bbox 858 1732 1039 1797; x_wconf 87' lang='lat' dir='ltr'><strong>senatorem,</strong></span> <span class='ocrx_word' id='word_1_149' title='bbox 1058 1725 1158 1800; x_wconf 83' lang='lat' dir='ltr'><strong>priua·</strong></span> 
     </span>
     <span class='ocr_line' id='line_1_19' title="bbox 152 1805 1157 1885; baseline 0.005 -22"><span class='ocrx_word' id='word_1_150' title='bbox 152 1813 219 1879; x_wconf 88' lang='lat' dir='ltr'><strong>turn,</strong></span> <span class='ocrx_word' id='word_1_151' title='bbox 237 1814 343 1864; x_wconf 88' lang='lat' dir='ltr'><strong>tantum</strong></span> <span class='ocrx_word' id='word_1_152' title='bbox 355 1806 477 1866; x_wconf 89' lang='lat' dir='ltr'><strong>liberum</strong></span> <span class='ocrx_word' id='word_1_153' title='bbox 491 1808 565 1865; x_wconf 90' lang='lat' dir='ltr'><strong>ratio</strong></span> <span class='ocrx_word' id='word_1_154' title='bbox 578 1815 634 1881; x_wconf 87' lang='lat' dir='ltr'><strong>est,</strong></span> <span class='ocrx_word' id='word_1_155' title='bbox 653 1824 708 1874; x_wconf 80' lang='lat' dir='ltr'><strong>nec</strong></span> <span class='ocrx_word' id='word_1_156' title='bbox 721 1805 825 1866; x_wconf 89' lang='lat' dir='ltr'><strong>eodem</strong></span> <span class='ocrx_word' id='word_1_157' title='bbox 837 1823 909 1865; x_wconf 94' lang='lat' dir='ltr'><strong>sono</strong></span> <span class='ocrx_word' id='word_1_158' title='bbox 921 1805 1038 1885; x_wconf 88' lang='lat' dir='ltr'><strong>publica</strong></span> <span class='ocrx_word' id='word_1_159' title='bbox 1049 1808 1157 1868; x_wconf 90' lang='lat' dir='ltr'><strong>indicia</strong></span> 
     </span>
    </p>

    <p class='ocr_par' dir='ltr' id='par_1_6' title="bbox 110 1888 1209 2391">
     <span class='ocr_line' id='line_1_20' title="bbox 110 1888 1209 1971; baseline 0.003 -23"><span class='ocrx_word' id='word_1_160' title='bbox 110 1897 181 1956; x_wconf 67' lang='lat' dir='ltr'><strong>adet</strong></span> <span class='ocrx_word' id='word_1_161' title='bbox 203 1888 374 1949; x_wconf 88' lang='lat' dir='ltr'><strong>arbitrorum</strong></span> <span class='ocrx_word' id='word_1_162' title='bbox 397 1890 624 1968; x_wconf 88' lang='lat' dir='ltr'><strong>disceptationes</strong></span> <span class='ocrx_word' id='word_1_163' title='bbox 645 1899 776 1967; x_wconf 80' lang='lat' dir='ltr'><strong>aguntur.</strong></span> <span class='ocrx_word' id='word_1_164' title='bbox 811 1889 883 1950; x_wconf 90' lang='lat' dir='ltr'><strong>Nam</strong></span> <span class='ocrx_word' id='word_1_165' title='bbox 898 1900 927 1950; x_wconf 88' lang='lat' dir='ltr'><strong>ut</strong></span> <span class='ocrx_word' id='word_1_166' title='bbox 949 1900 1082 1951; x_wconf 87' lang='lat' dir='ltr'><strong>orantem</strong></span> <span class='ocrx_word' id='word_1_167' title='bbox 1102 1909 1156 1971; x_wconf 89' lang='lat' dir='ltr'><strong>pro</strong></span> <span class='ocrx_word' id='word_1_168' title='bbox 1208 1894 1209 1897; x_wconf 73' lang='grc'>’</span> 
     </span>
     <span class='ocr_line' id='line_1_21' title="bbox 154 1974 1155 2054; baseline 0.004 -21"><span class='ocrx_word' id='word_1_169' title='bbox 154 1975 248 2052; x_wconf 90' lang='lat' dir='ltr'><strong>capite</strong></span> <span class='ocrx_word' id='word_1_170' title='bbox 269 1974 434 2035; x_wconf 91' lang='lat' dir='ltr'><strong>sollicitudo</strong></span> <span class='ocrx_word' id='word_1_171' title='bbox 456 1975 560 2036; x_wconf 88' lang='lat' dir='ltr'><strong>deceat</strong></span> <span class='ocrx_word' id='word_1_172' title='bbox 576 1984 606 2035; x_wconf 88' lang='lat' dir='ltr'><strong>et</strong></span> <span class='ocrx_word' id='word_1_173' title='bbox 622 1994 690 2034; x_wconf 91' lang='lat' dir='ltr'><strong>cura</strong></span> <span class='ocrx_word' id='word_1_174' title='bbox 708 1985 738 2036; x_wconf 87' lang='lat' dir='ltr'><strong>et</strong></span> <span class='ocrx_word' id='word_1_175' title='bbox 753 1993 854 2038; x_wconf 86' lang='lat' dir='ltr'><strong>omnes</strong></span> <span class='ocrx_word' id='word_1_176' title='bbox 869 1976 905 2036; x_wconf 92' lang='lat' dir='ltr'><strong>ad</strong></span> <span class='ocrx_word' id='word_1_177' title='bbox 926 1975 1155 2054; x_wconf 86' lang='lat' dir='ltr'><strong>amplificandam</strong></span> 
     </span>
     <span class='ocr_line' id='line_1_22' title="bbox 153 2060 1154 2139; baseline 0.004 -24"><span class='ocrx_word' id='word_1_178' title='bbox 153 2060 313 2118; x_wconf 89' lang='lat' dir='ltr'><strong>orationem</strong></span> <span class='ocrx_word' id='word_1_179' title='bbox 334 2060 415 2136; x_wconf 88' lang='lat' dir='ltr'><strong>quasi</strong></span> <span class='ocrx_word' id='word_1_180' title='bbox 436 2060 602 2119; x_wconf 90' lang='lat' dir='ltr'><strong>machinae:</strong></span> <span class='ocrx_word' id='word_1_181' title='bbox 629 2060 667 2120; x_wconf 90' lang='lat' dir='ltr'><strong>ita</strong></span> <span class='ocrx_word' id='word_1_182' title='bbox 688 2060 717 2118; x_wconf 93' lang='lat' dir='ltr'><strong>in</strong></span> <span class='ocrx_word' id='word_1_183' title='bbox 736 2062 833 2139; x_wconf 89' lang='lat' dir='ltr'><strong>parvis</strong></span> <span class='ocrx_word' id='word_1_184' title='bbox 850 2060 938 2119; x_wconf 91' lang='lat' dir='ltr'><strong>rebus</strong></span> <span class='ocrx_word' id='word_1_185' title='bbox 953 2060 1154 2139; x_wconf 74' lang='lat' dir='ltr'><strong>iudicibusque</strong></span> 
     </span>
     <span class='ocr_line' id='line_1_23' title="bbox 152 2143 1153 2222; baseline 0.005 -23"><span class='ocrx_word' id='word_1_186' title='bbox 152 2158 225 2201; x_wconf 86' lang='lat' dir='ltr'><strong>vana</strong></span> <span class='ocrx_word' id='word_1_187' title='bbox 240 2144 296 2202; x_wconf 83' lang='lat' dir='ltr'><strong>sint</strong></span> <span class='ocrx_word' id='word_1_188' title='bbox 311 2144 422 2218; x_wconf 83' lang='lat' dir='ltr'><strong>eadem,</strong></span> <span class='ocrx_word' id='word_1_189' title='bbox 443 2143 627 2222; x_wconf 89' lang='lat' dir='ltr'><strong>rideaturque</strong></span> <span class='ocrx_word' id='word_1_190' title='bbox 643 2146 756 2219; x_wconf 87' lang='lat' dir='ltr'><strong>merito,</strong></span> <span class='ocrx_word' id='word_1_191' title='bbox 774 2145 822 2222; x_wconf 89' lang='lat' dir='ltr'><strong>qui</strong></span> <span class='ocrx_word' id='word_1_192' title='bbox 837 2144 911 2221; x_wconf 93' lang='lat' dir='ltr'><strong>apud</strong></span> <span class='ocrx_word' id='word_1_193' title='bbox 927 2144 1153 2222; x_wconf 90' lang='lat' dir='ltr'><strong>disceptatorem</strong></span> 
     </span>
     <span class='ocr_line' id='line_1_24' title="bbox 152 2223 1153 2290; baseline 0.005 -8"><span class='ocrx_word' id='word_1_194' title='bbox 152 2223 189 2283; x_wconf 88' lang='lat' dir='ltr'><strong>de</strong></span> <span class='ocrx_word' id='word_1_195' title='bbox 204 2243 237 2284; x_wconf 91' lang='lat' dir='ltr'><strong>re</strong></span> <span class='ocrx_word' id='word_1_196' title='bbox 251 2225 397 2286; x_wconf 88' lang='lat' dir='ltr'><strong>levissima</strong></span> <span class='ocrx_word' id='word_1_197' title='bbox 420 2228 528 2287; x_wconf 88' lang='lat' dir='ltr'><strong>sedens</strong></span> <span class='ocrx_word' id='word_1_198' title='bbox 543 2228 671 2287; x_wconf 86' lang='lat' dir='ltr'><strong>dicturus</strong></span> <span class='ocrx_word' id='word_1_199' title='bbox 687 2237 781 2287; x_wconf 90' lang='lat' dir='ltr'><strong>utatur</strong></span> <span class='ocrx_word' id='word_1_200' title='bbox 804 2228 853 2290; x_wconf 91' lang='lat' dir='ltr'><strong>illa</strong></span> <span class='ocrx_word' id='word_1_201' title='bbox 869 2226 1020 2287; x_wconf 85' lang='lat' dir='ltr'><strong>Ciceronis</strong></span> <span class='ocrx_word' id='word_1_202' title='bbox 1038 2228 1153 2289; x_wconf 83' lang='lat' dir='ltr'><strong>confes-</strong></span> 
     </span>
     <span class='ocr_line' id='line_1_25' title="bbox 152 2309 1154 2391; baseline 0.008 -25"><span class='ocrx_word' id='word_1_203' title='bbox 152 2309 250 2384; x_wconf 87' lang='lat' dir='ltr'><strong>sione,</strong></span> <span class='ocrx_word' id='word_1_204' title='bbox 270 2329 331 2371; x_wconf 81' lang='lat' dir='ltr'><strong>ooo</strong></span> <span class='ocrx_word' id='word_1_205' title='bbox 354 2313 443 2372; x_wconf 84' lang='lat' dir='ltr'><strong>modo</strong></span> <span class='ocrx_word' id='word_1_206' title='bbox 464 2331 499 2372; x_wconf 81' lang='lat' dir='ltr'><strong>ae</strong></span> <span class='ocrx_word' id='word_1_207' title='bbox 518 2313 619 2372; x_wconf 79' lang='lat' dir='ltr'><strong>ocimo</strong></span> <span class='ocrx_word' id='word_1_208' title='bbox 641 2314 821 2375; x_wconf 78' lang='lat' dir='ltr'><strong>commoveri</strong></span> <span class='ocrx_word' id='word_1_209' title='bbox 840 2312 1002 2374; x_wconf 77' lang='lat' dir='ltr'><strong>sedetiam</strong></span> <span class='ocrx_word' id='word_1_210' title='bbox 1023 2331 1154 2391; x_wconf 83' lang='lat' dir='ltr'><strong>corpore</strong></span> 
     </span>
    </p>

    <p class='ocr_par' dir='ltr' id='par_1_7' title="bbox 110 2393 1152 2642">
     <span class='ocr_line' id='line_1_26' title="bbox 110 2393 1152 2475; baseline 0.006 -26"><span class='ocrx_word' id='word_1_211' title='bbox 110 2393 216 2470; x_wconf 79' lang='lat' dir='ltr'><strong>45e&#39;pao</strong></span> <span class='ocrx_word' id='word_1_212' title='bbox 228 2394 475 2472; x_wconf 76' lang='lat' dir='ltr'><strong>perhorrescere.</strong></span> <span class='ocrx_word' id='word_1_213' title='bbox 504 2393 575 2468; x_wconf 83' lang='lat' dir='ltr'><strong>Quis</strong></span> <span class='ocrx_word' id='word_1_214' title='bbox 590 2413 661 2454; x_wconf 87' lang='lat' dir='ltr'><strong>uero</strong></span> <span class='ocrx_word' id='word_1_215' title='bbox 677 2397 805 2471; x_wconf 85' lang='lat' dir='ltr'><strong>nesciat,</strong></span> <span class='ocrx_word' id='word_1_216' title='bbox 828 2404 932 2475; x_wconf 89' lang='lat' dir='ltr'><strong>quanto</strong></span> <span class='ocrx_word' id='word_1_217' title='bbox 948 2395 1025 2455; x_wconf 92' lang='lat' dir='ltr'><strong>aliud</strong></span> <span class='ocrx_word' id='word_1_218' title='bbox 1040 2395 1152 2456; x_wconf 90' lang='lat' dir='ltr'><strong>dicendi</strong></span> 
     </span>
     <span class='ocr_line' id='line_1_27' title="bbox 151 2478 1150 2561; baseline 0.003 -25"><span class='ocrx_word' id='word_1_219' title='bbox 151 2494 244 2553; x_wconf 80' lang='lat' dir='ltr'><strong>genus</strong></span> <span class='ocrx_word' id='word_1_220' title='bbox 268 2487 371 2556; x_wconf 86' lang='lat' dir='ltr'><strong>poscat</strong></span> <span class='ocrx_word' id='word_1_221' title='bbox 390 2481 517 2555; x_wconf 78' lang='lat' dir='ltr'><strong>gravitas</strong></span> <span class='ocrx_word' id='word_1_222' title='bbox 539 2482 686 2539; x_wconf 88' lang='lat' dir='ltr'><strong>senatoria</strong></span> <span class='ocrx_word' id='word_1_223' title='bbox 710 2479 786 2538; x_wconf 91' lang='lat' dir='ltr'><strong>aliud</strong></span> <span class='ocrx_word' id='word_1_224' title='bbox 807 2498 876 2561; x_wconf 90' lang='lat' dir='ltr'><strong>aura</strong></span> <span class='ocrx_word' id='word_1_225' title='bbox 890 2478 1062 2558; x_wconf 78' lang='lat' dir='ltr'><strong>popularis?</strong></span> <span class='ocrx_word' id='word_1_226' title='bbox 1090 2499 1150 2539; x_wconf 88' lang='lat' dir='ltr'><strong>cum</strong></span> 
     </span>
     <span class='ocr_line' id='line_1_28' title="bbox 152 2562 1149 2642; baseline 0.003 -22"><span class='ocrx_word' id='word_1_227' title='bbox 152 2562 237 2620; x_wconf 90' lang='lat' dir='ltr'><strong>etiam</strong></span> <span class='ocrx_word' id='word_1_228' title='bbox 252 2563 374 2639; x_wconf 79' lang='lat' dir='ltr'><strong>singulis</strong></span> <span class='ocrx_word' id='word_1_229' title='bbox 390 2563 579 2624; x_wconf 88' lang='lat' dir='ltr'><strong>iudicantibus</strong></span> <span class='ocrx_word' id='word_1_230' title='bbox 601 2581 659 2623; x_wconf 92' lang='lat' dir='ltr'><strong>non</strong></span> <span class='ocrx_word' id='word_1_231' title='bbox 679 2564 754 2624; x_wconf 92' lang='lat' dir='ltr'><strong>idem</strong></span> <span class='ocrx_word' id='word_1_232' title='bbox 768 2565 843 2641; x_wconf 92' lang='lat' dir='ltr'><strong>apud</strong></span> <span class='ocrx_word' id='word_1_233' title='bbox 857 2581 963 2640; x_wconf 82' lang='lat' dir='ltr'><strong>graves</strong></span> <span class='ocrx_word' id='word_1_234' title='bbox 978 2564 1059 2623; x_wconf 88' lang='lat' dir='ltr'><strong>viros</strong></span> <span class='ocrx_word' id='word_1_235' title='bbox 1075 2564 1149 2642; x_wconf 87' lang='lat' dir='ltr'><strong>quod</strong></span> 
     </span>
    </p>

    <p class='ocr_par' dir='ltr' id='par_1_8' title="bbox 46 2644 1209 2893">
     <span class='ocr_line' id='line_1_29' title="bbox 46 2644 1149 2725; baseline 0.004 -23"><span class='ocrx_word' id='word_1_236' title='bbox 46 2657 48 2664; x_wconf 80' lang='grc'><em>’</em></span> <span class='ocrx_word' id='word_1_237' title='bbox 151 2644 294 2720; x_wconf 85' lang='lat' dir='ltr'><strong>leviores,</strong></span> <span class='ocrx_word' id='word_1_238' title='bbox 317 2664 374 2707; x_wconf 92' lang='lat' dir='ltr'><strong>non</strong></span> <span class='ocrx_word' id='word_1_239' title='bbox 394 2648 469 2707; x_wconf 90' lang='lat' dir='ltr'><strong>idem</strong></span> <span class='ocrx_word' id='word_1_240' title='bbox 490 2648 565 2725; x_wconf 92' lang='lat' dir='ltr'><strong>apud</strong></span> <span class='ocrx_word' id='word_1_241' title='bbox 586 2648 726 2708; x_wconf 86' lang='lat' dir='ltr'><strong>eruditum</strong></span> <span class='ocrx_word' id='word_1_242' title='bbox 742 2649 819 2725; x_wconf 87' lang='lat' dir='ltr'><strong>quod</strong></span> <span class='ocrx_word' id='word_1_243' title='bbox 841 2648 992 2707; x_wconf 90' lang='lat' dir='ltr'><strong>militarem</strong></span> <span class='ocrx_word' id='word_1_244' title='bbox 1013 2665 1049 2707; x_wconf 94' lang='lat' dir='ltr'><strong>ac</strong></span> <span class='ocrx_word' id='word_1_245' title='bbox 1068 2650 1149 2708; x_wconf 90' lang='lat' dir='ltr'><strong>rusti·</strong></span> 
     </span>
     <span class='ocr_line' id='line_1_30' title="bbox 152 2729 1150 2810; baseline 0.004 -23"><span class='ocrx_word' id='word_1_246' title='bbox 152 2746 215 2810; x_wconf 89' lang='lat' dir='ltr'><strong>cum</strong></span> <span class='ocrx_word' id='word_1_247' title='bbox 232 2729 352 2804; x_wconf 87' lang='lat' dir='ltr'><strong>deceat,</strong></span> <span class='ocrx_word' id='word_1_248' title='bbox 368 2733 463 2809; x_wconf 87' lang='lat' dir='ltr'><strong>sitque</strong></span> <span class='ocrx_word' id='word_1_249' title='bbox 477 2748 678 2810; x_wconf 87' lang='lat' dir='ltr'><strong>nonnunquam</strong></span> <span class='ocrx_word' id='word_1_250' title='bbox 694 2733 894 2798; x_wconf 89' lang='lat' dir='ltr'><strong>summittenda</strong></span> <span class='ocrx_word' id='word_1_251' title='bbox 911 2740 940 2790; x_wconf 90' lang='lat' dir='ltr'><strong>et</strong></span> <span class='ocrx_word' id='word_1_252' title='bbox 956 2731 1150 2791; x_wconf 85' lang='lat' dir='ltr'><strong>contrahenda</strong></span> 
     </span>
     <span class='ocr_line' id='line_1_31' title="bbox 152 2812 1209 2893; baseline 0.004 -23"><span class='ocrx_word' id='word_1_253' title='bbox 152 2812 255 2886; x_wconf 90' lang='lat' dir='ltr'><strong>oratio,</strong></span> <span class='ocrx_word' id='word_1_254' title='bbox 273 2832 310 2872; x_wconf 92' lang='lat' dir='ltr'><strong>ne</strong></span> <span class='ocrx_word' id='word_1_255' title='bbox 325 2816 412 2874; x_wconf 83' lang='lat' dir='ltr'><strong>iudex</strong></span> <span class='ocrx_word' id='word_1_256' title='bbox 428 2833 491 2875; x_wconf 89' lang='lat' dir='ltr'><strong>eam</strong></span> <span class='ocrx_word' id='word_1_257' title='bbox 505 2815 554 2875; x_wconf 87' lang='lat' dir='ltr'><strong>vel</strong></span> <span class='ocrx_word' id='word_1_258' title='bbox 573 2817 738 2893; x_wconf 80' lang='lat' dir='ltr'><strong>intelligere</strong></span> <span class='ocrx_word' id='word_1_259' title='bbox 752 2816 800 2875; x_wconf 87' lang='lat' dir='ltr'><strong>vel</strong></span> <span class='ocrx_word' id='word_1_260' title='bbox 818 2834 925 2893; x_wconf 89' lang='lat' dir='ltr'><strong>capere</strong></span> <span class='ocrx_word' id='word_1_261' title='bbox 942 2832 999 2874; x_wconf 90' lang='lat' dir='ltr'><strong>non</strong></span> <span class='ocrx_word' id='word_1_262' title='bbox 1014 2817 1118 2893; x_wconf 88' lang='lat' dir='ltr'><strong>possit.</strong></span> <span class='ocrx_word' id='word_1_263' title='bbox 1208 2847 1209 2852; x_wconf 23' lang='grc' dir='ltr'>ι</span> 
     </span>
    </p>

    <p class='ocr_par' dir='ltr' id='par_1_9' title="bbox 110 2896 1209 3062">
     <span class='ocr_line' id='line_1_32' title="bbox 110 2896 1209 2979; baseline 0.004 -25"><span class='ocrx_word' id='word_1_264' title='bbox 110 2899 144 2954; x_wconf 75' lang='lat'><strong>46</strong></span> <span class='ocrx_word' id='word_1_265' title='bbox 236 2896 361 2977; x_wconf 86' lang='lat' dir='ltr'><strong>Tempus</strong></span> <span class='ocrx_word' id='word_1_266' title='bbox 384 2917 501 2979; x_wconf 84' lang='lat' dir='ltr'><strong>quoque</strong></span> <span class='ocrx_word' id='word_1_267' title='bbox 523 2918 558 2959; x_wconf 86' lang='lat' dir='ltr'><strong>ac</strong></span> <span class='ocrx_word' id='word_1_268' title='bbox 579 2900 663 2960; x_wconf 91' lang='lat' dir='ltr'><strong>locus</strong></span> <span class='ocrx_word' id='word_1_269' title='bbox 687 2909 774 2977; x_wconf 79' lang='lat' dir='ltr'><strong>egent</strong></span> <span class='ocrx_word' id='word_1_270' title='bbox 800 2899 1007 2960; x_wconf 85' lang='lat' dir='ltr'><strong>observatione</strong></span> <span class='ocrx_word' id='word_1_271' title='bbox 1022 2900 1147 2978; x_wconf 85' lang='lat' dir='ltr'><strong>propria.</strong></span> <span class='ocrx_word' id='word_1_272' title='bbox 1208 2933 1209 2972; x_wconf 68' lang='lat' dir='ltr'>ss</span> 
     </span>
     <span class='ocr_line' id='line_1_33' title="bbox 152 2976 1148 3062; baseline 0.006 -25"><span class='ocrx_word' id='word_1_273' title='bbox 152 2976 222 3039; x_wconf 88' lang='lat' dir='ltr'><strong>Nam</strong></span> <span class='ocrx_word' id='word_1_274' title='bbox 240 2990 269 3041; x_wconf 88' lang='lat' dir='ltr'><strong>et</strong></span> <span class='ocrx_word' id='word_1_275' title='bbox 283 2991 395 3062; x_wconf 89' lang='lat' dir='ltr'><strong>tempus</strong></span> <span class='ocrx_word' id='word_1_276' title='bbox 412 2992 470 3043; x_wconf 90' lang='lat' dir='ltr'><strong>tum</strong></span> <span class='ocrx_word' id='word_1_277' title='bbox 486 2986 578 3059; x_wconf 82' lang='lat' dir='ltr'><strong>triste,</strong></span> <span class='ocrx_word' id='word_1_278' title='bbox 595 2993 653 3043; x_wconf 86' lang='lat' dir='ltr'><strong>tum</strong></span> <span class='ocrx_word' id='word_1_279' title='bbox 671 2984 786 3059; x_wconf 89' lang='lat' dir='ltr'><strong>laetum,</strong></span> <span class='ocrx_word' id='word_1_280' title='bbox 802 2993 860 3044; x_wconf 89' lang='lat' dir='ltr'><strong>tum</strong></span> <span class='ocrx_word' id='word_1_281' title='bbox 875 2983 1011 3058; x_wconf 90' lang='lat' dir='ltr'><strong>liberum,</strong></span> <span class='ocrx_word' id='word_1_282' title='bbox 1028 2991 1088 3042; x_wconf 85' lang='lat' dir='ltr'><strong>tum</strong></span> <span class='ocrx_word' id='word_1_283' title='bbox 1104 3002 1148 3043; x_wconf 93' lang='lat' dir='ltr'><strong>an·</strong></span> 
     </span>
    </p>

    <p class='ocr_par' dir='ltr' id='par_1_10' title="bbox 110 3064 1148 3566">
     <span class='ocr_line' id='line_1_34' title="bbox 110 3064 1148 3146; baseline 0.006 -27"><span class='ocrx_word' id='word_1_284' title='bbox 110 3064 263 3137; x_wconf 77' lang='lat' dir='ltr'><strong>ligustum</strong></span> <span class='ocrx_word' id='word_1_285' title='bbox 284 3076 344 3142; x_wconf 88' lang='lat' dir='ltr'><strong>est,</strong></span> <span class='ocrx_word' id='word_1_286' title='bbox 368 3077 454 3146; x_wconf 89' lang='lat' dir='ltr'><strong>atque</strong></span> <span class='ocrx_word' id='word_1_287' title='bbox 479 3069 514 3129; x_wconf 91' lang='lat' dir='ltr'><strong>ad</strong></span> <span class='ocrx_word' id='word_1_288' title='bbox 536 3068 718 3128; x_wconf 86' lang='lat' dir='ltr'><strong>haecomnia</strong></span> <span class='ocrx_word' id='word_1_289' title='bbox 740 3068 957 3146; x_wconf 89' lang='lat' dir='ltr'><strong>componendus</strong></span> <span class='ocrx_word' id='word_1_290' title='bbox 984 3076 1096 3132; x_wconf 79' lang='lat' dir='ltr'><strong>orator:</strong></span> <span class='ocrx_word' id='word_1_291' title='bbox 1123 3077 1148 3127; x_wconf 89' lang='lat' dir='ltr'><strong>et</strong></span> 
     </span>
     <span class='ocr_line' id='line_1_35' title="bbox 152 3145 1147 3230; baseline 0.004 -25"><span class='ocrx_word' id='word_1_292' title='bbox 152 3145 220 3205; x_wconf 90' lang='lat' dir='ltr'><strong>loco</strong></span> <span class='ocrx_word' id='word_1_293' title='bbox 236 3148 354 3226; x_wconf 86' lang='lat' dir='ltr'><strong>publico</strong></span> <span class='ocrx_word' id='word_1_294' title='bbox 372 3154 533 3230; x_wconf 85' lang='lat' dir='ltr'><strong>privatcne,</strong></span> <span class='ocrx_word' id='word_1_295' title='bbox 549 3151 659 3212; x_wconf 90' lang='lat' dir='ltr'><strong>celebri</strong></span> <span class='ocrx_word' id='word_1_296' title='bbox 675 3171 710 3212; x_wconf 89' lang='lat' dir='ltr'><strong>an</strong></span> <span class='ocrx_word' id='word_1_297' title='bbox 727 3161 855 3227; x_wconf 89' lang='lat' dir='ltr'><strong>secreto,</strong></span> <span class='ocrx_word' id='word_1_298' title='bbox 872 3151 966 3212; x_wconf 88' lang='lat' dir='ltr'><strong>aliena</strong></span> <span class='ocrx_word' id='word_1_299' title='bbox 984 3153 1100 3216; x_wconf 86' lang='lat' dir='ltr'><strong>civitate</strong></span> <span class='ocrx_word' id='word_1_300' title='bbox 1115 3169 1147 3211; x_wconf 92' lang='lat' dir='ltr'><strong>an</strong></span> 
     </span>
     <span class='ocr_line' id='line_1_36' title="bbox 152 3232 1147 3316; baseline 0.007 -29"><span class='ocrx_word' id='word_1_301' title='bbox 152 3239 209 3303; x_wconf 87' lang='lat' dir='ltr'><strong>taa,</strong></span> <span class='ocrx_word' id='word_1_302' title='bbox 226 3232 254 3289; x_wconf 93' lang='lat' dir='ltr'><strong>in</strong></span> <span class='ocrx_word' id='word_1_303' title='bbox 270 3235 372 3293; x_wconf 88' lang='lat' dir='ltr'><strong>castris</strong></span> <span class='ocrx_word' id='word_1_304' title='bbox 388 3236 512 3316; x_wconf 86' lang='lat' dir='ltr'><strong>denique</strong></span> <span class='ocrx_word' id='word_1_305' title='bbox 527 3254 563 3300; x_wconf 89' lang='lat' dir='ltr'><strong>an</strong></span> <span class='ocrx_word' id='word_1_306' title='bbox 578 3236 643 3296; x_wconf 89' lang='lat' dir='ltr'><strong>loro</strong></span> <span class='ocrx_word' id='word_1_307' title='bbox 662 3236 757 3311; x_wconf 88' lang='lat' dir='ltr'><strong>dicas,</strong></span> <span class='ocrx_word' id='word_1_308' title='bbox 780 3237 899 3296; x_wconf 87' lang='lat' dir='ltr'><strong>interest</strong></span> <span class='ocrx_word' id='word_1_309' title='bbox 924 3235 1090 3314; x_wconf 85' lang='lat' dir='ltr'><strong>plurimum,</strong></span> <span class='ocrx_word' id='word_1_310' title='bbox 1115 3252 1147 3294; x_wconf 89' lang='lat' dir='ltr'><strong>ac</strong></span> 
     </span>
     <span class='ocr_line' id='line_1_37' title="bbox 151 3317 1147 3400; baseline 0.006 -28"><span class='ocrx_word' id='word_1_311' title='bbox 151 3331 231 3374; x_wconf 90' lang='lat' dir='ltr'><strong>suam</strong></span> <span class='ocrx_word' id='word_1_312' title='bbox 246 3317 371 3395; x_wconf 88' lang='lat' dir='ltr'><strong>quidque</strong></span> <span class='ocrx_word' id='word_1_313' title='bbox 386 3318 506 3382; x_wconf 84' lang='lat' dir='ltr'><strong>formam</strong></span> <span class='ocrx_word' id='word_1_314' title='bbox 520 3328 550 3380; x_wconf 92' lang='lat' dir='ltr'><strong>et</strong></span> <span class='ocrx_word' id='word_1_315' title='bbox 563 3322 710 3400; x_wconf 87' lang='lat' dir='ltr'><strong>proprium</strong></span> <span class='ocrx_word' id='word_1_316' title='bbox 727 3321 868 3399; x_wconf 88' lang='lat' dir='ltr'><strong>quendam</strong></span> <span class='ocrx_word' id='word_1_317' title='bbox 883 3318 997 3382; x_wconf 89' lang='lat' dir='ltr'><strong>modum</strong></span> <span class='ocrx_word' id='word_1_318' title='bbox 1012 3318 1147 3397; x_wconf 87' lang='lat' dir='ltr'><strong>eloquen-</strong></span> 
     </span>
     <span class='ocr_line' id='line_1_38' title="bbox 152 3399 1145 3478; baseline 0.006 -22"><span class='ocrx_word' id='word_1_319' title='bbox 152 3399 209 3456; x_wconf 89' lang='lat' dir='ltr'><strong>tiae</strong></span> <span class='ocrx_word' id='word_1_320' title='bbox 226 3403 335 3478; x_wconf 86' lang='lat' dir='ltr'><strong>poseit:</strong></span> <span class='ocrx_word' id='word_1_321' title='bbox 363 3420 426 3462; x_wconf 89' lang='lat' dir='ltr'><strong>cum</strong></span> <span class='ocrx_word' id='word_1_322' title='bbox 446 3406 529 3463; x_wconf 89' lang='lat' dir='ltr'><strong>etiam</strong></span> <span class='ocrx_word' id='word_1_323' title='bbox 547 3406 575 3464; x_wconf 90' lang='lat' dir='ltr'><strong>in</strong></span> <span class='ocrx_word' id='word_1_324' title='bbox 597 3406 703 3464; x_wconf 88' lang='lat' dir='ltr'><strong>ceteris</strong></span> <span class='ocrx_word' id='word_1_325' title='bbox 726 3404 836 3464; x_wconf 89' lang='lat' dir='ltr'><strong>actibus</strong></span> <span class='ocrx_word' id='word_1_326' title='bbox 857 3405 934 3463; x_wconf 86' lang='lat' dir='ltr'><strong>vitae</strong></span> <span class='ocrx_word' id='word_1_327' title='bbox 956 3419 1014 3464; x_wconf 87' lang='lat' dir='ltr'><strong>noa</strong></span> <span class='ocrx_word' id='word_1_328' title='bbox 1029 3403 1102 3464; x_wconf 86' lang='lat' dir='ltr'><strong>idern</strong></span> <span class='ocrx_word' id='word_1_329' title='bbox 1119 3403 1145 3462; x_wconf 91' lang='lat' dir='ltr'><strong>in</strong></span> 
     </span>
     <span class='ocr_line' id='line_1_39' title="bbox 152 3481 1144 3566; baseline 0.008 -26"><span class='ocrx_word' id='word_1_330' title='bbox 152 3481 235 3561; x_wconf 88' lang='lat' dir='ltr'><strong>loro,</strong></span> <span class='ocrx_word' id='word_1_331' title='bbox 253 3485 347 3561; x_wconf 92' lang='lat' dir='ltr'><strong>curia,</strong></span> <span class='ocrx_word' id='word_1_332' title='bbox 363 3502 481 3566; x_wconf 87' lang='lat' dir='ltr'><strong>campo,</strong></span> <span class='ocrx_word' id='word_1_333' title='bbox 501 3488 632 3566; x_wconf 85' lang='lat' dir='ltr'><strong>theatro,</strong></span> <span class='ocrx_word' id='word_1_334' title='bbox 650 3489 725 3550; x_wconf 89' lang='lat' dir='ltr'><strong>dorni</strong></span> <span class='ocrx_word' id='word_1_335' title='bbox 740 3488 840 3549; x_wconf 87' lang='lat' dir='ltr'><strong>iacere</strong></span> <span class='ocrx_word' id='word_1_336' title='bbox 858 3488 1024 3555; x_wconf 63' lang='lat' dir='ltr'><strong>conveniam</strong></span> <span class='ocrx_word' id='word_1_337' title='bbox 1041 3496 1070 3552; x_wconf 89' lang='lat' dir='ltr'><strong>et</strong></span> <span class='ocrx_word' id='word_1_338' title='bbox 1086 3485 1144 3564; x_wconf 86' lang='lat' dir='ltr'><strong>pla·</strong></span> 
     </span>
    </p>
   </div>
   <div class='ocr_carea' id='block_1_5' title="bbox 0 0 1222 3925">
    <p class='ocr_par' dir='ltr' id='par_1_11' title="bbox 0 0 1222 3925">
     <span class='ocr_line' id='line_1_40' title="bbox 0 0 1222 3925; baseline 0 7"><span class='ocrx_word' id='word_1_339' title='bbox 0 0 1222 3925; x_wconf 95' lang='lat' dir='ltr'><strong> </strong></span> 
     </span>
    </p>
   </div>
  </div>
 </body>
</html>
