2434 3925
367 233 457 283 msa.
475 233 624 283 onsnoa.
637 234 706 281 nm.
717 234 776 302 vu,
795 233 819 283 1.
1081 224 1100 287 3

98 392 264 469 ambigitur,
281 391 448 450 coniectura
466 397 520 449 est.
552 387 749 450 luterimvero
766 398 796 450 et
810 391 925 451 tertium
937 392 1132 463 confessum&

98 486 163 552 est,
184 475 331 535 adulteros
353 474 454 535 fuisse.
485 472 551 534 Sed
563 474 634 550 tibi,
658 474 749 550 inquit
769 483 939 551 aecusator,
959 478 1027 538 illos
1040 497 1102 539 non

98 561 186 623 fiand
199 559 344 621 occidere
350 581 364 630 ‚·
380 559 453 619 esent
467 560 547 618 enim
564 568 648 631 eras,
663 565 711 616 aut
724 558 950 638 ipnomina‘osus.
979 559 1101 622 Deiure

99 644 257 723 quaeritur.
299 642 338 702 At
365 644 389 701 si
419 644 550 721 protinus
576 641 682 700 dioenti
716 639 863 703 Occidisti
891 646 1102 723 respondeatur

100 726 169 789 Non
183 728 285 789 occidi
290 748 301 785 .·
317 729 411 786 statim
426 744 522 805 pugna
537 734 592 784 est.
623 726 654 785 Si
672 725 880 803 explorandum
896 737 950 801 est,
968 727 1017 787 nbi
1033 747 1101 789 eon·

98 813 244 873 troversia
265 811 397 888 incipiat:
421 819 451 869 et
468 810 645 870 considerari
665 809 769 885 debet,
793 804 859 889 quid
877 813 994 889 primam
1014 832 1101 892 quae·

106 898 229 955 stionem
242 894 339 954 faeiat.
371 893 494 953 Intentio
513 893 654 971 simplex:
680 891 800 955 Occidit
819 893 1020 956 Saturninum
1037 897 1130 968 neo

102 980 219 1047 binium·
240 980 407 1038 coniuncta:
429 976 512 1058 Lepe
533 979 572 1038 de
592 978 718 1039 sicariis
734 979 882 1041 commisit
895 978 930 1040 L.
950 978 1100 1043 Varenus.

102 1061 184 1125 Nam
201 1061 234 1122 0.
261 1062 414 1123 Varenum
430 1063 631 1124 occidendum
646 1070 676 1124 et
693 1060 747 1123 On.
770 1061 924 1125 Varenum
933 1067 1102 1128 vulneran-

101 1148 176 1207 dum
197 1155 226 1207 et
240 1145 399 1208 satamon
420 1147 491 1207 item
510 1146 713 1207 occidendum
735 1150 863 1209 curavit.
899 1146 971 1207 Nam
995 1151 1039 1209 sio
1061 1150 1101 1210 di·

100 1248 207 1290 versae
222 1232 438 1309 propositiones
452 1240 549 1299 erunt;
565 1231 643 1308 quod
657 1231 733 1289 idem
746 1232 783 1291 de
798 1232 984 1309 petitionibus
996 1233 1102 1293 dietum

100 1316 150 1376 sit.
178 1314 287 1374 Verum
302 1332 340 1374 ex
355 1315 506 1374 eoniuuota
526 1316 727 1393 propositione
747 1316 847 1394 plures
869 1335 936 1375 esse
956 1328 1101 1397 quaestuo-

100 1416 155 1458 nes
182 1416 217 1458 ao
241 1408 331 1459 status
355 1408 493 1476 possunt,
520 1400 545 1457 si
570 1398 650 1459 aliud
672 1408 759 1477 negat
785 1419 852 1459 reus
876 1401 953 1461 aliud
974 1402 1103 1464 defendit

100 1482 180 1543 aliud
195 1500 211 1542 a
226 1482 288 1541 iure
308 1484 430 1542 aetionis
445 1477 581 1543 excludit.
619 1482 651 1542 ln
662 1494 665 1501 '
676 1501 733 1562 quo
756 1485 875 1561 genere
888 1487 984 1563 agenti
1000 1496 1046 1546 est
1061 1487 1100 1545 di-

100 1566 290 1645 spiciendum,
308 1567 375 1644 quid
391 1584 507 1645 quoque
523 1566 590 1627 loeo
608 1567 707 1626 diluat.

187 1649 272 1724 Quod
290 1653 415 1730 pertinet
431 1652 465 1710 ad
486 1661 624 1726 autorem,
640 1668 698 1710 non
710 1652 796 1731 plane
812 1652 950 1714 dissentio
968 1671 984 1712 a
1000 1650 1100 1729 celso,
1112 1663 1144 1715 10

101 1735 152 1813 qui
174 1736 236 1794 sine
264 1733 351 1795 dubio
380 1733 551 1795 Gioeronem
579 1743 695 1794 seoutus
717 1739 803 1795 instat
824 1745 918 1796 tamen
938 1737 1005 1796 lruio
1027 1739 1101 1815 parti

99 1818 313 1893 vehementius,
331 1827 362 1878 ut
377 1828 473 1897 putet,
489 1820 580 1896 primo
597 1819 706 1877 firmum
721 1820 828 1898 aliquid
844 1838 911 1879 esse
927 1821 1100 1898 ponendum,

101 1918 212 1961 summo
233 1902 438 1979 firmissimum,
460 1902 651 1963 imbecilliora
671 1904 783 1980 medio,
807 1905 872 1982 quia
893 1913 923 1963 et
944 1906 1101 1964 initiomo·

99 1988 212 2046 vendas
228 1990 265 2047 sit
279 1988 368 2047 iudex
384 1997 414 2048 et
429 2005 538 2047 summo
553 1987 755 2065 impellendus.
787 1989 825 2048 At
840 2006 894 2066 pro
910 2006 961 2048 reo
975 1989 1144 2067 plerum-ll

101 2089 160 2150 que
184 2074 383 2147 gravissimum
404 2072 529 2150 quidque
552 2074 671 2149 primum
691 2074 861 2133 movendum
884 2082 945 2149 est,
970 2092 1007 2132 ue
1031 2072 1102 2132 illud

101 2164 239 2233 spectans
256 2156 343 2229 iudex
365 2156 543 2234 reliquorum
563 2155 726 2216 defensioni
753 2159 790 2218 sit
810 2159 951 2216 aversior.
987 2157 1103 2217 interim

101 2247 199 2298 tamen
221 2249 251 2299 et
277 2239 334 2299 hoo
356 2240 524 2316 mutabitur,
547 2241 571 2298 si
592 2241 703 2300 leviora
724 2241 775 2301 illa
797 2241 891 2319 palam
911 2241 986 2303 falsa
1008 2251 1101 2316 erunt,

100 2324 266 2400 gravissimi
285 2324 417 2384 defensio
438 2325 600 2399 diffieilior,
622 2334 653 2384 ut
676 2324 805 2386 detracta
826 2328 905 2404 prius
927 2327 1101 2387 accusatori·

100 2407 155 2466 bus
171 2406 227 2466 lide
243 2409 445 2484 aggrediamur
458 2409 595 2485 ultimum,
614 2410 669 2469 iam
684 2409 824 2471 iuditibus
840 2413 933 2471 omnia
947 2429 1020 2471 vana
1035 2427 1102 2469 esse

101 2490 297 2550 erodentibus.
333 2490 412 2570 Opus
429 2495 494 2552 erit·
505 2502 599 2553 tamen
614 2494 811 2572 praefatione,
831 2513 886 2574 qua
902 2505 931 2555 et
945 2497 1019 2554 ratio
1036 2493 1102 2553 red·

100 2574 184 2634 datur
199 2574 279 2635 dilati
299 2577 423 2635 oriminis
442 2586 472 2636 et
486 2579 668 2655 promittatur
684 2578 827 2655 defensio,
843 2599 879 2639 ne
895 2581 934 2654 id,
954 2578 1030 2656 quod
1045 2594 1103 2636 non

101 2658 197 2716 statim
214 2658 372 2734 diluemus,
395 2663 496 2720 timere
518 2662 674 2721 videamur.
715 2662 877 2723 Anteaetae
892 2664 969 2721 vitae
986 2663 1143 2725 criminali

100 2741 273 2820 plerumque
294 2746 384 2821 prima
404 2745 552 2822 purganda
576 2755 657 2821 sunt,
678 2755 709 2806 ut
723 2748 768 2822 id,
791 2749 827 2807 de
850 2763 906 2824 qno
927 2747 1036 2805 laturus
1058 2753 1103 2803 est

100 2828 272 2901 seutentiam
287 2828 384 2904 iudex,
405 2829 503 2888 audire
520 2831 661 2908 propitius
677 2832 803 2909 incipiat.
843 2831 901 2891 Sed
912 2830 969 2889 hoo
985 2846 1101 2907 quoque

100 2926 155 2987 pro
175 2909 290 2970 Vareno
314 2909 419 2972 Cicero
444 2914 471 2971 in
492 2914 621 2974 ultimum
647 2914 773 2990 distulit,
789 2931 863 2992 non,
882 2914 950 2995 quid
966 2914 1101 2993 frequen·

99 2993 211 3053 tissime
227 2995 290 3070 sed,
308 2997 375 3074 quid
390 3006 448 3056 tum
464 2998 626 3075 expediret,
642 2999 768 3058 intuitus.

187 3075 258 3137 (lum
275 3081 399 3158 simplex
414 3082 534 3140 intentio
551 3083 620 3141 erit:
639 3081 794 3141 videndum
811 3091 871 3158 est,
892 3100 977 3141 unum
996 3080 1103 3160 aliquid
1112 3088 1145 3143 13

99 3163 328 3239 respondeamus
346 3182 381 3223 au
398 3165 491 3242 plura.
536 3165 566 3224 Si
586 3183 688 3225 unum:
709 3168 738 3224 in
759 3185 792 3225 re
808 3169 1007 3245 quaestionem
1023 3167 1102 3224 insti-

99 3253 211 3304 tuamus
227 3248 306 3305 auin
327 3249 453 3326 seripto;
477 3249 501 3307 si
517 3249 544 3307 in
559 3267 607 3308 re:
623 3250 784 3325 negandum
800 3253 852 3326 sit,
877 3251 955 3328 quod
970 3250 1104 3309 obiicitur

100 3346 137 3387 an
153 3330 302 3397 tuendum;
321 3333 390 3390 siin
407 3334 534 3411 seripto:
557 3334 585 3391 in
603 3350 659 3411 qua
674 3336 774 3410 speeie
790 3336 859 3393 iuris
880 3353 976 3412 pugna
996 3335 1049 3409 sit,
1073 3341 1102 3392 et

100 3414 129 3471 in
145 3431 180 3473 ea
200 3414 236 3472 de
254 3414 352 3473 verbis
368 3434 403 3475 an
420 3417 457 3476 de
473 3416 623 3476 voluntate
641 3427 805 3496 quaeratur.
836 3417 868 3477 ld
885 3420 924 3477 ita
942 3435 1102 3494 conseque·
1112 3425 1145 3479 14

100 3514 174 3572 mur,
193 3499 217 3556 si
233 3499 325 3557 intuiti
341 3499 495 3576 fuerimus,
520 3518 595 3578 quae
611 3501 647 3560 sit
663 3501 730 3579 lex,
750 3520 824 3580 quae
840 3502 918 3561 litem
934 3503 1033 3579 faciat,
1045 3500 1102 3561 hoo

897 3583 936 3645 1*
