2434 3925
345 236 434 284 mss.
450 235 600 284 caenon„
617 238 686 285 nra.
704 238 759 305 111,
776 238 818 290 11.
1019 228 1077 291 149

86 394 178 469 sient,
200 410 264 453 curn
279 392 335 451 sint
347 391 447 471 plnres
462 393 647 470 quaestiones
663 408 819 470 omnesque
835 409 904 453 suos
920 395 1076 456 status'lra·
1166 414 1168 419 ·

86 478 190 551 beant,
219 494 324 536 causae
348 485 443 535 tamen
463 484 554 534 status
577 493 649 535 unus
672 480 725 552 sit,
747 477 783 536 ad
807 495 892 555 quern
912 478 1076 540 referuntur

85 562 195 621 omnia:
223 561 263 620 ita
283 559 418 619 iudicatio
436 561 560 618 maxime
578 562 714 638 propria,
735 560 771 619 de
792 578 846 639 qua
866 564 1072 639 pronuntiatur.
1130 576 1136 585 ’

84 642 252 721 Συνέχον
273 651 367 702 autem
383 643 494 722 (quod,
516 651 547 701 ut
562 643 631 718 dixi,
655 645 808 705 contuens
825 645 884 720 alii,
903 646 1100 723 firmamina-9

84 738 148 791 tum
165 727 213 787 alii
236 735 352 806 putant,
373 724 478 786 Cicero
492 727 697 805 firmissimam
712 732 1000 807 urpumentutionem
1022 733 1074 791 de·

82 812 216 892 sensoria
240 818 269 872 et
286 812 523 889 potentissimum
544 811 589 872 ud
608 812 836 884 iudicationem)
857 813 1024 891 quibusdam
1046 816 1075 875 id

83 896 298 970 videturesse,
319 902 387 972 post
402 894 479 972 quod
498 893 566 953 nihil
584 896 746 973 quaeritur,
766 896 933 974 quibusdam
953 899 982 957 id
997 898 1075 975 quud

85 980 122 1040 ad
144 978 557 1039 iudicationemlirmissimum
576 978 703 1037 affertur.
752 978 845 1039 Causa
870 980 939 1039 iacti
965 998 1022 1040 non
1047 983 1116 1044 inlo

85 1080 186 1122 omnes
202 1063 416 1121 controversias
436 1062 521 1121 cadit.
558 1059 630 1121 Nam
645 1079 719 1141 quae
734 1062 820 1122 inerit
836 1081 922 1123 causa
937 1064 1073 1140 faciendi,

84 1146 134 1207 ubi
153 1138 416 1222 iactnm‘negatnrl
452 1144 492 1203 At
506 1144 554 1203 ubi
574 1163 661 1204 causa
676 1154 831 1222 tractetur,
849 1157 955 1224 negant
970 1145 1074 1208 eodem

84 1230 154 1291 loco
170 1247 237 1289 esse
252 1229 453 1288 iudicationem
467 1245 524 1306 quo
541 1230 748 1307 quaestionem.
775 1228 866 1308 ldque
882 1240 911 1290 et
925 1234 953 1291 in
965 1232 1073 1292 ereto·

84 1316 156 1375 riuis
174 1312 279 1374 Cicero
297 1321 327 1371 et
342 1314 370 1371 in
384 1312 586 1373 Partitionibus
601 1314 680 1372 dicit.
715 1311 787 1373 Nam
802 1315 830 1373 in
847 1316 1013 1376 coniectura
1030 1325 1114 1379 estll

85 1400 218 1478 quaestio
234 1414 272 1457 ex
290 1395 360 1456 illo:
382 1395 524 1472 Factum,
545 1397 751 1475 nontfnetum,
767 1417 808 1459 cn
820 1399 938 1477 fnemm
951 1402 1012 1461 sit?
1032 1398 1075 1458 lbi

86 1498 159 1558 ergo
175 1481 326 1554 iudicatio,
348 1478 397 1538 ulti
417 1481 565 1557 quaestio,
587 1482 653 1558 quia
668 1482 696 1539 in
713 1482 861 1541 eademne
882 1484 971 1562 prirna
986 1501 1074 1562 quae-

84 1569 142 1625 etio
159 1573 190 1624 et
209 1573 338 1624 extrema
354 1564 536 1642 disceptatio.
572 1564 611 1622 At
625 1566 653 1623 in
669 1564 822 1642 qualitate,
846 1564 986 1628 Matrem?
998 1565 1074 1629 Ore-

83 1657 148 1712 stes
160 1649 294 1711 occidit:
316 1656 419 1719 recte,-
438 1666 498 1709 nou
514 1656 619 1715 recte:
639 1667 680 1709 un
695 1657 781 1710 recte
795 1651 964 1711 occiderit?
986 1668 1074 1730 quae·

84 1734 144 1793 atio
158 1750 215 1792 nec
228 1732 322 1791 statim
336 1731 482 1792 iudicatio.
512 1731 633 1804 Quando
649 1729 743 1808 ergo?
767 1731 828 1794 litu
843 1742 965 1811 putrem
977 1752 1075 1794 meum

83 1818 262 1885 occiderat,-
281 1815 337 1877 sed
351 1834 411 1876 non
423 1816 493 1876 ideo
507 1822 538 1875 tu
551 1823 679 1878 matrem
694 1816 824 1877 debuisti
840 1818 985 1878 occidere
990 1840 1003 1884 ,·
1024 1814 1074 1877 An

84 1901 247 1963 debuerit?
268 1898 315 1958 lric
337 1899 483 1958 iudicatio.
511 1897 731 1959 Firmamentum
752 1908 846 1959 autern
862 1900 960 1959 uerbis
983 1902 1073 1979 ipsius
1083 1909 1117 1964 12

83 2002 205 2064 ponam:
234 1985 352 2045 sicelit
377 1983 500 2044 Orestes
519 1984 625 2045 dicere
646 1984 793 2045 dumnodi
815 1986 948 2045 animum
967 1986 1075 2044 matris

83 2088 162 2131 mue
176 2071 338 2145 inpetrem
351 2086 452 2143 suurn,
474 2068 506 2128 in
519 2087 553 2128 se
565 2069 666 2146 ipsum
681 2087 721 2129 oc
733 2085 871 2144 sorores,
890 2070 922 2129 in
937 2087 1073 2146 repnum,

83 2155 116 2214 in
128 2152 244 2236 fornum
257 2153 378 2230 penoris
393 2159 421 2212 et
432 2150 586 2228 familiae,
604 2159 638 2212 ut
649 2152 687 2213 ab
702 2170 739 2212 eu
750 2170 868 2231 poenas
881 2152 970 2215 liberi
982 2154 1075 2230 potis·

83 2238 193 2299 dmum
204 2238 254 2298 sui
266 2244 370 2315 petere
380 2235 547 2297 debuerint.
566 2234 689 2295 Utuntur
699 2236 747 2296 alii
759 2244 787 2294 et
798 2235 902 2296 talibus
915 2236 1056 2313 exemplis
1066 2258 1072 2294 :
1083 2243 1116 2297 13

85 2318 147 2394 Qui
162 2321 240 2383 bonu
253 2328 385 2399 paterno
400 2321 633 2399 consumpserit,
655 2338 696 2380 ne
709 2321 915 2389 contionatum
933 2321 1074 2398 inopere

80 2405 210 2484 publicu
224 2404 425 2482 consumpsit:
447 2404 595 2480 quaestio:
616 2421 674 2480 nn,
691 2405 827 2482 quisquis
843 2404 1073 2482 consumpserit,

83 2489 291 2568 probibendus
303 2488 364 2547 siti
380 2486 530 2562 iudicatio,
554 2485 616 2564 An,
638 2490 691 2566 qui
704 2489 772 2550 sio?
802 2487 876 2563 Vel,
898 2496 929 2547 ut
942 2489 970 2546 in
987 2505 1073 2548 causa
1083 2495 1116 2548 14

85 2571 182 2632 militis
198 2570 332 2646 Arrunti,
355 2571 403 2649 qui
425 2569 538 2629 Lusium
552 2570 693 2631 tribunum
707 2573 763 2631 vim
778 2571 832 2631 sibi
847 2572 1017 2631 inferentem
1032 2574 1073 2630 in·
1132 2567 1133 2578 ’

85 2655 222 2730 terfecit,
238 2656 384 2734 quaestio:
405 2650 454 2714 An
467 2655 536 2714 iure
547 2655 676 2734 feccrit?
696 2658 783 2714 ratio:
806 2657 887 2733 quod
904 2656 933 2716 is
947 2657 1008 2716 cim
1024 2657 1073 2732 uf·

83 2740 224 2820 suebat:
244 2739 393 2798 iudicatio:
408 2734 457 2797 An
469 2738 691 2813 indemnatum,
710 2756 751 2799 un
768 2738 934 2801 Tribunum
948 2757 968 2800 u
982 2740 1074 2798 milite

84 2824 187 2883 occidi
202 2823 389 2900 oportuerit?
419 2818 548 2880 Alterius
564 2823 649 2881 etiam
664 2829 753 2881 status
769 2824 982 2901 quaestionem,
1001 2823 1115 2883 alte-lt

85 2908 145 2966 rius
160 2906 362 2965 iudicationem
376 2912 484 2982 putant.
511 2904 650 2978 Quaestio
666 2906 825 2982 qualitatis:
846 2904 896 2966 An
911 2914 995 2966 recte
1007 2904 1072 2968 cu

85 2992 170 3051 dium
185 2986 256 3052 llilo
275 2989 444 3050 occiderit?
474 2985 613 3047 ludicatio
627 2988 857 3064 ⁴coniecturalis,
877 2985 927 3048 An
948 2986 1073 3051 Clodius

1 3141 2 3148 p
85 3074 218 3135 insidias
230 3074 365 3151 fecerit?
386 3071 496 3130 Ponunt
512 3081 541 3131 et
555 3071 643 3146 illud,
665 3090 755 3150 saepe
772 3090 886 3131 causam
905 3074 933 3131 in
947 3071 1073 3152 aliquam
1082 3081 1114 3135 16

1 3159 2 3208 l
84 3176 146 3219 rem
162 3158 275 3232 dimitti,
298 3174 372 3234 quae
387 3172 444 3214 non
459 3158 495 3214 sit
509 3158 626 3235 propria
642 3156 833 3233 quaestionis,
855 3164 884 3215 et
899 3157 935 3215 de
951 3175 985 3215 ea
1001 3157 1072 3217 iudi·

86 3242 155 3302 cari.
185 3240 331 3321 Aquibus
346 3240 462 3300 multum
478 3240 627 3300 dissentio.
657 3237 728 3299 Nam
744 3248 772 3298 et
787 3238 837 3298 illa
852 3241 1000 3317 quaestio:
1022 3238 1072 3302 An

83 3344 203 3402 omnes,
229 3327 281 3403 qui
305 3334 439 3403 paterna
464 3324 543 3387 bonu
567 3325 823 3402 consumpserint,
855 3326 990 3385 contione
1012 3327 1073 3385 sint

81 3410 283 3490 probibendi?
309 3407 413 3468 habeat
435 3416 552 3487 oportet
571 3425 651 3478 suam
670 3407 882 3467 iudicationem.
913 3406 994 3485 Ergo
1014 3423 1072 3465 non

84 3495 142 3556 alia
162 3492 294 3573 quaestio
318 3492 373 3552 alia
394 3491 528 3552 iudicatio
549 3492 620 3566 erit,
642 3490 695 3550 sed
714 3491 813 3569 plures
836 3493 1021 3569 quaestiones
1042 3493 1072 3546 et
