2434 3925
364 195 454 245 mss.
471 196 620 246 cunnos.
638 198 706 265 usu.
722 198 776 266 x1,
793 148 826 249 1:
1028 189 1087 250 199

76 367 162 431 quos
179 352 325 411 orationes
342 352 427 411 etiam
441 353 610 431 scripserat,
626 366 727 412 verum
742 361 772 411 et
787 352 863 412 iusta
877 354 920 413 sic
936 354 1085 417 iaciendo:

76 452 144 495 non
159 453 192 494 se
207 435 244 495 de
254 437 367 511 ¹ingenii
381 435 457 496 lama
468 437 520 496 sed
535 436 573 496 dc
588 435 645 496 lide
663 454 730 495 esso
745 436 909 496 sollicitum.
934 437 1129 509 Dillicilior74

78 521 113 578 ei
127 521 202 579 ratio
215 520 244 579 in
266 519 371 579 iudicio
388 517 559 580 Cluentiano
575 520 645 596 luit,
667 538 731 580 cnm
745 521 947 580 Scamandrum
961 541 1092 584 necesse

78 602 208 662 baberet
222 603 322 663 dicere
336 613 500 680 nocentem,
516 606 596 665 ouius
615 613 717 681 egerat
731 622 856 664 causam.
894 604 1001 666 Verum
1014 602 1085 669 illud

80 686 302 764 elegantissime
324 704 388 748 curu
410 705 524 764 eorum,
550 688 689 766 aquibus
710 689 745 749 ad
766 706 799 746 sc
819 689 975 766 perductus
995 702 1084 768 esset,

81 770 223 848 precibus
249 780 307 831 tum
333 772 419 833 etiam
446 772 644 833 adolescentia
667 788 719 832 sua
745 781 877 839 excusat;
905 772 1084 835 detracturus

80 853 193 933 alioqui
205 855 355 933 plurimum
366 858 554 933 auctoritatis,
566 857 602 933 si,
618 857 646 915 in
658 874 744 916 causa
755 857 926 937 praesertim
937 867 1083 935 suspecta,

81 956 119 997 se
137 951 199 998 eum
215 957 299 1016 esse,
317 941 364 1018 qui
381 949 489 1000 temere
507 949 647 1000 nocentes
662 958 730 1000 reos
745 943 918 1018 susciperet,
935 940 1083 1001 fateretur.

170 1023 260 1102 Apud
275 1021 398 1084 iudicem
418 1043 507 1101 vero,
532 1025 579 1103 qai
599 1033 648 1085 aut
671 1024 726 1084 erit
745 1025 874 1085 inimicus
897 1033 945 1084 aut
966 1034 1125 1103 propterts

82 1105 202 1184 aliquod
218 1108 396 1168 commodum
411 1126 427 1169 a
442 1126 540 1184 causa,
556 1127 640 1188 quam
655 1126 708 1168 uos
722 1109 946 1186 susceperimus,
962 1110 1083 1185 alienus,

81 1197 116 1249 ut
132 1191 322 1267 persuadendi
337 1192 425 1252 ardua
440 1194 513 1252 ratio
530 1195 568 1253 ita
583 1193 697 1253 dicendi
712 1193 936 1271 expeditissima.
966 1191 1085 1254 Fiducia

84 1274 163 1333 enim
178 1275 300 1336 iustitiae
318 1277 380 1335 eins
397 1286 427 1336 et
443 1285 562 1337 nostrae
577 1295 683 1337 causae
698 1277 767 1336 nihil
782 1294 836 1336 nos
852 1279 954 1336 timere
969 1277 1082 1337 simula·

81 1356 189 1417 bimus.
215 1359 283 1438 lpse
300 1362 356 1420 erit
368 1360 462 1438 gloria
476 1361 632 1437 inflandus,
652 1370 682 1441 ut
697 1364 775 1421 tanto
792 1360 897 1421 clarior
913 1362 974 1419 eius
989 1361 1082 1421 lutura

83 1441 122 1500 sit
140 1441 213 1502 lides
228 1461 261 1502 ac
276 1444 381 1521 religio
396 1447 425 1504 iu
444 1446 668 1523 pronuntiando,
695 1441 800 1523 quauto
820 1447 911 1504 miuus
929 1445 977 1504 vel
992 1445 1081 1504 offen·

83 1541 137 1585 sae
154 1526 203 1586 vel
217 1528 328 1588 utilitati
349 1546 419 1588 suae
440 1529 598 1589 indulserit.
632 1529 695 1588 lloc
713 1538 742 1588 et
763 1532 837 1607 apud
859 1546 926 1604 eos,
947 1529 1081 1607 aquibus
1090 1543 1123 1599 76

82 1610 260 1688 appellatum
279 1614 352 1688 erit,
377 1615 401 1671 si
424 1613 501 1672 iorte
521 1614 556 1674 ad
572 1613 691 1673 eosdem
708 1614 897 1680 remittemur;
923 1613 1080 1673 adiicienda

82 1695 158 1752 ratio
170 1694 220 1755 vel
234 1698 414 1756 necessitatis
428 1697 559 1773 alicuius,
575 1699 599 1756 si
614 1697 643 1757 id
655 1714 741 1756 causa
754 1698 896 1772 concedit,
911 1696 960 1756 vel
973 1699 1080 1757 erroris

82 1777 133 1836 vel
152 1781 334 1856 suspicionis.
369 1774 551 1840 Tutissimum
576 1797 649 1858 ergo
670 1782 865 1859 poenitentiae
888 1780 1035 1840 conlessio
1052 1791 1081 1840 et

83 1861 245 1922 satisfactio
261 1865 378 1943 culpae,
400 1865 658 1944 perducendusque
673 1865 848 1924 omnimodo
864 1862 950 1924 iudex
967 1863 1001 1923 ad
1019 1866 1079 1924 irae

83 1945 234 2025 pudorem.
263 1947 376 2010 Accidit
394 1951 478 2010 etiam
498 1966 698 2027 nonuunquam
716 1949 817 2009 eadem
840 1967 942 2022 causa,
965 1946 1001 2007 dc
1023 1963 1120 2026 quatu

84 2033 274 2109 pronuntiarit
299 2042 515 2111 cognoscatqne
535 2036 646 2093 iterum.
679 2033 749 2094 Tum
776 2033 845 2093 illud
867 2033 980 2109 quidem
1002 2049 1077 2090 coru·

82 2130 183 2173 mune:
199 2116 274 2194 apud
289 2117 373 2177 alium
387 2134 441 2176 nos
456 2118 578 2178 iudicem
592 2115 787 2195 disputaturos
799 2118 835 2177 do
845 2116 922 2191 ¹illius
938 2118 1078 2177 sententia

84 2213 142 2256 non
158 2199 260 2274 luisse,
275 2203 459 2279 nequeenim
475 2202 620 2262 emendari
634 2202 669 2261 ab
685 2202 743 2261 alio
757 2219 841 2278 quarn
856 2202 921 2277 ipso
936 2200 980 2259 fas
995 2210 1076 2267 esse:

84 2289 213 2341 ceterum
226 2301 264 2342 ex
279 2302 381 2360 causa,
403 2294 434 2345 ut
448 2303 581 2364 quaeque
595 2288 755 2363 permittet:
784 2294 831 2345 aut
845 2285 974 2361 ignorata
990 2302 1077 2360 quae·

84 2365 146 2425 dam
170 2374 219 2425 aut
244 2363 371 2427 defuisse
392 2377 484 2429 testes
510 2379 558 2429 ant
582 2369 675 2447 (quod
699 2370 874 2429 timidissime
895 2377 938 2443 et,
962 2369 987 2426 si
1009 2369 1078 2428 nihil

60 2514 62 2516 .
84 2449 159 2509 aliud
180 2450 266 2528 plane
287 2451 390 2527 luerit,
418 2453 568 2513 dicendum
591 2455 656 2533 est)
675 2462 812 2532 patronos
835 2469 892 2511 nou
913 2452 1076 2526 suffecisse,

85 2542 243 2594 succurret.
270 2533 373 2613 Etiam,
388 2538 413 2595 si
428 2538 503 2615 apud
518 2533 591 2597 alios
606 2537 716 2597 iudices
733 2547 849 2614 agetur,
865 2545 896 2594 ut
911 2538 939 2594 iu
953 2537 1119 2601 secundais

85 2620 244 2677 assertione
272 2628 320 2679 aut
345 2621 372 2679 in
400 2622 649 2681 centumviralibus
674 2621 785 2681 iudiciis
809 2620 970 2698 duplicibus
996 2628 1077 2696 parte

84 2699 173 2777 uicta,
200 2702 348 2762 decentius
370 2706 438 2780 erit,
463 2708 596 2785 quotiens
619 2707 787 2783 contigerit,
814 2721 934 2764 servare
955 2703 1077 2761 iudicum

85 2784 235 2861 pudorcm;
252 2786 288 2846 de
304 2805 359 2866 qua
374 2807 407 2848 re
422 2789 505 2849 latius
519 2785 719 2867 probationum
734 2790 802 2849 loco
817 2788 923 2847 dictum
938 2794 992 2844 est.

164 2865 264 2930 Potest
278 2875 410 2947 evenire,
426 2882 456 2932 ut
471 2876 499 2932 iu
513 2874 576 2934 aliis
594 2872 833 2951 reprehendenda
849 2873 915 2944 sint,
933 2886 1007 2947 quae
1022 2870 1077 2948 ipsi

84 2947 251 3028 fecerimus,
272 2964 303 3015 ut
323 2956 421 3017 obiicit
436 2956 551 3016 Tubero
567 2957 698 3034 Ligario,
721 2955 798 3035 quod
818 2956 847 3013 ln
864 2953 962 3013 Africa
980 2953 1074 3013 luerit.

85 3033 120 3095 llt
143 3035 263 3096 ambitus
289 3041 403 3117 quidam
427 3040 548 3102 damuati
575 3040 790 3120 recuperandae
817 3039 960 3116 dignitatis
985 3039 1118 3114 gratiaiit

84 3135 149 3178 reos
171 3119 297 3181 eiusdem
321 3125 444 3183 oriminis
465 3124 644 3201 detulerunt,
664 3133 695 3184 ut
713 3126 742 3184 iu
756 3122 865 3183 scholis
888 3122 1075 3181 luxuriantem

84 3210 190 3281 patrem
205 3203 368 3265 luxuriosus
382 3210 446 3286 ipss
460 3209 570 3268 iuvenis
585 3217 711 3269 accusat.
738 3208 770 3268 ld
782 3207 925 3285 quomodo
938 3205 1076 3266 decenter

85 3285 143 3345 fleri
158 3288 261 3364 possit,
278 3291 410 3367 equidem
424 3310 481 3353 nou
494 3294 620 3368 invenio,
635 3294 690 3352 nisi
703 3292 810 3372 aliquid
825 3291 979 3369 reperitur,
997 3287 1074 3368 quod

85 3370 207 3445 intersit,
224 3387 366 3449 persona,
386 3385 482 3451 aetas,
498 3385 626 3455 tempus,
642 3367 746 3452 causa,
763 3377 856 3450 locus,
871 3376 988 3434 animus.
1020 3372 1116 3433 'lu-80

86 3451 166 3531 baro,
189 3455 322 3517 iuvenem
337 3475 370 3519 se
385 3461 459 3541 patri
473 3460 623 3540 haesisse,
645 3460 724 3523 illum
741 3468 872 3521 asenatu
887 3459 1003 3533 missum
1017 3471 1075 3524 uou
