2434 3925
52 149 57 163 =
122 124 164 185 40
432 136 801 198 u.sss.oo1uu1u1uu1

74 290 288 371 15amplribolia
310 308 368 351 uon
393 300 447 352 est.
490 289 692 370 Amphidoliae
713 301 807 353 autem
828 295 917 353 omnis
941 295 995 356 erit
1015 297 1046 356 iu
1067 295 1118 359 his

116 377 263 455 quaestio;
284 375 451 454 aliquando,
466 383 531 435 uter
542 377 578 435 sit
590 375 745 436 secundum
759 386 886 438 naturam
896 381 987 457 magis
997 397 1116 447 sermo:

115 478 246 539 semper,
268 469 361 520 utrum
378 461 414 519 sit
431 459 565 538 aequius;
591 468 684 519 utrum
702 461 743 537 is,
765 463 813 541 qui
835 464 950 541 scripsit
972 482 1006 525 ac
1027 464 1112 539 dixit,

115 544 249 605 voluerit.
294 543 419 617 Quarum
438 544 466 601 iu
480 552 628 622 utramque
643 553 753 622 partem
770 547 839 605 satis
855 565 892 606 cx
905 547 966 624 his,
982 566 1059 626 quae
1077 548 1114 609 de

117 629 282 689 coniectura
298 637 327 688 et
338 627 474 706 qualitate
490 625 627 704 diximus,
645 638 832 709 praeceptum
849 639 904 690 est.

266 779 309 830 DE
326 777 579 829 PRAEDIGTORUM
595 778 749 831 STATUUM
767 778 979 842 COGNATIONE.

198 874 234 935 ll.
265 875 318 936 Est
334 884 427 936 autem
445 875 585 955 quaedam
599 876 674 936 inter
688 876 742 936 hos
758 886 847 937 status
861 879 1005 955 cognatio.
1036 878 1112 941 Nam

117 960 194 1020 etin
216 961 359 1035 linitione,
376 978 449 1038 quae
473 961 509 1019 sit
529 960 662 1020 voluntas
684 963 818 1038 nominis,
847 963 1009 1040 quaeritur,
1031 972 1061 1023 et
1084 967 1113 1025 iu

116 1043 304 1121 syllogismo,
323 1045 371 1122 qui
386 1042 529 1103 secundus
546 1062 562 1103 a
578 1045 704 1105 linitione
720 1054 809 1105 status
826 1054 890 1121 est,
912 1047 977 1125 quia
994 1056 1111 1125 specta

116 1138 177 1203 tur,
206 1128 272 1206 quid
294 1129 418 1188 voluerit
438 1129 580 1206 scriptor;
611 1137 641 1188 et
666 1131 822 1189 contrarias
844 1128 928 1207 leges
949 1131 1019 1190 duos
1041 1149 1112 1193 esse

116 1213 216 1290 scripti
242 1221 271 1271 et
290 1212 445 1272 voluntatis
471 1220 561 1271 status
586 1222 716 1291 apparet.
761 1212 870 1272 Rursus
888 1223 917 1273 et
934 1215 1021 1274 linitio
1037 1232 1111 1293 quo

118 1296 268 1356 dammodo
292 1305 337 1355 est
358 1294 547 1375 amphibolia,
573 1298 684 1355 cumin
705 1297 774 1356 duas
792 1306 890 1375 partes
906 1298 1052 1358 diducatur
1068 1302 1112 1359 iu·

89 1378 254 1440 ttellecrus
269 1380 400 1440 nominis.
439 1379 580 1458 Scriptum
597 1389 626 1439 et
640 1380 772 1441 voluntas
783 1380 870 1441 habet
884 1383 912 1441 in
927 1381 1022 1441 verbis
1038 1383 1112 1444 iuris

117 1465 331 1541 quaestionem,
357 1463 435 1543 quod
457 1464 531 1523 idem
547 1465 698 1525 antinomia
714 1466 828 1544 petitur.
864 1464 994 1543 ldeoque
1015 1468 1111 1527 omnia

116 1545 190 1607 lraec
216 1548 329 1625 quidam
349 1549 486 1626 scriptum
512 1556 540 1607 et
561 1547 737 1625 voluntatem
753 1567 820 1608 esse
839 1548 986 1625 dixerunt,
1011 1550 1060 1611 alii
1081 1553 1111 1610 iu

116 1632 225 1710 scripto
247 1641 276 1692 et
289 1632 436 1693 voluntate
458 1632 658 1711 amphiboliam
674 1650 757 1708 esse,
782 1651 854 1711 quae
873 1633 941 1694 iacit
964 1635 1110 1713 quaestio-

117 1733 192 1775 nem.
225 1716 284 1776 Sed
300 1716 431 1778 distincta
445 1725 519 1775 suut.
556 1716 642 1776 Aliud
659 1725 703 1776 est
717 1719 789 1776 enim
806 1717 958 1778 obscurum
972 1720 1014 1777 ius
1031 1718 1111 1779 aliud

1 1814 5 1821 ·
90 1797 288 1877 3ambiguum.
317 1801 408 1878 Igitur
422 1801 510 1860 finitio
527 1799 555 1859 in
575 1810 674 1861 natura
695 1802 757 1879 ipsa
773 1802 893 1860 nominis
909 1803 1109 1880 quaestionem

116 1883 203 1944 habet
217 1885 399 1963 generalem,
423 1895 452 1944 et
469 1902 542 1964 quae
564 1902 631 1943 esse
652 1885 736 1944 etiam
753 1887 823 1945 citra
843 1886 1024 1966 complexum
1043 1903 1110 1946 cau·
1199 1901 1205 1908 ·

117 1986 168 2029 sae
186 1972 292 2048 possit;
310 1973 447 2048 scriptum
463 1980 491 2029 et
508 1969 641 2029 voluntas
659 1971 695 2030 de
715 1987 750 2030 eo
767 1970 892 2048 disputat
906 1971 1012 2044 verbo,
1032 1970 1111 2048 quod

118 2064 162 2113 est
177 2056 205 2113 in
220 2055 303 2131 lege,
319 2055 505 2131 syllogismus
521 2053 557 2112 de
572 2071 625 2129 eo,
648 2054 724 2131 quod
739 2072 796 2114 uon
813 2064 866 2114 est.
907 2054 1111 2132 Amphiboliae

118 2137 153 2197 lis
171 2140 199 2197 iu
214 2139 357 2198 diversum
372 2138 472 2213 trahit,
495 2137 592 2215 legum
607 2139 810 2198 contrariarum
826 2157 864 2198 ex
879 2137 993 2198 diverso
1013 2155 1111 2216 pugna

89 2230 172 2285 aest.
207 2221 309 2301 Neque
333 2223 471 2281 immerito
498 2231 527 2280 et
549 2231 668 2301 recepta
684 2232 728 2281 est
746 2241 761 2282 a
777 2222 949 2283 doctissimis
966 2222 1040 2282 liaeo
1055 2221 1111 2281 dii-

118 2305 240 2366 lereutia
264 2316 292 2365 et
316 2306 391 2385 apud
408 2304 545 2384 plurimos
562 2324 596 2366 ac
612 2305 848 2385 prudentissimos
869 2306 960 2368 durat.

435 2456 478 2506 DE
491 2457 527 2506 Vl
543 2454 784 2508 DlSPOSlTlONlS.

198 2551 235 2612 Et
258 2550 293 2612 de
314 2550 371 2611 hoc
397 2554 511 2632 quidem
532 2573 642 2632 genere
669 2552 881 2634 dispositionis,
918 2552 1027 2614 etiamsi
1053 2569 1113 2613 nou

90 2640 225 2713 somnia,
246 2637 319 2696 tradi
340 2645 433 2696 tamen
452 2639 546 2716 aliqua
567 2648 729 2717 potuerunt.
759 2639 830 2699 Sunt
850 2637 925 2713 alia,
947 2654 1035 2716 quae,
1057 2638 1113 2698 uisi

118 2723 283 2801 proposita,
303 2721 339 2781 de
356 2738 411 2798 qua
427 2722 575 2783 dicendum
592 2731 652 2798 est,
668 2724 803 2797 materia,
827 2722 901 2781 viam
916 2721 1038 2782 docendi
1052 2738 1112 2781 uon

118 2806 285 2884 praebeant.
318 2803 383 2865 Non
399 2807 473 2865 euim
489 2825 574 2867 causa
590 2809 722 2867 universa
737 2809 766 2866 iu
780 2807 964 2886 quaestiones
979 2823 1013 2865 ac
1027 2805 1112 2865 locos

119 2889 278 2950 diducenda
299 2898 359 2966 est,
381 2889 433 2949 sed
455 2890 509 2953 hae
528 2892 609 2970 ipsae
629 2901 727 2968 partes
746 2889 852 2950 liabent
868 2908 966 2948 rursus
984 2888 1114 2949 ordinem

119 2992 208 3033 suum.
253 2973 325 3033 Nam
342 2982 369 3033 et
386 2974 414 3033 in
429 2977 578 3052 prooemio
594 2976 713 3054 prImum
734 2983 779 3033 est
792 2973 898 3051 aliquid
913 2982 942 3033 et
957 2974 1114 3034 secuudum

119 3075 153 3117 uc
172 3057 328 3136 deinceps,
355 3068 384 3118 et
399 3060 531 3138 quaestio
552 3060 642 3118 omnis
665 3077 699 3118 ac
714 3058 797 3118 locus
814 3055 901 3118 lrabet
916 3075 995 3117 suam
1015 3057 1112 3135 dispo

91 3143 253 3205 6sitionem
271 3150 302 3199 ut
317 3142 415 3202 theses
434 3144 518 3202 etiam
534 3142 691 3220 simplices.
731 3141 793 3201 Nisi
810 3141 886 3201 forte
905 3142 974 3200 satis
998 3142 1052 3200 erit
1071 3141 1112 3200 di·

119 3224 234 3287 videndi
253 3226 378 3302 peritus,
405 3229 452 3304 qui
479 3227 703 3286 controversiam
729 3228 757 3286 iu
782 3225 855 3284 haec
881 3224 1038 3299 diduxerit,
1067 3223 1113 3282 An

120 3325 204 3368 omue
226 3310 381 3387 praemium
406 3309 538 3370 vlroforti
564 3309 684 3369 dandum
710 3311 763 3386 sit,
789 3328 824 3368 an
848 3326 885 3367 ex
908 3310 1050 3386 privatos
1067 3306 1113 3365 Au

119 3394 250 3475 nuptiae,
267 3411 302 3453 au
315 3394 392 3472 eius,
409 3411 482 3472 quae
493 3403 580 3473 nupta
589 3395 643 3470 sit,
660 3390 797 3454 anhaec‘l
817 3391 936 3469 deindo,
953 3391 1113 3453 cumiuerit
