2434 3925
158 178 199 239 32
471 190 507 238 n.
522 190 601 238 aaa.
618 181 836 250 demoramur

115 353 202 408 38est
218 346 314 419 enim,
324 345 371 421 qui
386 352 482 421 negat.
518 342 659 417 Quantum
674 343 842 424 acceperit?
864 363 900 405 an
915 345 1098 407 reddiderit?
1123 365 1161 409 an

157 431 302 507 protinus,
321 429 369 504 qui
380 444 435 486 nou
446 428 584 503 reddidit,
600 431 727 505 ingratus
743 427 799 489 sit?
819 447 853 488 an
866 432 993 508 potuerit
1004 428 1159 491 reddere?

156 530 191 571 an
216 512 260 587 id,
285 512 361 590 quod
388 510 576 589 exigebatur,
604 510 758 571 debuerit?
781 530 837 591 quo
861 516 953 573 animo
978 511 1034 573 sit?
1080 517 1156 574 Sim·

156 596 294 674 pliciores
319 595 386 654 illae
410 596 540 654 iniusti
561 596 730 674 repudii,
756 596 809 655 sub
826 614 881 675 qua
896 597 964 673 lege
983 608 1154 657 controver-

156 681 216 738 siae
232 679 302 739 illud
316 680 463 757 proprium
478 678 600 752 habent,
619 680 725 756 quoda
741 689 823 758 parte
840 682 1001 740 accusantis
1018 681 1152 740 defensio

114 775 148 830 39
157 774 201 821 est
222 773 251 821 et
272 762 452 821 defendentis
470 766 626 823 accusatio.
668 763 840 839 Praeterea,
865 783 928 824 cum
946 766 1009 842 quis
1034 767 1109 825 rati
1117 783 1150 822 o·

155 865 229 906 nem
251 848 381 905 mortis
408 848 437 904 in
457 847 564 904 Senatu
587 847 698 923 reddit,
717 847 764 905 ubi
782 867 836 907 una
852 851 982 927 quaestio
1002 858 1048 907 est
1070 851 1147 921 iuris,

157 933 201 991 Aa
222 932 245 988 is
271 931 382 990 demum
404 929 598 1008 prohibendus
622 932 676 1006 sit,
703 933 751 1010 qui
766 934 837 990 mori
851 933 926 1007 vult,
948 941 979 991 ut
999 950 1031 990 se
1054 931 1148 1008 legum

155 1015 314 1075 actionibus
327 1013 603 1081 subtrahat;=cetera
619 1015 772 1092 qualitatis.
812 1014 968 1092 linguntur
983 1024 1012 1073 et
1027 1024 1086 1074 tes
1097 1026 1148 1073 ta·

154 1108 287 1175 menta,
314 1100 342 1157 in
368 1097 469 1175 quibus
494 1097 530 1156 de
553 1098 616 1157 sola
638 1108 806 1176 quaeratur,
832 1108 861 1158 ut
886 1101 915 1157 in
940 1101 1147 1172 controversia,
1197 1109 1198 1118 ²

155 1202 238 1261 quam
265 1200 351 1260 supra
376 1182 512 1259 exposui,
542 1183 647 1258 inqua
678 1183 713 1241 de
744 1192 825 1260 parte
851 1183 1012 1261 patrimonii
1038 1192 1147 1261 quarta,

155 1285 237 1344 quam
260 1275 342 1343 pater
364 1265 529 1341 dignissimo
550 1284 587 1324 ex
609 1266 674 1324 liliis
697 1267 870 1344 reliquerat,
891 1267 1065 1326 contendunt
1088 1266 1147 1344 phi·

154 1350 310 1427 losophus,
330 1350 475 1423 medicus,
488 1358 595 1408 orator.
629 1348 714 1422 Quod
728 1349 802 1408 idem
818 1351 937 1426 accidit,
954 1353 978 1409 si
988 1350 1083 1409 orbae
1100 1368 1147 1407 nu·

154 1435 229 1511 ptias
251 1434 374 1492 indicant
389 1450 474 1509 pares
490 1434 597 1508 gradu,
623 1442 651 1492 et
667 1435 691 1492 si
706 1436 780 1493 inter
796 1435 976 1512 propinquos
991 1433 1026 1493 de
1043 1435 1147 1493 idoneo

111 1525 316 1595 toquaeratur.
361 1516 420 1575 Sed
434 1535 488 1576 uec
506 1533 605 1576 omnes
618 1517 685 1577 milri
701 1520 839 1595 persequi
857 1520 990 1577 materias
1008 1520 1036 1576 in
1056 1519 1147 1576 animo
1197 1555 1198 1566 l

153 1610 214 1675 est,
236 1601 302 1677 fingi
324 1601 397 1659 enim
416 1600 508 1659 adhuc
531 1610 667 1679 possunt;
689 1620 743 1661 uec
764 1619 865 1661 omnes
887 1620 984 1661 earum
1002 1611 1146 1678 quaestio·
1197 1587 1198 1658 1

151 1702 221 1759 nes,
239 1686 304 1762 quia
319 1684 510 1763 positionibus
525 1694 676 1744 mutantur.
720 1685 783 1744 Hoc
798 1695 905 1745 tautum
920 1686 1060 1760 admiror,
1083 1684 1146 1743 Fla·

151 1787 233 1843 uum,
254 1770 334 1828 cuius
349 1769 424 1848 apud
440 1787 486 1828 me
501 1787 608 1828 summa
623 1779 668 1828 est
683 1770 857 1844 auctoritas,
876 1787 940 1828 cum
956 1777 1046 1827 artem
1063 1768 1145 1827 scho-

152 1853 198 1912 lae
216 1862 322 1912 tantum
337 1862 541 1932 componeret,
560 1862 617 1912 tam
632 1862 753 1931 anguste
766 1854 911 1913 materiam
929 1852 1073 1931 qualitatis
1089 1861 1144 1910 ter·

151 1955 286 1997 manasse.
938 1986 941 1991 ,

110 2037 138 2087 st
235 2021 430 2095 Quantitas
452 2038 586 2099 quoque,
609 2030 640 2080 ut
657 2021 731 2095 dixi,
755 2021 937 2081 etiamsinon
952 2038 1069 2099 semper
1085 2021 1144 2097 ple·

151 2124 270 2183 rumque
293 2115 386 2164 tamen
407 2105 501 2163 eidem
522 2104 670 2179 subiacet,
704 2123 756 2164 seu
781 2105 857 2164 modi
879 2115 923 2164 est
948 2123 1000 2163 seu
1028 2104 1144 2162 numeri.

151 2190 209 2248 Sed
230 2190 330 2248 modus
352 2190 504 2265 aliquando
526 2197 638 2247 constat
659 2190 856 2248 aestimatione
875 2189 958 2263 iacti,
982 2196 1086 2265 quanta
1112 2189 1145 2244 sit
1197 2224 1198 2263 ,

152 2273 253 2350 culpa,
277 2282 447 2350 quantumve
471 2272 655 2339 beneficium
693 2272 846 2350 aliquando
872 2274 950 2347 iure,
977 2290 1040 2330 cum
1067 2270 1094 2329 id
1120 2271 1145 2328 in
1197 2270 1198 2339 l

152 2358 377 2415 controversiam
399 2358 493 2432 venit,
518 2375 574 2434 qua
589 2357 653 2434 quis
669 2354 742 2433 ,lege
760 2356 918 2434 puniendus
936 2355 985 2415 vel
1006 2354 1144 2413 honoran-

109 2440 204 2500 dldus
225 2441 271 2498 sit.
321 2441 473 2518 Stuprator
497 2440 598 2499 decem
624 2440 701 2499 milia
723 2441 792 2499 dare
813 2439 934 2515 debeat,
958 2457 1030 2517 quae
1054 2453 1145 2515 poena

151 2525 217 2583 huic
236 2524 344 2582 crimini
360 2526 512 2583 constituta
534 2530 595 2591 est;
622 2541 672 2598 an,
692 2525 756 2600 quia
773 2533 917 2601 stupratus
933 2541 966 2582 se
988 2522 1144 2599 suspendit,
1197 2578 1198 2591 ,

152 2610 247 2685 capite
263 2609 355 2684 puniri
372 2617 504 2684 tanquam
520 2625 606 2667 causa
622 2604 754 2672 mortis?
786 2607 894 2680 Quoia
917 2624 1028 2684 genere
1045 2604 1143 2664 lallun·
1197 2604 1198 2629 ¹

151 2701 213 2767 tur,
244 2692 292 2769 qui
321 2693 365 2750 ita
385 2691 497 2769 dicunt,
522 2701 656 2768 tanquam
683 2692 757 2750 inter
782 2691 850 2750 duas
872 2691 957 2768 leges
985 2697 1143 2767 quaeratur.

151 2775 222 2834 Nam
240 2776 276 2835 de
298 2773 399 2834 decem
418 2774 531 2833 milibus
546 2774 623 2834 nulla
640 2775 838 2834 controversia
853 2784 913 2849 est,
938 2791 1013 2852 quae
1029 2791 1082 2831 nec
1096 2789 1143 2849 pe·
1197 2802 1198 2807 κ

107 2859 254 2919 43tuntur.
291 2859 428 2919 Iudicium
443 2859 585 2933 redditur,
602 2877 638 2917 an
653 2862 719 2918 reu's
737 2876 823 2925 causa
838 2860 875 2917 sit
894 2859 1003 2916 mortis.
1033 2855 1065 2915 ln
1080 2873 1143 2913 con·

151 2946 290 3003 lecturam
313 2961 429 3022 quoque
452 2943 551 3001 eadem
575 2944 691 3019 species
714 2942 804 3017 cadit,
834 2960 914 3016 cum,
943 2949 1084 3019 perpetuo
1111 2957 1144 2998 au

152 3028 352 3104 quinquennali
373 3031 410 3087 sit
433 3027 519 3086 exilio
539 3025 715 3100 multandus,
733 3027 760 3083 iu
781 3026 1007 3084 controversiam
1027 3024 1143 3081 venerit.

151 3112 196 3168 An
212 3112 337 3188 prudens
353 3113 470 3171 caedem
486 3111 660 3170 commiserit
672 3111 827 3186 quaeritur.
862 3109 915 3168 llla
932 3125 1059 3186 quoque,
1074 3123 1144 3183 quae
1197 3168 1198 3175 χ

108 3197 187 3252 taex
204 3211 323 3252 numero
340 3193 470 3269 ducitur,
486 3194 594 3272 pendet
610 3212 648 3252 ex
663 3195 742 3251 iure:
765 3195 811 3251 An
828 3191 1009 3266 Thrasybulo
1033 3191 1144 3267 triginta

151 3279 277 3356 praemia
294 3275 475 3336 debeantur?
496 3287 541 3352 et,
560 3275 631 3336 Cum
646 3276 702 3335 duo
715 3276 793 3335 fures
806 3277 956 3354 pecuniam
968 3274 1142 3346 abstulerint,

149 3363 303 3439 separatim
311 3360 498 3439 quadruplum
508 3363 629 3438 quisque
644 3378 678 3419 an
691 3359 806 3437 duplum
813 3356 938 3418 debeat?
952 3358 1010 3417 Sed
1019 3358 1065 3435 laic
1077 3374 1142 3434 quo·

150 3464 207 3524 que
217 3445 322 3505 iactum
335 3446 509 3519 aestimatur,
522 3454 551 3502 et
563 3454 658 3502 tamen
671 3445 715 3503 ius
728 3443 940 3522 ipsum-pendet
951 3460 988 3500 ex
998 3441 1141 3519 qualitate.

1196 3576 1198 3671 l
