2434 3925
177 224 218 286 36
488 233 850 293 mnnnoemmmn

176 392 353 453 relormldat.
370 391 448 450 Sunt
461 391 510 467 qui
521 390 578 447 rim
592 389 689 467 potius
703 390 794 447 intuiti
809 393 1038 470 ariqinadaaem
1050 400 1176 452 vocent.

133 478 257 542 soliaco
271 476 359 535 habet
373 473 526 552 aliquando
541 492 623 531 usum
643 475 854 550 necessarium,
878 477 1012 553 quotiens
1027 479 1177 555 iuterpre

176 565 285 621 tatione
299 579 365 634 res,
387 560 423 618 de
439 576 495 636 qua
510 558 673 634 quaeritur,
696 567 778 633 eget:
800 568 831 616 ut
852 559 890 618 ll.
907 558 1023 619 Caelius
1046 580 1080 619 se
1104 578 1178 619 esse

176 645 319 705 homiuem
335 644 421 722 fraqi
439 642 501 701 vult
524 640 667 720 probare,
691 658 747 700 uon
769 645 836 719 quia
857 643 1004 703 abstinens
1026 647 1063 703 sit
1091 645 1177 720 (nam

176 729 206 789 id
225 748 262 788 ne
281 730 393 787 mentiri
415 727 530 805 quidem
551 728 682 806 poterat)
704 727 757 786 sed
777 729 844 804 quia
862 728 939 786 utilis
959 729 1055 787 multis
1075 728 1104 787 id
1128 736 1178 787 est

176 814 358 887 fructuosus,
384 811 460 870 unde
481 812 519 867 sit
541 809 626 869 ducta
649 811 828 889 frupalitae.
868 811 997 890 Ideoque
1019 815 1048 871 in
1069 812 1176 871 delini-

134 898 300 958 30tiouibus
319 898 483 972 assignatur
502 894 699 969 etymologiae
719 895 812 954 locus.
850 894 1058 974 Nonnunquam
1085 899 1177 954 etiam

175 982 297 1042 barbara
318 980 354 1039 ab
369 980 527 1039 emendatis
546 987 667 1037 conatur
685 980 870 1056 discernere,
892 989 923 1037 ut
938 998 1017 1055 cum,
1044 979 1176 1057 Trique-

176 1077 255 1127 tram
274 1066 330 1124 dici
345 1064 472 1123 Siciliam
487 1081 523 1121 an
541 1061 761 1140 Triqsedram‚
782 1065 941 1124 meridiem
956 1083 992 1123 an
1006 1066 1176 1125 medidiem

133 1153 166 1206 31
175 1158 321 1230 oporteat,
333 1150 491 1226 quaeritur,
503 1146 617 1225 aliaque
629 1164 704 1224 quae
717 1148 916 1207 consuetudini
931 1151 1069 1208 serviunt.
1093 1146 1175 1207 Con-

174 1238 247 1295 tinet
263 1243 358 1291 autem
376 1235 405 1290 in
422 1249 455 1289 se
470 1230 584 1289 multam
605 1233 811 1309 eruditionem,
830 1235 893 1293 sive
911 1252 948 1292 ex
966 1232 1086 1298 Graecis
1106 1242 1174 1292 orta

175 1327 346 1391 tractemus,
369 1334 443 1393 quae
460 1324 526 1372 sunt
541 1315 663 1393 plurima
682 1318 898 1394 praecipueque
913 1317 1037 1377 Aeolica
1056 1319 1173 1376 ratione

177 1404 239 1480 (cui
259 1394 305 1460 es't
325 1417 420 1459 sermo
441 1406 542 1457 noster
561 1399 735 1479 simillimus)
758 1401 917 1477 declinata,
939 1404 1002 1460 siue
1020 1421 1057 1460 ex
1078 1400 1172 1460 histo-

92 1499 97 1514 ‘
175 1488 280 1546 riarum
295 1494 425 1544 veterum
441 1484 542 1541 notitia
559 1485 671 1545 nomina
689 1484 846 1561 hominum,
865 1485 1011 1560 locorum,
1029 1488 1172 1562 gentium,

176 1569 287 1629 urbium
303 1570 498 1645 requiramus,
521 1567 596 1627 unde
614 1567 720 1644 Bruti,
742 1569 934 1645 Publicolae,
954 1568 1096 1649 Pythici?
1120 1588 1174 1628 cur

176 1653 311 1727 Latiam,
332 1652 442 1725 ltalia,
465 1649 689 1713 Beneventum?
716 1672 791 1730 quae
812 1652 992 1732 Capitolium
1011 1663 1041 1712 et
1062 1653 1173 1712 collem

178 1737 367 1811 Quirinalem
389 1744 418 1795 et
438 1732 606 1813 Arpiletum
628 1737 792 1815 appellandi
810 1736 904 1797 ratio?

133 1830 169 1883 32
259 1821 318 1880 lam
343 1818 393 1880 illa
413 1821 539 1894 minora,
564 1821 593 1878 in
620 1820 722 1898 quibus
749 1824 871 1882 maxime
894 1822 1015 1882 studiosi
1042 1824 1105 1881 eius
1128 1824 1172 1882 rei

175 1906 346 1984 fatigantur,
373 1922 447 1984 quae
469 1903 616 1982 paululum
639 1905 781 1965 declinata
807 1909 887 1966 varie
912 1916 942 1967 et
971 1906 1173 1985 multipliciter

176 1993 211 2052 ad
231 1993 382 2051 veritatem
402 1990 542 2049 reducunt
563 1999 612 2049 aut
633 1993 776 2068 correptis
799 2000 847 2050 aut
869 1994 1029 2070 porrectis,
1052 2001 1101 2051 aut
1122 1992 1172 2050 ad·

175 2078 259 2136 lectis
277 2084 325 2134 aut
347 2075 500 2147 detractis,
522 2082 570 2133 aut
592 2076 759 2151 permutatis
781 2075 884 2134 litteris
903 2075 1071 2152 syllabisve.
1100 2074 1171 2134 lnde

176 2162 273 2239 pravis
292 2158 477 2239 ingeniisad
499 2158 667 2217 foedissima
688 2176 781 2236 usque
803 2159 925 2219 ludibria
948 2160 1091 2219 labuntur.
1128 2162 1171 2218 Sit

177 2245 252 2303 euim
273 2241 387 2302 Consul
411 2259 427 2300 a
449 2242 628 2301 consulendo
654 2242 704 2301 vel
729 2261 745 2302 a
772 2243 938 2312 iudicando;
967 2262 1030 2302 nam
1056 2253 1087 2303 et
1113 2243 1172 2303 hoc

178 2328 336 2388 carmulere
355 2333 473 2384 veteres
494 2335 688 2400 vocaverunt,
716 2328 792 2386 uude
819 2328 919 2401 adhuc
935 2337 1063 2388 remanet
1087 2328 1170 2402 illud,

134 2419 267 2488 &rapat
282 2411 353 2471 bani
369 2411 511 2470 caraulas
526 2409 554 2468 id
575 2418 621 2469 est
641 2410 747 2470 bonum
768 2413 888 2471 iudices.
920 2411 1049 2473 Senatui
1065 2430 1171 2470 nomen

177 2495 289 2555 dederit
307 2503 403 2567 aetas,
423 2511 487 2552 uam
503 2494 588 2553 iidem
599 2492 710 2556 Patres
726 2504 806 2570 sunt,
830 2505 859 2555 et
875 2516 934 2556 ree
948 2509 1051 2558 rector
1068 2506 1096 2556 et
1114 2497 1170 2554 alia

176 2579 297 2658 plurima
316 2576 485 2643 indubitata;
508 2596 563 2637 nec
573 2577 727 2638 abnuerim
744 2584 864 2657 tepulae
882 2583 1065 2659 repulaeque
1084 2588 1114 2640 et
1132 2582 1170 2638 si-

176 2664 282 2722 milium
303 2663 347 2722 his
369 2663 518 2720 rationem.
550 2662 609 2721 lam
629 2664 667 2721 sit
685 2671 714 2721 et
731 2665 843 2724 classis
861 2682 877 2722 a
896 2664 1017 2724 calando
1036 2674 1065 2724 et
1081 2667 1172 2742 lepus

46 2796 51 2809 .
134 2749 289 2826 itleaipes
309 2756 340 2805 et
359 2747 466 2823 culpes
475 2747 606 2824 volipes:
630 2750 752 2806 etiamne
774 2766 790 2807 a
813 2751 964 2807 contrariis
981 2749 1076 2826 aliqua
1093 2751 1171 2807 sine·

176 2850 237 2890 mus
258 2831 347 2901 trahi,
370 2838 401 2888 ut
421 2830 525 2904 lucas,
548 2832 615 2908 quia
635 2830 734 2890 umbra
754 2849 863 2910 opacus
884 2851 984 2910 parum
1002 2836 1117 2896 laceat:
1142 2840 1173 2891 et

176 2916 284 2990 ladas,
312 2917 377 2992 quia
399 2915 436 2971 sit
458 2913 626 2990 longissime
649 2932 665 2973 a
683 2918 772 2983 laem·
800 2926 829 2975 et
848 2915 945 2991 Ditie,
971 2920 1037 2995 quia
1056 2914 1172 2975 minime

178 3001 285 3060 dives?
316 3001 438 3057 etiamne
464 2998 612 3058 homimem
636 2999 792 3077 appellari,
821 3002 887 3078 quia
912 3003 948 3059 sit
975 3004 1063 3063 trama
1087 3010 1171 3059 natus

179 3083 276 3159 (quasi
296 3099 368 3142 vero
388 3099 445 3141 nan
467 3081 597 3141 amnibus
618 3084 785 3143 animalibus
807 3085 908 3144 eadem
930 3088 1030 3162 origo,
1058 3093 1106 3143 aut
1129 3084 1172 3144 illi

178 3169 261 3245 primi
281 3166 419 3227 mortales
441 3175 507 3225 aute
527 3183 631 3225 nomen
653 3169 840 3246 imposuerint
862 3178 958 3228 terrae
980 3187 1064 3247 quam
1087 3169 1170 3247 sibi),

134 3260 205 3316 &tet
225 3253 320 3312 acrba
340 3250 376 3310 ab
396 3257 466 3309 aere
485 3251 669 3311 verberata?
696 3252 867 3328 Pergamus:
897 3256 939 3311 sic
966 3255 1170 3331 perveniemus

178 3353 324 3414 eousque,
351 3343 382 3392 ut
405 3335 493 3394 atella
514 3334 626 3392 luminis
647 3336 730 3396 stilla
753 3337 900 3410 credatur,
924 3339 1006 3396 cuius
1029 3337 1169 3411 etymolo-

176 3424 243 3498 giae
263 3429 410 3487 auctorem
431 3418 538 3476 clarum
560 3435 630 3478 saue
651 3423 680 3478 in
698 3420 801 3479 litteris
817 3423 955 3480 nominari
972 3423 1000 3479 in
1019 3438 1054 3479 ea
1075 3430 1170 3498 parte,

135 3513 233 3584 idque
254 3523 271 3565 a
290 3522 335 3564 me
359 3501 589 3582 reprehenditur,
619 3503 797 3564 inhumanum
819 3513 873 3563 est.
922 3504 978 3578 Qui
1003 3523 1075 3564 vero
1102 3505 1170 3564 talia
