2434 3925
318 180 408 229 msa.
431 179 579 232 caunos.
600 178 670 227 uns.
692 179 730 246 u,
750 176 775 230 6.
788 173 814 229 t.
1004 164 1062 226 195

67 336 188 415 qnere‚‘
204 334 240 395 an
260 335 408 413 peierarit.
446 334 505 395 Sed
527 333 611 394 nobis
634 331 866 394 adolescentibus
887 334 1018 391 seniores
1037 335 1091 399 ins

69 419 187 496 agendo
213 418 282 478 lacti
304 419 477 497 praecipere
498 418 646 491 solebant,
667 436 704 476 ne
724 435 847 495 unquam
872 417 1063 477 iusiurandum

66 503 268 578 deferremus,
292 504 367 562 sicut
383 520 478 580 neque
497 505 578 581 optio
599 501 701 561 iudicis
719 502 884 561 adversario
903 510 983 560 esset
998 519 1064 578 per·

67 586 208 647 mittenda
228 604 283 646 nec
306 605 343 645 ex
364 586 511 646 advocatis
528 586 618 664 partis
633 585 773 644 adversae
793 585 880 644 iudex
897 585 1063 661 eligendus3

67 689 145 746 uam,
167 672 192 728 si
212 669 311 729 dicere
326 671 468 730 contraria
479 679 562 748 turpe
574 669 715 728 advocato
725 669 887 743 videretur,
911 677 992 728 certe
1007 677 1064 728 tur·

67 755 134 833 pius
150 752 325 831 habendum,
340 753 439 813 iacere
459 753 537 833 quod
551 761 666 812 noceat.

347 928 349 933 ¹
455 906 499 957 DE
514 904 680 958 TESTIBUS.

153 1000 217 1063 Vll.
244 999 383 1061 Maximus
397 1011 491 1062 tamen
507 1004 635 1082 patronis
651 1004 728 1062 circa
747 1005 956 1063 testimonia
977 1003 1065 1063 sudor

68 1095 126 1147 est.
156 1084 199 1145 Ea
217 1085 346 1146 dicuntur
360 1095 409 1146 aut
428 1105 497 1165 per
515 1085 664 1148 tabulas
685 1095 733 1146 aut
754 1105 770 1146 a
788 1087 1063 1167 praesentibus.

68 1170 236 1248 Simplicior
261 1179 360 1229 contra
385 1170 497 1231 tabulas
519 1178 624 1249 pugna.
658 1169 730 1230 Nam
754 1180 784 1229 et
804 1173 895 1231 minus
916 1172 1064 1231 obstitisse

68 1255 184 1313 videtur
198 1254 290 1333 pudor
307 1256 381 1314 inter
395 1271 504 1333 paucos
521 1256 702 1331 signatores,
722 1263 750 1313 et
761 1272 815 1333 pro
831 1255 987 1316 diffidentia
999 1271 1064 1333 pre·

63 1339 157 1397 >mitur
174 1337 314 1398 absentia.
342 1339 373 1397 Si
389 1338 647 1417 reprehensionem
666 1355 725 1397 non
744 1341 822 1416 capit
839 1342 901 1419 ipsa
922 1356 1064 1417 persona:

70 1421 208 1482 infamare
223 1425 386 1499 signatores
402 1422 480 1482 licet.
503 1421 603 1483 l'acita
613 1422 767 1501 praeterea
777 1424 916 1500 quaedam
927 1424 1092 1499 cogitatio‘l

70 1505 236 1582 refragatur
255 1505 299 1565 luis
319 1505 465 1582 omuibus,
484 1506 563 1584 quod
581 1523 665 1566 nemo
681 1525 735 1585 per
748 1506 860 1568 tabulas
875 1507 922 1567 dat
937 1509 1064 1566 testimo-

71 1590 148 1649 nium
168 1591 222 1648 nisi
242 1607 293 1649 sua
313 1588 475 1658 voluntate;
497 1607 554 1667 quo
576 1593 641 1668 ipso
662 1608 720 1650 non
744 1608 812 1649 esse
834 1593 953 1650 amioum
974 1593 1000 1649 ei
1020 1609 1064 1666 se,

72 1681 174 1733 contra
193 1691 278 1752 quem
300 1673 385 1749 dicit,
408 1673 522 1733 latetur.
553 1671 657 1751 Neque
678 1684 772 1734 tamen
791 1678 920 1755 protinus
943 1677 1066 1733 cesserit

71 1766 188 1832 orator,
210 1773 266 1834 quo
289 1759 380 1816 minus
401 1765 430 1816 et
451 1758 559 1817 amicus
579 1775 634 1835 pro
656 1761 748 1817 amico
769 1765 798 1814 et
818 1759 946 1817 inimicus
966 1767 1065 1817 contra

70 1842 211 1900 inimicum
232 1842 325 1918 possit
345 1858 460 1916 verum,
483 1844 507 1900 si
527 1843 640 1918 integra
657 1843 694 1901 sit
711 1843 738 1900 ei
754 1839 841 1916 fides,
863 1840 971 1899 dicere.
1006 1841 1065 1900 Sed

71 1924 129 1986 late
145 1924 228 1985 locus
245 1933 366 2003 uterque
381 1933 527 1990 tractatur.

156 2006 227 2067 Cum
242 2009 503 2086 praesentibus
518 2026 590 2068 vero
601 2010 703 2086 ingens
716 2008 859 2068 dimicatio
870 2016 926 2083 est,
938 2007 1092 2085 ideoqued

69 2092 151 2166 velut
170 2092 278 2170 duplici
299 2103 397 2152 contra
419 2110 471 2152 eos
486 2111 598 2172 proque
614 2095 648 2152 iis
665 2095 727 2153 acie
744 2092 907 2169 confligitur
922 2094 1065 2152 actionum

70 2186 101 2235 et
115 2178 381 2253 interrogationum.
410 2176 442 2237 ln
462 2177 670 2236 actionibus
685 2179 804 2254 primum
818 2177 996 2253 generaliter
1010 2191 1063 2254 pro

69 2259 193 2320 testibus
214 2270 300 2338 atque
322 2262 350 2320 in
370 2270 461 2320 testes
480 2262 536 2322 dici
556 2261 643 2321 solet.
670 2259 723 2319 ldst
737 2259 784 2319 hic
799 2263 954 2320 communis
969 2260 1093 2337 locus,4

71 2362 135 2404 cum
151 2361 219 2422 pars
232 2344 323 2403 altera
335 2344 441 2404 nullam
454 2344 606 2406 firmiorem
619 2343 818 2422 probationem
828 2362 895 2403 esse
907 2346 1064 2421 contendit,

71 2445 155 2504 quam
172 2444 247 2505 quae
263 2430 300 2487 sit
315 2429 457 2488 hominum
472 2429 592 2487 scientia
606 2430 689 2495 nixa;
705 2428 796 2487 altera
811 2428 846 2487 ad
862 2428 1066 2488 detrahendam
1149 2458 1153 2468 ·

70 2511 129 2570 illis
152 2510 236 2569 fidem
257 2513 364 2587 omnia,
393 2530 448 2590 per
467 2529 541 2589 quae
564 2512 630 2586 lieri
652 2512 766 2571 soleant
792 2511 865 2571 falsa
891 2514 1064 2587 testimonia,

73 2604 229 2654 enumerat.
267 2595 399 2672 Sequens
417 2597 490 2655 ratio
514 2604 575 2671 est,
600 2614 664 2655 cum
686 2595 854 2674 specialiter
875 2597 990 2674 quidem
1013 2595 1094 2656 sedo

72 2686 166 2738 tamen
180 2677 285 2736 multos
297 2681 405 2756 pariter
416 2680 552 2739 invadere
564 2681 677 2758 patroni
688 2680 792 2738 solent.
815 2677 842 2737 N
844 2696 887 2738 arn
900 2688 928 2738 et
939 2681 1067 2757 gentium

71 2761 156 2820 simul
170 2762 366 2821 universarum
383 2763 495 2823 elevata
513 2766 675 2823 testimonia
689 2762 726 2822 alt
740 2762 903 2822 oratoribus
918 2766 1022 2822 scimus
1037 2772 1067 2822 et

71 2852 134 2904 tota
158 2862 267 2921 genera
291 2848 532 2907 testimoniorum:
566 2856 597 2907 nt
616 2849 653 2907 de
675 2846 881 2915 auditionibus;
912 2849 1067 2906 nonenim

70 2930 153 3007 ipsos
175 2946 243 2987 esse
263 2938 354 2989 testes
370 2931 421 2991 sed
437 2932 621 2991 iniuratorum
636 2932 741 2991 afferre
755 2949 859 2997 voces:
882 2939 913 2988 ut
927 2932 956 2988 iu
971 2931 1072 2990 causis·

62 3013 311 3090 repetundarum,
328 3017 375 3092 qui
391 3033 424 3073 se
439 3032 491 3075 reo
508 3033 676 3075 numerasse
691 3017 829 3091 pecunias
844 3017 954 3090 iurant,
972 3014 1066 3092 litiga-

69 3105 165 3155 torum
184 3114 241 3155 uon
257 3100 371 3157 testium
385 3097 533 3158 habendos
548 3099 625 3158 looo.
651 3098 767 3158 Interim
782 3099 920 3158 adversus
936 3099 1094 3175 singulosd

69 3179 202 3257 dirigitur
216 3183 307 3249 actio;
328 3181 405 3259 quod
419 3184 615 3243 insectationis
633 3200 725 3259 genus
739 3191 769 3241 et
783 3182 952 3261 permixtum
966 3182 1065 3245 delen-

70 3265 145 3322 sioni
166 3264 288 3341 legimus
310 3266 338 3324 in
362 3265 538 3325 orationibus
560 3266 689 3344 plurimis
714 3276 743 3326 et
767 3268 922 3344 separatim
949 3266 1065 3337 editum,

70 3349 145 3407 sicut
169 3351 198 3407 in
215 3346 359 3407 Vatinium
378 3357 491 3408 testem.
530 3347 632 3408 'lotum
651 3351 739 3427 igitur
758 3352 935 3409 excutiamus
959 3350 1064 3425 locum,

69 3431 185 3507 quando
201 3432 364 3491 universam
378 3432 583 3491 institutionem
598 3436 731 3511 aggressi
745 3451 851 3493 snmus.
877 3432 1066 3493 Sufficiebant

840 3514 901 3577 13*
