2434 3925
141 191 204 254 212
462 205 823 266 mrnmoumrrumur
896 179 900 187 ’

141 361 180 424 tn
193 368 258 421 suut
273 357 400 420 eiusdem
415 361 458 419 rei
472 360 555 439 plura
569 361 703 439 propria,
721 368 752 420 ut
766 361 857 438 ipsius
875 361 950 438 ignis
964 358 1074 437 lucere,
1093 379 1142 423 ca·

142 448 216 507 lere.
249 445 361 522 ltaque,
378 444 570 522 quodcunque
587 446 734 523 proprium
748 443 851 521 deerit,
867 446 955 505 solvit
969 446 1142 516 linitionem

100 539 199 595 turon
214 531 328 607 utique,
345 528 535 606 quodcunque
552 529 625 603 erit,
648 529 805 589 confirmat.
835 530 1012 607 Saepissime
1032 538 1141 606 autem,

143 613 211 692 quid
229 615 266 672 sit
281 614 428 691 proprium
440 614 591 690 cuiusque,
608 613 772 690 quaeritur:
790 620 831 688 ut,
849 615 873 671 si
886 631 940 692 per
951 611 1144 691 ἐτυμολογῶν

143 698 269 772 dicatur,
296 695 524 775 Tyrannicidae
545 698 708 774 preprium
734 704 780 756 eet
803 705 966 775 tyranuum
983 699 1140 773 occidere,

141 799 297 859 negemus3
316 796 373 838 nou
389 782 482 856 enim,
500 782 523 838 si
539 780 672 840 traditum
691 778 745 838 sibi
761 797 826 839 eum
841 780 971 840 carnifex
986 780 1140 856 occiderit,

100 864 320 941 60tyrennicida
337 864 458 939 dicatur,
474 881 530 922 nec
550 865 575 922 si
599 862 764 941 imprudens
779 864 827 923 vel
845 865 959 923 invitus.
991 863 1075 937 Quod
1091 882 1140 923 au·

141 959 199 1009 tem
214 949 362 1028 proprium
379 949 517 1022 nouerit,
538 947 725 1008 differens
743 949 808 1021 erit,
824 957 855 1007 ut
871 948 949 1008 aliud
962 956 1007 1006 est
1024 965 1141 1006 servum

142 1051 209 1093 esse
237 1030 314 1092 aliud
335 1033 461 1099 servire;
488 1030 581 1110 qualis
606 1049 674 1090 esse
699 1033 728 1090 in
751 1031 871 1091 addictis
893 1031 1023 1109 quaestio
1045 1030 1140 1091 solet:

143 1115 203 1190 Qut
220 1134 331 1177 aereus
352 1123 411 1191 erl,
433 1117 720 1189 circumiretur,
735 1114 770 1192 fit
789 1116 963 1192 libertinus,
981 1133 1041 1177 ocu
1059 1117 1142 1175 ideae

100 1210 133 1266 61
141 1202 306 1267 addictum·
330 1207 360 1258 et
376 1200 475 1277 plura,
496 1198 532 1259 de
554 1197 657 1275 quibus
672 1198 730 1258 alio
749 1197 827 1258 loco.
864 1198 938 1259 Illud
953 1215 1070 1277 quoque
1084 1198 1139 1257 dil·

142 1284 240 1343 lerens
254 1291 375 1356 vocant,
395 1300 476 1354 cum,
492 1300 603 1358 genere
619 1284 647 1340 in
662 1284 779 1361 species
797 1282 928 1357 diducto,
944 1285 1060 1361 speeies
1075 1284 1142 1361 ipsa

142 1368 324 1428 discernitur.
359 1364 483 1427 Animal
495 1383 599 1443 genus,
616 1364 747 1428 Mortale
763 1368 891 1444 species,
910 1366 1075 1428 Terrenum
1090 1364 1142 1425 vol

140 1450 237 1529 Bipeo
251 1449 404 1518 differens3
427 1450 551 1509 nondum
573 1451 647 1509 enim
663 1452 810 1528 proprium
831 1459 877 1509 est
897 1450 949 1510 sed
969 1452 1025 1510 iam
1044 1449 1144 1509 differt

143 1535 295 1595 amerino
321 1533 370 1593 vel
396 1532 588 1611 quadripede;
617 1534 694 1611 quod
719 1551 777 1593 nou
802 1544 858 1594 tam
884 1534 920 1594 ad
943 1542 1142 1611 argumentum

142 1619 269 1698 pertinet
300 1635 383 1695 quam
418 1618 454 1678 ad
483 1617 651 1695 diligentem
677 1618 811 1677 linitionis
842 1618 1140 1697 comprehensionem.

100 1700 249 1768 oacicero
274 1719 365 1778 genus
390 1711 420 1761 et
441 1703 587 1779 speciem,
612 1719 695 1779 quam
717 1702 838 1784 eandem
859 1702 978 1761 formam
998 1710 1102 1777 vocat,
1122 1718 1142 1762 a

142 1787 269 1847 linitione
285 1784 401 1845 deducit
420 1794 449 1844 et
464 1787 515 1861 iis,
537 1804 614 1864 quae
630 1786 665 1846 ad
682 1786 789 1864 aliquid
804 1795 887 1859 sunt,
910 1786 1039 1845 subiicit:
1057 1794 1099 1860 ut,
1115 1785 1142 1844 si

141 1871 185 1945 is,
202 1870 248 1930 cui
266 1878 415 1946 argentum
429 1886 513 1929 omne
535 1869 662 1945 legatum
678 1878 739 1944 est,
761 1879 841 1948 petat
856 1871 996 1946 signatum
1011 1885 1141 1947 quoque,

141 1963 237 2016 utatur
259 1971 414 2031 genere;
438 1963 467 2013 at
489 1955 513 2013 si
536 1954 618 2031 quis,
644 1972 708 2013 cum
731 1953 857 2031 legatum
872 1955 908 2014 sit
923 1955 965 2030 ei,
988 1972 1061 2032 quae
1076 1954 1141 2012 viro

142 2038 357 2099 materfamilias
381 2047 479 2113 esset,
501 2045 590 2114 neget
612 2037 712 2098 deberi
733 2040 777 2113 ei,
805 2055 878 2115 qaae
901 2039 930 2097 in
950 2056 1062 2097 manum
1082 2054 1142 2095 nou

143 2123 323 2197 convenerit,
340 2124 485 2200 specie:
507 2123 643 2199 quoniam
659 2122 733 2183 duae
749 2121 859 2180 iormae
874 2124 930 2182 siut
946 2123 1141 2181 matrimonio·

101 2213 214 2269 tirum,
255 2204 405 2264 Diuisione
435 2216 530 2265 autem
560 2206 688 2266 adiuvari
710 2205 867 2265 linitionem
891 2206 994 2282 docet,
1018 2205 1142 2282 eamque

143 2289 261 2349 dilierre
279 2306 296 2348 a
311 2289 482 2365 partitione,
502 2289 579 2367 quod
597 2289 671 2348 haec
685 2291 722 2348 sit
740 2291 827 2348 totius
840 2292 870 2348 in
885 2298 1001 2368 partes,
1023 2289 1073 2348 illa
1089 2306 1143 2365 ge·

142 2373 221 2431 ueris
238 2374 267 2431 iu
281 2372 400 2431 formas.
430 2372 559 2433 Partes
581 2374 707 2433 incertae
728 2390 813 2448 esse,
837 2382 868 2432 ut
891 2371 1008 2445 Quibus
1028 2379 1145 2434 coaeter

144 2457 341 2534 respublico5
365 2455 505 2516 formas
527 2465 640 2531 certas,
662 2465 693 2516 ut
717 2454 794 2529 Quot
809 2458 872 2517 sint
885 2458 1005 2534 species
1020 2475 1144 2516 rerum·

140 2540 347 2620 publicorum,
364 2556 434 2617 quas
450 2541 501 2599 tris
516 2541 700 2617 accepimus,
718 2558 793 2618 quiae
808 2542 926 2619 populi,
943 2557 1017 2618 quae
1032 2555 1144 2619 pauco·

102 2631 221 2698 dirum,
243 2640 317 2701 quae
334 2624 415 2681 unius
432 2632 578 2701 potestate
599 2634 780 2700 regerentur.
816 2623 854 2684 Et
873 2625 925 2685 ille
949 2625 1062 2702 quidem
1082 2639 1146 2682 uon

143 2706 188 2767 his
211 2706 353 2784 exemplis
374 2707 478 2782 utitur,
496 2708 562 2786 quia
576 2708 709 2768 scribens
726 2707 762 2768 ad
779 2708 944 2768 Trebatium
959 2727 997 2767 ex
1013 2710 1074 2767 iure
1091 2706 1145 2766 du·

144 2809 214 2851 cere
236 2809 270 2851 ea
290 2789 401 2858 maluit;
427 2808 484 2868 ego
509 2793 655 2868 apertiora
670 2793 765 2871 posui.
798 2791 918 2870 Propria
933 2809 1005 2852 vero
1021 2792 1056 2852 ad
1072 2808 1146 2849 oon·

139 2876 273 2936 iecturae
298 2890 415 2953 quoque
441 2876 585 2954 pertinent
604 2885 732 2954 partem:
762 2885 810 2950 ut,
838 2877 904 2953 quia
927 2877 1074 2954 proprium
1098 2883 1148 2935 est

143 2957 212 3018 boni
226 2968 308 3018 recte
323 2959 440 3033 lacere,
457 2958 583 3020 iracundi
597 2958 696 3019 verbis
713 2960 975 3038 {excandescere}‚
994 2976 1061 3018 esse
1077 2976 1146 3018 ere-

146 3041 246 3102 dautur
261 3052 309 3102 aut
324 3052 434 3102 contra.
463 3041 535 3102 Nam
545 3051 576 3101 ut
590 3044 731 3121 quaedam
745 3045 774 3103 iu
785 3043 954 3122 quibusdam
970 3045 1069 3120 utique
1085 3060 1146 3103 non

146 3135 227 3188 aunt:
244 3135 273 3186 et
287 3127 371 3201 ratio,
390 3128 518 3204 quamvis
534 3127 573 3186 ita
588 3146 626 3186 ex
637 3128 765 3202 diverso,
782 3126 882 3187 eadem
900 3136 955 3187 est.

102 3215 137 3271 65
228 3207 375 3269 Diuisio
400 3220 429 3270 et
449 3209 680 3290 adprobandum
702 3211 785 3271 simili
800 3214 846 3271 uia
861 3211 940 3272 valet
956 3219 985 3270 et
1001 3210 1036 3270 ad
1053 3211 1144 3270 refel-

147 3291 271 3354 lendum.
317 3292 482 3353 Probationi
514 3296 627 3354 iuterim
654 3296 725 3355 satis
750 3304 796 3355 est
822 3314 907 3356 uuum
935 3294 1059 3369 hahere,
1086 3295 1146 3355 hoc

145 3377 242 3453 modo,
262 3373 299 3437 Ut
312 3377 352 3437 rit
367 3378 452 3452 civia,
468 3384 523 3439 cat
536 3386 629 3439 nctus
641 3380 681 3439 eil
694 3387 811 3458 oportet
825 3387 879 3440 cut
893 3379 1016 3456 scorrer
1036 3387 1144 3437 utrum·

104 3470 204 3541 oeque
225 3460 384 3523 tollendum
406 3469 462 3537 est,
486 3459 551 3524 Nec
570 3471 663 3524 notua
679 3481 738 3524 uec
752 3463 859 3548 fectae
873 3472 928 3525 est.
967 3461 1014 3523 Fit
1033 3461 1092 3522 hoo
1114 3470 1145 3522 et
