2434 3925
160 199 205 276 26,
483 213 519 259 m,
530 212 608 259 ran,
625 211 843 271 amunnmm
1201 233 1202 286 ,

161 369 224 429 oiri
251 368 373 444 debeat,
406 368 440 429 io
471 368 579 446 quibus
609 369 712 428 ommia
735 376 805 429 suat
831 367 1001 429 homicidae
1027 374 1158 455 praeter

162 453 305 514 mortum?
1201 461 1202 466 ’

120 543 153 599 35
246 536 298 595 Εει
313 538 424 595 interim
445 545 525 595 eerta
541 535 647 608 finitio,
668 535 704 593 de
719 552 774 613 qua
789 536 864 594 inter
880 544 1155 614 utramquepartem

164 621 311 679 convenit:
336 628 366 679 ut
387 618 490 679 Cicero
517 618 601 694 dicit,
629 616 777 680 Maiestas
796 627 841 678 eet
860 621 1042 697 inimpcn‘o
1065 628 1157 697 atque

120 706 193 765 iiia
207 706 287 764 omui
298 705 403 782 populi
413 703 543 764 Romani
555 704 709 780 diyaitate.
737 701 890 775 Quaeritur
903 711 1013 777 tamen,
1029 721 1073 763 aa
1089 721 1153 763 ma

161 790 255 848 iactas
276 789 392 848 minata
410 789 464 862 rit,
487 787 563 845 utin
584 803 670 845 cansa
686 784 814 845 Cornelii
829 788 988 864 quaesitum
1008 795 1063 845 est.
1097 787 1156 846 Sed
1201 827 1202 830 κ

161 872 208 931 bio
224 873 333 930 etiamsi
349 870 446 929 similis
464 870 555 929 videri
570 878 668 947 potest
685 870 805 928 linitiva:
829 879 940 946 tamen,
959 871 1024 948 quia
1043 870 1081 930 de
1096 870 1155 930 lini·

161 958 239 1014 tione
260 963 320 1014 non‘
339 954 507 1030 ambigitur,
529 954 663 1013 iudicatio
685 962 729 1012 εει
756 952 899 1031 qualitatis
924 963 1010 1032 atque
1031 954 1068 1014 ad
1093 972 1156 1013 enm
1201 1009 1202 1034 ,

160 1041 255 1117 potius
281 1047 383 1099 statum
409 1037 589 1112 reducenda,
618 1037 653 1096 ad
678 1039 757 1096 cuius
784 1037 861 1097 forte
889 1038 1003 1117 quidem
1026 1039 1156 1097 venimus

161 1125 350 1196 mentionem,
367 1122 419 1182 sed
435 1130 496 1180 erat
511 1121 611 1179 ordine
627 1123 774 1198 proximus
790 1121 883 1180 loeus.

417 1290 420 1295 ·
497 1274 540 1323 DE
572 1273 765 1334 QUALITATE.

246 1376 295 1436 lv.
331 1376 384 1436 Est
397 1385 491 1436 autem
512 1377 677 1455 qualitas
698 1375 753 1436 alia
768 1374 804 1434 de
819 1392 927 1435 summo
942 1394 1052 1453 genere
1071 1387 1156 1458 atque

163 1477 197 1519 ea
215 1462 328 1537 quidem
348 1477 405 1519 non
426 1460 557 1538 simplex.
587 1459 659 1522 Nam
680 1469 709 1519 et
724 1459 816 1537 qualis
839 1461 876 1517 sit
891 1461 1029 1538 cuiusque
1046 1464 1090 1520 rei
1109 1482 1156 1522 na·

162 1552 224 1602 tura
245 1553 274 1602 et
296 1561 368 1621 quae
385 1544 490 1618 forma,
514 1546 674 1622 quaeritur:
694 1541 743 1603 Ao
761 1544 940 1604 immortalia
959 1546 1085 1605 naimo?
1109 1544 1157 1606 Ao

161 1628 295 1688 bamoaa
309 1631 411 1706 specte
427 1630 526 1688 deae?
549 1637 577 1686 et
594 1628 631 1686 de
646 1628 837 1705 magnitudine
852 1644 887 1686 ac
902 1645 1034 1703 numero,
1053 1627 1156 1701 Quare
1201 1671 1202 1704 ,

128 1787 136 1798 „
162 1721 210 1773 tas
230 1712 297 1773 soi?
318 1721 347 1770 et
367 1709 415 1771 Aa
431 1730 511 1772 oaos
531 1713 683 1772 mundas?
704 1710 785 1784 Quae
806 1713 899 1769 omnia
915 1712 1079 1771 coniectura
1096 1716 1154 1791 qui·
1201 1717 1202 1772 1

163 1796 226 1854 dem
242 1795 431 1871 colliguntur,
459 1797 656 1872 quaestionem
674 1803 769 1854 tamen
787 1793 892 1854 babent
909 1796 936 1853 in
954 1812 1009 1871 eo,
1036 1798 1155 1874 qualia

133 1876 259 1945 asini?
284 1878 364 1939 Haeo
392 1888 421 1938 et
450 1881 485 1944 in
504 1881 640 1938 suasoriis
663 1879 779 1938 tractari
801 1878 911 1953 solent,
932 1888 978 1954 ut,
996 1881 1025 1939 si
1048 1877 1155 1939 Caesar

162 1963 319 2039 deliberet,
336 1982 371 2023 an
384 1964 553 2024 Britanniam
567 1966 729 2041 impugnet:
751 1979 830 2041 qaae
850 1966 889 2024 sit
903 1960 1018 2024 Oceani
1029 1973 1153 2040 actara,

162 2068 203 2109 aa
225 2046 388 2109 Britannia
413 2050 533 2122 iacula,
562 2047 647 2124 (nam
674 2056 732 2106 turn
758 2047 957 2127 ignorabatur)
980 2057 1097 2125 quanto
1120 2067 1155 2109 ea
1201 2122 1202 2127 γ

162 2140 265 2206 terra,
281 2149 339 2210 quo
349 2150 473 2193 numero
483 2134 609 2192 militam
619 2132 845 2209 apprecienala,
861 2133 889 2189 in
901 2132 1049 2191 consilium
1062 2132 1154 2192 leren-
1201 2132 1202 2149 ¹

163 2216 228 2275 dum
243 2218 288 2273 sit.
321 2214 421 2275 Eidem
433 2215 560 2293 qualitati
574 2215 733 2274 succedunt
748 2214 878 2274 iacienda
893 2233 926 2274 aa
940 2233 997 2274 non
1008 2216 1154 2283 iacienda:

162 2300 340 2376 appetenda,
353 2299 481 2366 vitanda;
500 2317 574 2377 quae
589 2300 618 2356 in
633 2301 777 2357 suasorias
790 2298 902 2376 quidem
917 2301 1038 2359 maxime
1054 2302 1156 2362 eadunt

162 2373 215 2441 sed
236 2383 264 2440 in
280 2384 487 2442 controversiis
509 2400 624 2461 quoque
645 2391 709 2441 sunt
730 2382 907 2460 frequentia,
929 2382 983 2442 bae
998 2383 1061 2443 sola
1076 2384 1156 2444 diffe-

134 2467 271 2540 3rentia,
293 2466 369 2544 quod
391 2465 452 2524 illic
475 2467 511 2525 de
534 2467 636 2526 latoris
659 2466 706 2526 hle
728 2465 765 2525 de
786 2466 869 2525 saetis
886 2468 988 2542 agitur.
1021 2466 1091 2526 ltern
1107 2467 1156 2526 de·

162 2552 365 2610 monstrativae
391 2552 480 2628 partis
505 2552 597 2610 omnia
622 2558 687 2608 sunt
711 2552 739 2608 in
765 2549 821 2609 boo
845 2559 935 2609 statu:
961 2551 1067 2611 factum
1091 2569 1157 2610 esse
1201 2542 1202 2605 ἶ

163 2643 291 2709 constat,
319 2632 403 2711 quale
430 2635 466 2692 ait
491 2635 596 2693 iactum
618 2635 773 2711 quaeritur.
804 2633 851 2692 Lis
873 2643 918 2693 est
939 2636 1029 2694 omnis
1050 2644 1098 2693 aut
1122 2634 1157 2694 de
1201 2638 1202 2661 ³

162 2720 290 2795 praemio
307 2727 354 2777 ant
370 2718 405 2776 de
421 2735 514 2795 poena
530 2728 577 2777 aut
592 2719 628 2777 de
645 2718 810 2795 quantitate.
840 2716 929 2794 Igitur
943 2736 1035 2795 genus
1052 2736 1157 2778 causae
1201 2734 1202 2767 t

163 2811 209 2862 aut
226 2802 348 2880 simplex
363 2810 410 2860 aut
422 2804 652 2879 comparativum.
684 2800 763 2876 lllio,
778 2801 844 2878 quid
858 2819 995 2879 aequum,
1010 2802 1074 2877 hio,
1091 2802 1157 2879 quid

162 2886 281 2964 aequius
297 2895 345 2945 aut
365 2885 431 2963 quid
447 2886 649 2962 aequissimum
665 2885 719 2961 sit,
736 2886 888 2944 excutitur.

246 2967 315 3028 Cum
329 2969 365 3030 de
388 2987 431 3048 po
441 2986 505 3028 ena
520 2969 653 3028 iudicium
669 2977 729 3027 est:
752 2978 866 3046 aparte
881 2970 963 3044 eius,
980 2970 1028 3046 qui
1043 2987 1157 3028 cansam

163 3052 247 3127 dicit,
270 3062 317 3112 ant
332 3052 463 3112 defensio
480 3062 525 3111 εει
541 3053 664 3111 criminis
683 3060 730 3112 aut
747 3053 921 3113 dimminutio
937 3061 983 3112 aut
1007 3053 1155 3113 excusatio

164 3144 227 3209 aut,
246 3145 276 3194 ut
292 3137 403 3214 quidam
417 3146 533 3215 putant,
552 3136 729 3213 deprecatio.

133 3227 151 3279 4
243 3219 427 3279 Defensio
450 3221 538 3296 longe
561 3221 759 3297 potentissima
778 3229 839 3296 est,
861 3237 917 3298 qua
932 3222 1025 3298 ipsum
1041 3219 1154 3294 laetum,

164 3302 240 3381 quod
256 3302 404 3379 obiicitur,
426 3304 543 3363 dicimus
559 3303 710 3362 honesturn
726 3318 802 3362 esse.
840 3300 1013 3364 Abdicatio·
1033 3305 1154 3381 aliquis,

163 3388 244 3464 quod
256 3388 348 3448 iooito
357 3395 448 3464 patre
456 3388 606 3461 militarit,
623 3387 750 3449 horrores
762 3389 897 3466 petierit,
919 3406 1045 3449 oaorem
1060 3389 1155 3448 duae-

162 3473 219 3532 rit:
243 3480 369 3547 tuemur,
391 3471 468 3549 qnod
488 3470 617 3530 lecimus.
653 3469 765 3530 Partem
784 3470 857 3531 bane
876 3479 982 3532 vocant
998 3469 1154 3548 Hermago-
