2434 3925
154 170 225 240 200'
469 142 827 249 ununcmurmmxr

153 346 188 406 ad
210 343 318 417 bellum
335 343 388 404 sed
405 343 441 405 ad
459 343 630 404 frumentum
645 342 851 419 coemendum,
864 343 919 419 ait,
936 349 967 403 ut
982 343 1115 421 primum
1133 344 1165 404 b

152 431 255 502 cuerit,
272 447 288 488 a
303 427 429 506 partibus
444 430 621 495 recessisse;
636 424 779 504 Ligarium
790 435 819 486 et
833 445 1043 505 perseverasse
1058 437 1092 487 et
1103 445 1164 487 non

152 530 206 592 pro
227 510 278 572 Gn.
300 512 455 589 Pompeio,
478 513 554 572 inter
573 530 659 590 quem
679 520 708 571 et
724 510 880 572 Caesarem
898 512 1044 587 dignitatis
1070 512 1162 571 luerit

152 598 315 671 contentio,
331 613 394 655 cum
409 594 520 655 salvam
534 604 656 673 uterque
670 613 732 654 rem
747 594 890 673 publicam
905 595 1011 670 vellet,
1027 595 1090 655 sed
1105 613 1159 673 pro
1195 632 1196 673 ι

109 680 220 746 811uba
235 689 322 757 atque
337 678 416 738 hiris
438 681 638 741 inimicissimis
659 679 768 758 populo
787 678 915 739 Romano
931 680 1064 738 stetisse.
1103 676 1157 738 ce·
1195 676 1196 681 ’

151 775 244 824 terum
261 764 310 824 vel
327 761 492 828 facillimum
507 772 568 838 est,
590 763 629 822 ibi
652 763 773 825 alienam
797 762 909 841 culpam
929 764 1086 838 incusare,
1106 762 1158 821 ubi

151 849 252 909 lateris
269 856 354 906 tuam.
385 846 492 906 Verum
512 847 540 907 id
563 849 618 907 iam
632 847 733 907 iudicis
755 855 873 913 estnon
889 848 1006 909 actoris.
1038 840 1158 920 Quodsi

150 933 230 992 nulla
254 932 393 1008 contingit
420 932 587 991 excusatio:
614 930 679 990 sola
703 931 832 991 colorem
854 929 941 990 babet
961 931 1158 1009 poenitentia

150 1017 251 1077 Potest
266 1017 339 1074 enim
360 1016 452 1075 videri
467 1017 537 1075 satis
555 1015 738 1091 emendatus,
761 1016 809 1093 qni
825 1016 853 1074 in
869 1015 963 1073 odium
978 1032 1100 1090 eorum,
1130 1016 1159 1073 in

108 1111 142 1165 82
150 1100 252 1179 quibus
267 1108 425 1175 erraverat,
440 1100 504 1178 ipse
519 1116 677 1159 conversus
692 1108 746 1158 est.
769 1099 840 1159 Sunt
854 1100 928 1158 enim
942 1117 1051 1159 causae
1061 1116 1159 1177 quae·

151 1186 232 1259 dam,
249 1201 323 1261 quae
337 1182 395 1243 boo
410 1192 509 1242 natura
524 1185 587 1261 ipsa
603 1183 647 1242 rei
665 1200 723 1242 non
737 1183 874 1243 indecens
890 1182 1010 1243 iaciant:
1028 1192 1068 1244 ut
1087 1201 1158 1243 cum

150 1277 234 1348 pater
249 1286 287 1326 ex
301 1268 454 1327 meretrice
469 1276 574 1343 natum,
594 1266 672 1345 quod
687 1267 800 1327 duxerit
815 1268 995 1327 meretricem
1010 1269 1036 1325 iu
1051 1270 1157 1327 matri

149 1352 289 1425 monium,
315 1349 438 1410 abdicat
478 1351 660 1411 Scholastica
681 1352 799 1411 materia
823 1351 875 1410 sed
898 1369 970 1427 non,
995 1368 1070 1430 quae
1092 1369 1158 1413 non

151 1436 245 1513 possit
267 1434 411 1493 accidere.
441 1432 494 1493 llic
515 1437 601 1511 igitur
622 1435 710 1495 multa
725 1451 783 1494 non
802 1435 969 1497 deformiter
985 1436 1079 1495 dicet:
1100 1437 1157 1495 vel

151 1518 228 1597 quod
250 1521 372 1577 omniurn
392 1519 429 1576 sit
443 1528 540 1578 votum
556 1528 721 1596 parentum,
742 1528 774 1578 ut
787 1518 971 1578 honestiores
990 1535 1078 1595 quam
1093 1521 1156 1579 sint

150 1603 206 1681 ipsi
218 1601 326 1660 liberos
336 1600 470 1678 habeant,
488 1603 567 1681 (nam
579 1612 619 1678 et,
635 1605 660 1662 si
671 1602 729 1662 filia
739 1611 814 1678 nata,
832 1604 970 1662 meretrix
980 1620 1040 1660 eam
1056 1612 1156 1663 mater

150 1685 283 1766 pudicam
298 1704 365 1745 esse
379 1686 536 1766 voluisset)
552 1686 601 1745 vel
617 1686 694 1765 quod
708 1686 840 1746 humilior
854 1689 917 1765 ipse
939 1686 1037 1761 luerit,
1063 1687 1154 1764 (licet

150 1772 225 1830 enim
239 1769 296 1829 hoc
311 1771 425 1849 dicere)
441 1770 490 1829 vel
505 1771 582 1848 quod
597 1788 654 1829 non
671 1769 802 1832 babuerit
816 1779 926 1850 patrem
940 1771 986 1849 qui
998 1782 1150 1837 moneret:

107 1856 216 1933 &aquia
232 1872 268 1913 eo
284 1855 374 1913 minus
388 1855 416 1914 id
433 1853 594 1914 iaciendum
609 1854 669 1914 filio
690 1854 798 1930 fuisse,
820 1873 858 1914 nc
874 1863 1026 1914 renovaret
1044 1854 1150 1914 domus

150 1939 290 2018 pudorem
314 1948 342 1998 et
368 1937 559 2017 exprobraret
581 1941 654 2017 patri
679 1939 808 2018 nuptias,
836 1940 918 1999 matri
940 1938 1044 2017 prioris
1071 1940 1149 1999 vitae

149 2024 367 2091 necessitatem
393 2041 431 2082 ne
451 2023 574 2102 deni'que
594 2024 690 2101 legem
712 2025 851 2101 quandam
871 2026 929 2083 suis
947 2024 1149 2101 quoqnesssob

149 2099 216 2166 inde
238 2107 337 2167 liberis
360 2107 450 2168 daret.
484 2106 637 2167 Credibilis
651 2108 714 2167 erit
731 2110 815 2167 etiam
829 2110 944 2186 propria
963 2107 1107 2185 quaedam
1121 2110 1149 2168 in

149 2190 199 2250 illa
215 2192 368 2250 meretrice
386 2191 547 2269 turpitudo,
567 2210 652 2270 quam
666 2209 740 2250 nunc
756 2191 803 2251 hic
817 2201 900 2270 pater
913 2192 990 2251 ferre
1006 2209 1066 2250 non
1081 2210 1149 2271 pos·
1195 2187 1196 2190 ’

150 2277 196 2333 sit.
239 2274 305 2334 Alia
335 2284 500 2353 praetereo.
544 2274 648 2354 Neque
674 2277 749 2335 enim
773 2294 847 2335 nunc
874 2275 1067 2335 declamemus
1096 2277 1148 2336 sed

150 2359 343 2434 ostendimus,
369 2377 568 2437 nonnunquam
592 2377 682 2439 posse
706 2359 848 2419 dicentem
869 2361 939 2437 ipsis
959 2359 1148 2420 incommodis

148 2441 223 2501 bene
238 2443 287 2500 uti.
829 2489 831 2492 ,
1195 2493 1196 2498 ,

106 2534 142 2588 84
230 2525 294 2585 lllic
315 2526 406 2585 maior
425 2536 540 2603 aestus,
561 2495 610 2586 thri
632 2529 696 2607 quis
718 2526 849 2606 pudenda
870 2527 1013 2605 queritur,
1037 2535 1071 2584 ut
1091 2537 1147 2588 stu·
1195 2525 1196 2558 ³

150 2628 248 2689 prum,
269 2612 427 2688 praecipue
442 2612 471 2669 in
489 2611 630 2686 maribus,
653 2620 699 2672 aut
719 2630 752 2671 os
768 2612 954 2690 profanatum.
979 2610 1050 2669 «Non
1070 2611 1148 2686 dico,
1195 2655 1196 2672 ι

148 2695 174 2753 si
190 2693 323 2771 loquatur
338 2695 415 2771 ipse;
434 2696 578 2773 namquid
594 2695 671 2755 aliud
687 2698 714 2755 ei
730 2713 813 2774 quam
826 2696 948 2771 gemitus
964 2712 999 2755 ac
1015 2693 1105 2754 fletus
1121 2704 1150 2754 et

149 2778 297 2837 execratio
312 2779 389 2838 vitae
406 2780 573 2854 conveniat,
590 2787 621 2838 nt
637 2779 724 2840 iudex
739 2779 879 2855 intelligat
898 2779 994 2856 potius
1014 2777 1151 2838 dolorem

148 2862 227 2921 illum
243 2880 326 2938 quam
343 2860 459 2922 audiat?
488 2863 547 2922 Sed
565 2872 687 2942 patrono
703 2881 819 2942 quoque
834 2880 887 2940 per
902 2860 1010 2920 similes
1023 2862 1149 2922 allectus

150 2946 271 3006 eundum
287 2949 357 3022 erit,
381 2949 446 3025 qnia
461 2945 518 3005 hoc
531 2948 650 3006 iniuriae
667 2966 759 3024 genus
779 2946 971 3006 verecundius
990 2954 1036 3005 est
1050 2949 1149 3023 passis

106 3044 233 3106 35quem
253 3031 339 3089 ausis.
369 3029 525 3090 hlollienda
540 3039 585 3091 est
601 3032 631 3089 in
649 3031 797 3110 plerisque
814 3031 871 3090 alio
888 3030 988 3088 colore
1003 3033 1150 3107 asperitas

149 3114 297 3188 orationis,
313 3122 343 3172 ut
357 3111 461 3174 cicero
475 3115 511 3174 de
527 3116 754 3193 proscriptorum
765 3115 863 3174 liberis
878 3114 957 3173 iecit.
981 3110 1056 3185 Quid
1075 3117 1150 3173 enim

149 3195 295 3255 crudelius
320 3215 403 3274 quam
430 3198 559 3258 homines
585 3198 714 3258 honestis
740 3197 907 3277 parentibus
932 3215 966 3256 ec
990 3198 1149 3258 maioribus

148 3287 231 3338 natos
257 3298 274 3339 a
294 3299 327 3338 re
349 3279 464 3359 publica
486 3279 679 3342 summoveri?
711 3283 810 3360 ltaque
826 3281 926 3341 durum
942 3280 970 3339 id
988 3297 1055 3340 esse
1074 3300 1147 3341 sum·
1195 3339 1196 3342 ,

148 3380 211 3421 mus
231 3362 281 3421 ille
305 3364 517 3425 tractandorum
535 3369 690 3426 animorum
711 3367 815 3425 artifex
839 3364 1008 3439 conlitetur,
1035 3365 1090 3425 sed
1110 3368 1147 3425 ita

210 3443 262 3505 'rus
279 3446 382 3528 Sullae
400 3448 560 3510 cohaerere
581 3460 684 3511 statum
701 3451 823 3512 civitatis
842 3448 979 3524 affirmat,
994 3457 1026 3507 ut
1040 3448 1086 3509 bis
1100 3468 1145 3510 so·
