2434 3925
98 253 100 266 ,
152 169 212 237 128
259 217 263 222 -
456 187 493 234 ιι.
515 186 594 234 nun.
617 186 839 245 commemor

150 357 193 401 an
211 340 276 415 sit,
297 338 382 418 quid
398 340 461 415 sit,
483 339 590 417 quale
612 337 682 399 sitl
705 339 783 418 quod
806 338 871 419 ipsa
887 338 971 400 nobls
992 343 1077 401 etiam
1099 360 1150 404 na·

149 434 214 485 tura
231 423 414 503 praescribit.
452 423 525 483 Nam
545 426 667 503 primum
687 433 804 502 oportet
820 423 944 485 subesse
965 425 1088 504 aliquid,
1111 426 1151 487 de

150 526 209 589 quo
225 507 392 586 ambigitur;
412 507 505 586 quod,
527 507 594 587 quid
616 510 654 567 sit
675 517 724 568 aut
740 508 827 586 quale
848 510 902 583 sit,
923 519 1005 569 certe
1021 528 1079 570 non
1096 528 1150 589 po·

150 602 209 652 test
223 594 386 667 aestimari,
404 594 459 652 nisi
480 593 560 670 prius
576 611 644 652 esse
663 594 842 666 constiterit,
861 593 989 672 ideoque
1005 613 1040 654 ea
1056 596 1151 673 prima

106 678 140 733 81
150 678 294 756 quaestio.
328 677 387 737 Sed
404 694 461 737 non
476 678 587 752 statim,
604 676 682 755 quod
698 694 766 735 esse
782 677 962 737 manifestum
979 688 1040 754 est,
1062 682 1151 739 etiam

150 762 217 842 quid
232 761 285 836 sit,
305 770 437 839 apparet.
467 760 665 838 Hoc'quoque
680 763 837 821 constituto
853 764 1009 822 novissima
1024 763 1150 841 qualitas

149 853 301 924 superest,
321 864 417 923 neque
435 845 478 904 his
502 846 662 923 exploratis
678 845 755 905 aliud
776 854 821 905 est
836 844 920 905 ultra.
954 845 1006 906 llis
1022 847 1150 907 infinitae

149 931 354 1008 quaestiones,
371 929 416 988 his
432 929 528 989 linitae
544 931 741 997 continentur;
759 929 861 989 borum
877 930 973 1008 aliqua
987 933 1016 989 in
1031 932 1149 992 demon-

148 1016 287 1089 strativa,
316 1012 524 1088 deliberativa,
552 1014 679 1073 iudiciali
707 1015 827 1074 materia
852 1016 951 1092 utique
979 1024 1148 1075 tractantur.

105 1097 229 1158 8lllaec
244 1116 344 1157 rursus
361 1097 510 1157 iudiciales
523 1114 628 1156 causas
644 1107 673 1157 et
686 1098 819 1158 rationali
834 1107 918 1176 parte
930 1106 961 1158 et
975 1099 1064 1176 legali
1079 1116 1150 1160 con·

149 1182 255 1249 tinent;
275 1182 463 1259 nequeenim
483 1181 541 1241 ulla
559 1183 630 1240 iuris
647 1182 821 1259 disceptatio
836 1185 891 1242 nisi
913 1182 1058 1258 linitione,
1078 1201 1149 1263 qua·

148 1264 246 1340 litate,
266 1268 435 1325 coniectura
452 1275 551 1344 potest
567 1266 719 1343 explicari.

105 1357 140 1412 83
234 1350 293 1409 Sed
315 1349 529 1409 instituentibus
553 1350 640 1409 rudes
660 1367 718 1409 non
742 1351 797 1409 erit
815 1351 922 1410 inutilis
947 1351 1032 1411 latius
1055 1353 1149 1429 primo

145 1434 212 1494 fusa
229 1436 303 1494 ratio
322 1442 367 1509 et,
393 1434 492 1493 sinon
511 1435 606 1493 statim
624 1436 786 1495 rectissima
808 1435 885 1496 linea
907 1442 1006 1511 tensa,
1033 1436 1150 1496 facilior

147 1527 244 1577 tamen
261 1527 291 1577 et
311 1518 441 1595 apertior
462 1520 519 1578 via.
556 1517 677 1578 Discant
699 1520 786 1595 igitar
808 1527 875 1578 ante
899 1521 1009 1594 omnia,
1033 1521 1148 1598 quadri·
1172 1552 1176 1561 ·

147 1604 282 1681 pertitam
297 1603 325 1660 in
344 1602 474 1661 omnibus
491 1604 585 1662 causis
607 1621 675 1662 esse
693 1604 850 1678 rationem,
871 1621 955 1681 quam
972 1606 1090 1681 primam
1106 1607 1148 1663 in-

147 1688 222 1746 tueri
238 1686 359 1762 debeat,
380 1688 428 1766 qui
443 1695 559 1746 acturus
575 1696 629 1746 est.
667 1686 756 1761 Nam,
777 1696 807 1745 ut
823 1706 839 1747 a
855 1687 1013 1747 defensore
1030 1690 1148 1767 potissi·

147 1789 223 1830 mum
241 1772 391 1850 incipiam,
411 1771 500 1848 longe
516 1771 673 1830 fortissima
693 1770 789 1830 tuendi
805 1790 839 1830 se
854 1773 927 1831 ratio
945 1781 1006 1848 est,
1028 1774 1149 1849 siquod

149 1854 284 1918 obiicitur
300 1857 428 1933 negari
448 1864 560 1933 potest;
581 1857 728 1933 proxima,
749 1858 774 1915 si
791 1873 858 1916 non
875 1856 927 1931 id,
948 1857 1041 1934 quod
1059 1857 1147 1916 obii·

148 1941 265 2016 citur,
282 1939 390 2001 factum
406 1958 473 2000 esse
490 1940 616 2009 dicatum
635 1941 719 2000 tertia
735 1940 951 2016 honestissima,
971 1951 1148 2019 quarente

147 2025 282 2085 factum
308 2024 480 2085 delenditur.
523 2023 634 2097 Quibus
657 2027 682 2083 si
704 2025 889 2100 deliciamur,
912 2026 1011 2085 ultima
1033 2027 1148 2105 quidem

148 2109 201 2169 sed
223 2111 276 2169 iam
298 2109 363 2169 sola
385 2118 520 2187 superest
538 2110 617 2169 salus
638 2109 735 2187 aliquo
757 2112 826 2169 iuris
846 2110 989 2169 adiutorio
1014 2110 1149 2171 elabendi

126 2212 187 2253 «εκ
210 2193 344 2268 crimine,
373 2194 450 2271 quod
471 2210 567 2271 neque
588 2195 691 2269 negari
714 2212 810 2272 neque
837 2194 952 2254 delendi
975 2204 1090 2271 potest,
1117 2205 1149 2255 ut

104 2286 217 2340 84non
242 2277 375 2336 videatur
395 2279 476 2337 iure
498 2278 596 2336 actio
616 2277 733 2336 intendi.
778 2276 852 2337 Hinc
871 2278 940 2338 illae
960 2280 1148 2356 quaestiones

148 2363 210 2420 sive
234 2364 365 2421 actiones
388 2363 451 2420 sive
473 2362 688 2420 translationes.
728 2363 799 2422 Sunt
823 2364 897 2422 enim
923 2365 1064 2440 quaedam
1089 2381 1149 2423 non

148 2443 303 2506 laudabilia
324 2463 382 2504 non
404 2455 504 2506 natura
527 2446 580 2505 sed
598 2447 660 2504 iure
683 2463 842 2522 concessa,
866 2456 896 2506 ut
918 2449 946 2506 in
967 2446 1022 2507 ΧΠ
1042 2447 1149 2508 tabulis

148 2528 289 2589 debitoris
306 2548 413 2608 corpus
435 2532 510 2590 inter
528 2530 691 2590 creditores
712 2530 799 2590 dividi
823 2531 919 2606 licuit,
942 2550 1027 2610 quam
1049 2528 1173 2609 legem‘

148 2630 211 2672 mos
229 2614 364 2691 publicus
380 2615 558 2693 repudiavit;
582 2623 612 2673 et
633 2614 740 2692 aliquid
757 2633 880 2694 aequum
902 2616 955 2675 sed
973 2616 1150 2694 prohibitum

104 2699 227 2773 miore,
249 2707 280 2758 ut
296 2697 416 2758 libertas
432 2707 679 2758 testamentorum.
714 2698 889 2759 Accusatori
902 2700 990 2759 nihilo
1007 2701 1091 2778 plura
1106 2702 1148 2759 in·

147 2782 253 2842 tuenda
269 2791 334 2842 sunt
350 2801 435 2861 quam
449 2793 480 2842 ut
499 2783 605 2862 probet
623 2783 729 2842 lactum
750 2802 833 2858 esse,
859 2784 916 2845 boc
940 2802 1008 2844 esse
1028 2785 1148 2863 lactum,

146 2882 205 2926 non
220 2876 302 2926 recte
318 2867 442 2942 iactum,
463 2870 524 2927 iure
542 2887 575 2928 se
595 2867 755 2927 intendere.
789 2867 832 2927 lta
852 2871 929 2928 circa
947 2871 1065 2947 species
1082 2889 1148 2929 eas·

148 2950 213 3012 dem
233 2951 269 3012 lis
289 2953 380 3011 omnis
399 2952 563 3012 versabitur
583 2952 729 3012 translatis
751 2961 859 3012 tantum
882 2953 1037 3031 aliquando
1059 2956 1149 3033 parti·

146 3032 217 3109 bus‚
240 3038 318 3094 utin
338 3037 449 3111 causis,
472 3036 575 3115 quibus
595 3037 631 3096 de
652 3039 782 3116 praemio
805 3039 916 3114 agitur,
941 3047 1026 3124 recte
1040 3038 1149 3099 lactum

146 3120 256 3197 petitor
272 3120 385 3197 probat.

105 3211 140 3268 66
232 3202 313 3263 llaec
325 3213 460 3283 quattuor
471 3204 560 3263 veluti
576 3207 727 3284 proposita
739 3205 909 3283 formaeque
923 3207 1056 3280 actionis,
1072 3224 1149 3284 qnae

147 3294 207 3347 tum
223 3288 380 3364 generales
396 3297 487 3347 status
501 3290 654 3367 vocabam,
672 3292 700 3349 in
715 3290 783 3350 duo
800 3289 846 3367 (ut
861 3289 990 3370 ostendi)
1009 3308 1148 3367 genera

147 3371 301 3432 discedunt
316 3373 503 3432 rationale
519 3382 548 3432 et
565 3374 703 3450 legale.
742 3373 895 3434 Rationale
911 3375 1071 3453 simplicius
1089 3385 1148 3451 est,

148 3458 214 3535 quia
233 3458 324 3539 ipsius
346 3466 452 3519 tantum
476 3468 596 3519 naturae
619 3456 863 3538 contemplatione
885 3468 1008 3518 constat.
1044 3458 1151 3538 ltaque
