2434 3925
315 230 403 280 msa.
416 229 741 299 oneros.n1n.1v,a.
957 220 1015 282 179

23 386 181 464 timuisse,
207 385 355 451 siminus
374 385 435 448 oin
461 386 586 448 deorum
605 385 813 465 hominumque
826 388 959 467 fumum,
985 397 1018 450 ut

21 473 113 534 illam
133 473 232 550 ipsum
257 479 377 533 noctem
401 470 548 548 facesque
566 471 638 532 ttae
657 472 825 552 nuptiales!
849 493 908 535 nun
928 474 1017 534 limen

23 556 180 618 cubiculi!
204 574 264 618 non
285 555 384 616 cubile
403 553 503 631 tiliae!
533 572 593 616 uon
617 555 753 633 parietes
775 556 904 634 denique
923 558 1016 636 ipsos,

22 640 220 718 superiorum
239 647 329 700 testes
347 638 540 716 nuptiarum!
585 638 708 698 Sermo
730 656 801 698 vero
822 657 977 700 aversus
1001 658 1074 713 ³106

23 723 102 782 iudi
111 739 150 782 ce
172 731 201 781 et
214 722 330 781 brevius
345 722 451 782 indicat
465 722 576 780 interim
591 730 620 780 et
635 725 765 800 coarguit
778 724 884 800 magis,
905 742 959 802 qua
980 725 1016 784 de

21 824 58 864 re
74 806 168 880 idem,
184 806 260 883 qnod
275 805 303 863 in
318 807 466 882 prooemio
480 805 625 881 dixeram,
641 810 750 882 sentio,
775 809 848 866 sicut
864 806 899 866 de
914 824 1016 885 proso·

21 892 156 968 popoeia
184 906 316 967 quoquot
345 906 401 966 qna
422 898 514 949 tamen
536 905 593 948 non
619 888 736 950 Servius
760 890 844 949 modo
873 891 1017 970 Sulpicius
1112 935 1114 937 .

21 975 114 1033 utitur
129 988 182 1051 pro
196 972 323 1032 Aufidia:
340 971 489 1050 Somnone
499 981 528 1034 te
542 974 720 1051 lonquidum
730 991 772 1034 un
781 976 871 1054 praei
881 976 1018 1052 tetborqo

19 1067 129 1136 putem
147 1058 347 1135 oppressum?
374 1057 426 1117 sed
441 1055 479 1116 Μ.
496 1073 610 1135 quoque
629 1056 739 1117 Tullius
755 1059 831 1118 circa
845 1057 1016 1133 nauarchos,

22 1143 109 1220 (nam
126 1158 160 1201 ea
175 1157 290 1219 quoque
305 1142 347 1199 rei
363 1141 505 1219 expositio
522 1142 587 1219 est)
613 1138 649 1201 Ut
663 1142 773 1217 adeas,
789 1151 902 1203 tontum
917 1142 1017 1217 dubis,
1067 1200 1071 1207 .

22 1235 54 1286 et
72 1224 195 1303 reliqua.
228 1220 322 1298 Quid?
341 1241 394 1302 pro
411 1222 553 1299 Cluentio,
570 1224 677 1284 Staieni
688 1224 828 1303 Bulbique
843 1225 1017 1303 colloquium
1025 1237 1073 1293 107

21 1327 125 1368 nonne
147 1309 181 1368 ad
202 1308 379 1367 celeritatem
400 1307 548 1386 plurimum
568 1317 597 1367 et
618 1308 653 1368 ad
673 1299 757 1370 fidem
774 1306 908 1368 conlert‘l
937 1308 1018 1383 Quae

22 1410 62 1452 ne
78 1392 188 1451 iecisse
205 1391 417 1452 inobservantia
429 1393 549 1469 quadam
567 1392 713 1468 videatur,
735 1411 892 1472 quanquam
913 1392 970 1452 hoc
989 1393 1018 1452 in

23 1477 79 1537 illo
101 1475 241 1535 credibile
261 1484 397 1550 nonest,
419 1476 448 1534 in
465 1474 665 1535 Partitionibus
684 1480 849 1555 praecepit,
872 1485 901 1536 ut
915 1476 1019 1537 habeat

22 1561 154 1620 narratio
169 1560 347 1635 suavitatem,
368 1560 584 1634 admirationes,
601 1562 830 1637 expectatimus,
849 1562 942 1620 exitus
956 1562 1017 1619 ino·

23 1646 159 1723 pinatos,
176 1642 322 1721 colloquia
336 1660 538 1720 personarum,
555 1659 654 1702 omnes
669 1643 799 1702 allectus.
829 1643 1075 1720 Argumenta-108

23 1727 130 1802 bimur,
146 1736 176 1786 ut
190 1727 258 1801 dixi,
271 1744 425 1804 nunquam:
444 1736 686 1802 argumentum
700 1743 838 1804 ponemus
849 1727 1017 1805 aliquando;

25 1810 106 1890 quod
129 1809 199 1870 iacit
213 1827 266 1888 pro
282 1810 395 1886 Ligario
411 1808 526 1884 Cicero,
543 1828 605 1869 cum
620 1810 698 1886 dicit,
715 1812 758 1868 sic
773 1828 837 1869 eum
851 1812 1018 1888 provinciae

25 1894 208 1974 praefuisse,
230 1903 260 1953 ut
282 1894 324 1953 illi
338 1912 439 1973 pacem
454 1911 521 1954 esse
537 1894 695 1972 expediret.
725 1892 886 1953 inseremus
902 1896 1017 1972 exposi-

24 1982 97 2040 tioni
121 1988 150 2039 et
170 1979 303 2054 brevem,
333 1997 395 2038 cum
416 1996 463 2037 res
484 1987 603 2056 poscet,
624 1978 821 2038 defensionem
837 1979 1018 2037 strationem

25 2065 180 2123 laetorum.
212 2062 313 2141 Neque
329 2065 402 2121 enim
420 2062 587 2121 narrandum
603 2071 647 2122 est
664 2072 795 2140 tanquam
809 2062 876 2121 testi
891 2061 943 2121 sed
958 2070 1074 2127 tan-109

27 2165 114 2226 quam
129 2155 259 2226 patrono.
290 2146 343 2206 Rei
363 2147 434 2205 ordo
448 2163 502 2225 per
517 2163 549 2205 se
563 2146 628 2207 talis
644 2155 703 2207 est:
722 2145 757 2218 0.
777 2144 922 2225 Liparius
936 2148 1017 2224 lepo-

27 2240 76 2292 tus
92 2226 126 2290 0.
145 2228 285 2292 Considio
295 2231 462 2309 profectus.
490 2229 563 2304 Quid
578 2248 651 2308 ergo
666 2229 705 2288 Μ.
723 2226 855 2289 Tullius?
879 2227 915 2303 O.
928 2231 1016 2306 enim,

26 2315 128 2392 inquit,
151 2311 304 2393 bipartuo,
326 2333 394 2376 eum
409 2322 488 2376 esset
506 2315 591 2377 nullo
604 2316 675 2378 belli
688 2316 833 2393 suspicio,
851 2314 968 2391 loqutus
981 2316 1013 2374 in

26 2395 169 2477 Africam
186 2417 254 2461 cum
277 2395 310 2458 C.
334 2395 475 2460 Considio
497 2398 655 2477 profectus
684 2407 737 2460 est.
780 2397 816 2457 Et
835 2397 919 2457 alibi:
947 2395 1075 2462 Nonllo

26 2483 118 2544 modo
138 2482 181 2543 od
202 2482 311 2544 bellum
324 2483 380 2543 sed
397 2501 437 2544 ne
453 2484 497 2543 od
509 2484 661 2544 mininam
682 2484 803 2560 quidem
820 2483 1018 2561 suspicionem

26 2566 109 2627 belli.
150 2563 268 2628 Etcum
285 2575 364 2625 esset
378 2566 535 2626 indicaturo
554 2567 640 2640 satis,
664 2565 700 2640 Q.
722 2564 866 2644 liparins
883 2566 965 2638 nubo
984 2584 1019 2626 se

25 2649 184 2729 inplicari
206 2651 323 2729 nepotio
348 2667 463 2728 possus
483 2660 545 2711 est:
566 2649 690 2726 adiecit,
721 2652 840 2728 dunum
864 2660 1017 2728 spectans,

26 2735 72 2793 ud
93 2735 286 2794 macredine
307 2736 443 2811 cupiens.
478 2733 535 2808 lta,
557 2734 633 2811 quod
656 2732 835 2812 exponebat,
857 2742 886 2792 et
906 2735 1017 2792 ratione

26 2816 99 2877 fecit
115 2816 254 2876 credibile
273 2824 301 2876 et
316 2818 421 2878 ellectu
436 2835 553 2896 quoqne
568 2816 706 2895 implevit.
737 2816 801 2891 Quo
823 2818 913 2892 magis
931 2818 1072 2880 mirorlll

28 2918 100 2976 eos,
130 2902 178 2978 qui
202 2918 258 2960 non
285 2910 383 2980 putant
403 2900 537 2962 utendum
561 2902 589 2959 ln
615 2902 779 2961 narratione
801 2899 1014 2960 aflectibus.

28 2982 84 3057 Qui
100 2984 124 3043 si
145 2983 200 3043 hoe
216 2985 327 3060 dicunt,
351 3001 419 3044 non
443 2985 642 3062 diuaeque
666 2993 703 3044 nt
723 2987 755 3044 in
771 2982 936 3063 epilogo:
957 3001 1015 3043 me·

29 3085 94 3128 omn
119 3069 260 3136 sentiunt;
285 3069 467 3146 effugiendae
487 3077 552 3128 sunt
573 3070 647 3128 enim
667 3085 775 3129 morae.
811 3064 944 3126 Ceterum
965 3085 1016 3126 cur

6 3165 86 3228 tego
104 3151 227 3211 indicem
250 3152 353 3228 nolim,
376 3153 441 3213 dum
463 3171 527 3213 eum
545 3152 655 3229 doceo,
677 3154 761 3212 etiam
779 3147 919 3209 movere?
949 3147 1017 3225 cur,
1027 3161 1074 3214 112

6 3221 8 3268 ¹
29 3234 108 3312 quod
126 3235 155 3293 in
174 3253 280 3296 summa
300 3246 380 3316 parte
402 3255 464 3297 sum
485 3237 604 3296 actionis
624 3238 782 3315 petiturus,
807 3252 864 3294 non
884 3235 912 3294 in
926 3236 1015 3313 primo

7 3345 8 3354 κ
28 3320 123 3378 statim
138 3336 233 3378 rerum
247 3322 396 3397 ingressu,
413 3320 511 3381 sideri
526 3328 640 3400 potest,
656 3315 836 3397 consequar?
857 3337 919 3378 cam
935 3335 1017 3396 prae·

28 3403 128 3460 sertim
144 3403 228 3462 etiam
243 3405 271 3462 iu
285 3402 500 3482 probationibus
516 3404 675 3465 faciliorem
689 3405 741 3463 sim
757 3405 877 3464 animum
891 3404 951 3461 eius
968 3400 1017 3461 ha·
1096 3408 1101 3418 ‘

27 3481 141 3545 bitume
158 3496 328 3566 occupatum
348 3487 397 3552 vel
411 3491 453 3554 ira
467 3487 516 3549 vel
534 3488 727 3550 miseratione.
761 3486 882 3629 Anlppn
896 3484 933 3545 Μ.
950 3483 1083 3548 Tul-11³.
