2434 3925
144 174 204 238 136
464 186 825 247 commemoraremus

101 354 207 411 etnam
222 352 250 402 et
267 342 385 405 iubaec
399 343 522 402 intentus
538 342 651 402 auditor
665 350 721 402 est.
751 340 810 403 Sed
824 359 923 405 eorum
938 343 1054 405 facilior
1070 346 1158 408 ratio

143 437 205 502 est,
222 429 369 487 nonenim
387 427 546 486 cohaerent
560 426 612 485 sed
628 424 871 504 praecedentibus
888 430 1031 498 serviuut;
1054 449 1158 491 exos·

142 512 218 573 dium
233 521 345 570 sumunt
360 528 424 570 cum
440 528 491 585 ea,
508 509 665 588 quamlibet
680 510 717 568 sit
734 513 904 590 composita.
938 510 1005 590 Ipsa
1021 517 1157 590 gratiam

142 595 261 677 perdet,
285 596 310 653 si
331 593 366 654 ad
390 613 453 655 eam
470 604 553 672 rupta
569 594 617 653 via
635 594 808 654 venerimus
853 594 983 673 Namque
1011 599 1130 658 eumd

142 689 173 740 ut
194 679 396 739 Demosthenis
412 696 516 738 severa
535 678 667 739 videatur
684 680 871 778 campanino,
891 683 1008 776 πρῶτον
1026 679 1110 760 μὲν,
1134 704 1156 743 ss

142 758 245 843 ἄνδρες
260 754 429 840 Ἀθηναῖοι,
445 765 505 835 τοῖς
521 766 603 834 θεοῖς
620 754 740 839 εὔχομὰι
753 765 825 823 πᾶσι
842 761 893 822 aad
903 758 1026 837 πάσαις
1044 774 1082 825 et
1103 767 1156 827 illa

143 850 234 929 (quae
255 847 291 907 ab
299 863 386 946 uno,
409 845 491 944 quod
505 847 612 922 sciam,
638 844 726 905 Bruto
744 849 835 906 minus
851 845 1005 925 probatur,
1032 852 1155 909 ceteris

101 921 313 1012 otplacet)
274 954 332 990 καν
347 952 435 1009 parra
450 922 544 1013 paraq
559 926 633 1007 μηδὲ
649 923 765 1013 τοξεύῃ·
789 929 961 992 Ciceronem
979 943 1112 1011 carpant
1127 935 1156 993 iu

142 1017 201 1076 bis:
223 1014 399 1077 daaailiaris
416 1022 560 1093 coeperat
581 1032 649 1075 esse
668 1015 855 1090 balneators,
882 1025 911 1075 et
931 1013 1000 1077 Noa
1016 1019 1157 1078 eamdam

142 1101 224 1162 dara
242 1101 461 1199 archipiratae
500 1097 572 1194 Nam
592 1099 764 1160 lamentari
784 1108 814 1159 et
834 1101 1046 1200 archipiratae
1069 1103 1155 1162 idern

124 1185 206 1244 finis
227 1193 273 1244 est
290 1186 338 1282 qui
354 1187 426 1244 arim
443 1180 493 1243 sal
509 1175 619 1254 πάσαις
634 1191 663 1242 ct
678 1183 726 1260 qui
743 1179 816 1261 μηδὲ
831 1177 949 1267 τοξευῃ
976 1183 1029 1244 sed
1042 1187 1154 1264 priora

100 1273 208 1330 ossum
223 1270 382 1328 severiora
420 1265 496 1326 Est'
488 1285 516 1326 m
532 1284 568 1325 eo
587 1284 705 1345 quoque
720 1267 865 1342 nonnihil,
882 1266 959 1346 quod
976 1268 1024 1328 hic
1042 1270 1153 1347 singu·

142 1353 191 1414 lis
199 1350 297 1412 verbis
314 1351 372 1411 bini
392 1351 483 1430 pedes
500 1351 696 1426 continentur,
719 1352 797 1429 quod
818 1353 905 1412 etiam
923 1353 952 1412 in
969 1354 1153 1417 carminibus

143 1445 188 1497 est
203 1426 361 1514 permolle;
380 1454 435 1495 nec
449 1434 542 1494 solum
559 1434 607 1493 ubi
625 1436 745 1513 quinae,
766 1438 824 1495 ut
816 1455 845 1496 ιιι
863 1436 924 1512 bis,
943 1436 1079 1512 syllabae
1098 1455 1152 1497 ne·

143 1528 271 1596 ctuutur,
295 1517 473 1582 Partica-iasa
495 1517 762 1598 Tyndaridarum
791 1520 949 1581 sedetiam
972 1530 1150 1599 quaternae,

144 1622 208 1665 cum
227 1622 330 1664 versus
355 1604 479 1665 cluditur
497 1602 656 1681 Apamiaa
684 1613 716 1679 et
735 1606 930 1666 armamentis
949 1614 979 1664 et
1003 1602 1151 1668 Oret‘aae

101 1688 240 1762 beuare
260 1688 318 1748 boc
339 1706 455 1768 quoque
470 1687 614 1747 vitandum
629 1696 690 1765 est,
709 1706 746 1748 ue
766 1688 888 1769 plurium
907 1688 1087 1765 syllabarum
1102 1689 1149 1751 lais

142 1772 241 1832 verbis
258 1781 368 1832 utamur
384 1774 412 1832 iu
429 1772 496 1831 fine.

226 1855 328 1916 Mediis
344 1874 460 1936 quoque
475 1873 533 1915 nou
548 1872 582 1915 ea
597 1855 683 1915 modo
700 1874 768 1916 cura
783 1856 835 1933 sit,
853 1864 884 1915 ut
897 1857 972 1916 inter
987 1875 1020 1916 se
1037 1857 1149 1919 cobae-

143 1949 242 2016 reant,
268 1941 372 2018 sedne
392 1943 489 2020 pigra,
513 1958 550 2000 ne
567 1939 654 2017 longa
671 1940 743 2017 sint,
763 1958 816 2016 ue,
838 1940 917 2019 quod
932 1959 1007 2003 nunc
1021 1944 1148 2002 maxime

143 2028 241 2085 vitiam
267 2034 326 2102 est,
353 2028 483 2087 brevium
508 2034 645 2084 contextu
670 2025 811 2084 resultent
837 2043 872 2084 ac
896 2041 998 2085 sonum
1022 2027 1149 2087 reddant

102 2109 136 2165 ot
144 2128 236 2189 paene
252 2110 404 2188 puerilium
419 2108 672 2187 crepitaculorum.
710 2107 781 2170 Nam
797 2117 827 2168 ut
841 2109 920 2169 initia
936 2109 1147 2188 clausulaeque

143 2194 294 2272 plupimum
309 2195 444 2253 momenti
465 2191 590 2268 habent,
613 2194 746 2271 quotiens
763 2194 863 2271 incipit
877 2211 981 2269 seusus
997 2202 1046 2253 ant
1067 2194 1147 2254 desi·

144 2279 200 2336 nit:
227 2279 269 2336 sic
284 2279 312 2336 iu
322 2279 428 2338 mediis
444 2293 560 2356 quoque
575 2285 640 2335 sunt
655 2278 770 2355 quidam
785 2285 923 2354 conatus,
944 2278 1021 2355 iique
1038 2276 1146 2338 leviter

68 2399 74 2414 .
144 2363 284 2420 insistunt.
330 2358 510 2421 (inruentium
528 2378 596 2439 pes,
616 2361 727 2420 etiamsi
747 2378 804 2420 uon
820 2371 961 2437 moratur,
980 2370 1078 2421 tamen
1096 2379 1146 2424 ve·

144 2446 260 2521 stigium
281 2444 359 2504 lacit.
403 2444 504 2524 ltaque
526 2462 584 2504 nou
605 2444 691 2504 modo
712 2443 839 2506 membra
859 2454 946 2525 atquc
962 2446 1053 2506 incisa
1068 2444 1147 2506 bene

144 2530 273 2607 incipere
289 2537 376 2607 atque
395 2528 587 2605 cludidecet,
603 2528 756 2588 sedetiam
773 2530 867 2604 iniis,
891 2546 967 2607 quae
984 2546 1042 2587 nou
1059 2529 1146 2589 dubia

146 2621 279 2673 contexta
294 2621 358 2671 sunt
369 2630 425 2673 uec
436 2614 629 2691 respiratione
640 2622 771 2689 utuntur,
786 2612 830 2673 illi
844 2612 892 2672 vel
908 2611 1015 2672 occulti
1025 2613 1146 2689 gradus.

102 2697 216 2771 etSQuis
237 2698 311 2756 enim
331 2696 457 2771 dubitet,
485 2715 570 2756 uuum
594 2714 710 2756 seusam
734 2697 763 2756 in
786 2696 844 2756 hoc
864 2705 895 2756 et
911 2714 996 2756 unum
1015 2697 1147 2774 spiritum

144 2800 226 2846 esse:
241 2779 467 2857 Ammadaerte',
488 2782 623 2856 iudices,
639 2799 755 2842 amnem
769 2780 961 2843 coenatoris
978 2782 1148 2843 arationem

143 2868 175 2926 ia
190 2867 268 2927 daas
289 2866 420 2927 dinisam
441 2883 508 2926 esec
521 2866 650 2944 partes?
673 2874 768 2924 tamen
789 2873 819 2924 et
833 2864 889 2925 duo
905 2865 995 2942 prima
1009 2862 1103 2925 verba
1120 2872 1148 2925 et

144 2950 197 3010 tria
212 2951 341 3029 proxima
358 2959 387 3009 et
402 2950 540 3029 deinceps
556 2949 612 3009 duo
630 2966 729 3008 rursus
745 2966 779 3008 aa
794 2950 848 3008 tria
863 2965 933 3008 suos
949 2949 1031 3026 quasi
1048 2966 1146 3010 nume

144 3049 194 3092 ros
209 3033 314 3094 babent
329 3036 458 3112 spiritum
473 3035 668 3109 sustinentes,
686 3034 760 3092 sicut
776 3033 851 3111 apud
863 3032 1040 3108 rhythmicos
1058 3035 1146 3093 aesti-

103 3126 263 3180 69mantur.
306 3117 368 3177 Hae
389 3117 547 3195 particulae
570 3126 656 3195 prout
671 3125 737 3175 sunt
759 3135 881 3194 graves,
909 3133 1011 3190 acres,
1036 3115 1146 3192 lentae,

148 3199 279 3276 celeres,
295 3202 449 3277 remissae,
468 3201 645 3261 exultantes:
664 3201 785 3278 proinde
800 3201 845 3276 id,
862 3200 940 3279 quad
952 3219 989 3262 ex
1003 3200 1061 3260 illis
1077 3217 1145 3260 cou-

145 3285 256 3360 licitur‚
268 3293 315 3343 aut
328 3302 461 3344 severum
476 3294 524 3344 aut
536 3285 713 3344 luxuriosum
724 3294 772 3344 aut
784 3284 952 3363 quadratum
963 3292 1010 3343 aut
1021 3283 1145 3346 solatum

105 3370 211 3435 toerit.
256 3366 403 3440 Quaedam
424 3371 509 3427 etiam
527 3368 674 3430 clausulae
691 3378 756 3427 sunt
772 3368 893 3429 claudae
912 3378 998 3446 atque
1018 3366 1145 3446 pendeu-

146 3461 208 3530 tes,
237 3452 262 3510 si
283 3451 496 3529 relinquantur,
526 3451 579 3512 sed
603 3451 791 3530 sequentibus
813 3452 923 3532 suscipi
951 3470 986 3512 ac
1010 3452 1146 3514 sustineri
