2434 3925
109 144 113 163 ⁴
165 189 223 251 172
382 214 390 219 ·
474 200 511 247 u.
525 196 839 257 massmannum

91 392 112 401 υ
162 358 217 415 turi
232 373 343 429 sumus,
365 369 533 432 personam,
556 349 686 425 causam,
706 349 818 426 locum,
835 361 963 430 tempus,
982 354 1158 417 iustrumeass

121 450 235 515 sutum,
266 441 467 511 occasionem,
490 438 652 495 narratione
678 433 874 494 delibabimus.
916 437 1098 514 Aliquando,
1115 442 1157 509 ,si

164 523 290 583 destituti
310 522 445 581 fuerimus
462 520 523 593 bis,
544 521 629 578 etiam
652 517 818 577 fatebimur:
845 517 902 579 Vix
918 539 986 581 case
1006 525 1160 585 credibile

162 608 219 669 aed
231 624 337 667 cerum
347 616 376 666 ct
388 607 446 665 boc
455 604 555 664 maius
568 603 741 663 leobaudum
753 602 864 676 scelus,
879 607 1001 664 nescire
1013 625 1071 667 nos
1081 626 1158 684 qao·

121 691 251 756 almodo
269 690 385 769 sactum
399 691 439 748 sit
453 697 507 748 uut
525 702 638 763 quare,
653 686 763 746 mirari
776 687 834 747 sed
844 688 1039 763 probaturos.
1072 690 1156 768 Opti·

161 793 225 835 mae
239 790 310 833 vero
333 773 569 851 praeparationes
595 778 693 843 erunt,
715 786 789 847 quae
809 769 959 847 latuerint,
979 780 1010 831 ut
1030 791 1046 831 a
1068 773 1155 834 Cice·

160 875 231 918 rone
248 866 313 916 suut
328 858 441 934 quidem
454 854 604 914 utilissime
620 852 767 930 praedicta
782 855 885 928 omnia,
898 872 953 932 per
967 873 1041 933 quae
1052 856 1156 919 Miloni

162 940 280 1002 Clodius
298 957 355 999 nou
371 934 474 1000 Clodio
490 936 558 997 Milo
582 936 730 995 insidiatus
748 953 815 995 esse
835 937 981 1007 videntum
1001 939 1156 1018 plurimum

83 1028 87 1038 “
160 1034 254 1085 tamen
271 1025 341 1084 lacit
361 1023 411 1083 illa
435 1022 620 1082 callidissima
640 1019 830 1097 simplicitatis
845 1021 979 1082 imitatio:
1000 1023 1073 1085 illito
1093 1041 1155 1087 aa·

160 1118 238 1185 tem,
259 1127 327 1169 cum
344 1110 377 1168 iu
396 1116 507 1167 acuatu
519 1106 629 1184 fuisset
642 1122 678 1164 co
699 1105 767 1177 die,
788 1108 892 1180 quood
904 1115 1029 1167 senatus
1043 1116 1091 1169 eet
1105 1111 1155 1169 di·

158 1195 284 1269 cussus,
300 1194 420 1253 domum
433 1192 528 1266 acuit,
546 1189 667 1249 calceos
680 1194 709 1247 ct
722 1189 899 1265 vestimento
913 1193 1054 1267 mutarit,
1071 1211 1155 1270 pca-

161 1277 270 1355 liaper‚
291 1277 363 1335 dum
381 1293 415 1334 ec
433 1292 530 1350 uxor,
550 1281 582 1331 ut
601 1271 651 1348 fit,
673 1280 848 1349 comparat,
870 1283 1073 1335 commoratus
1095 1285 1155 1338 eet.

119 1359 251 1433 seQuam
268 1357 337 1418 nibil
358 1358 511 1432 festinato,
536 1353 604 1413 nibil
619 1363 792 1432 praeparato
813 1354 921 1415 fecisse
936 1358 1049 1418 uidetur
1063 1358 1154 1421 llilo!

161 1441 246 1516 Quod
273 1459 331 1502 uou
355 1441 446 1500 solum
473 1439 560 1499 rebus
585 1440 656 1516 ipsis
679 1440 724 1496 vir
747 1439 1018 1516 eloquentissimus,
1047 1443 1155 1519 quibus

160 1542 255 1584 moras
271 1535 300 1584 et
314 1525 420 1584 lentum
435 1524 625 1603 profectionis
641 1522 769 1582 ordinem
783 1522 869 1597 ducit,
886 1523 938 1582 sed
952 1524 1050 1584 verbis
1066 1528 1154 1586 etiarn

160 1608 327 1685 vulgaribus
344 1617 372 1667 et
389 1608 539 1667 cotidianis
555 1615 584 1665 et
598 1616 661 1665 arte
675 1606 790 1665 occulta
808 1617 981 1668 consecutus
997 1617 1057 1677 est;
1076 1628 1155 1688 quae

162 1692 288 1752 sialiter
308 1693 384 1753 dicta
406 1700 519 1766 essent,
538 1692 660 1768 strepitu
680 1690 772 1767 ipsum
793 1691 915 1751 iudicem
931 1692 966 1751 ad
987 1695 1153 1753 eustodien-

119 1777 226 1848 uodum
241 1785 390 1855 patronum
406 1778 592 1835 excitassent.
634 1772 755 1849 Frigere
769 1774 900 1834 videntur
916 1776 970 1835 ista
986 1776 1153 1856 plerisque;

162 1861 214 1921 sed
233 1860 290 1920 boo
309 1860 489 1919 manifestum
510 1867 571 1934 est,
590 1858 735 1934 quomodo
755 1858 878 1920 iudicem
900 1858 1152 1938 fefellerit‚,quod

161 1946 210 2004 vix
227 1963 243 2005 a
258 1945 369 2005 lectore
385 1942 619 2023 deprehenditur.
644 1941 724 2001 llaec
739 1951 820 2018 suut,
836 1942 1092 2020 quae'credibilem
1109 1946 1152 2007 fa-

119 2032 237 2099 uociant
259 2031 479 2108 expositionem.
515 2027 585 2087 Nam
605 2027 635 2087 id
655 2027 787 2104 quidem,
810 2044 920 2104 nequa
943 2030 1085 2088 contraria
1102 2040 1153 2090 aut

161 2112 216 2172 sibi
230 2115 417 2191 repugnantia
431 2113 459 2172 iu
476 2113 639 2172 narratione
654 2110 795 2185 dieamus,
817 2113 841 2169 si
857 2114 902 2170 cui
918 2112 1152 2190 praecipiendum

161 2205 224 2272 est,
249 2199 273 2255 is
298 2197 409 2275 reliqua
433 2197 537 2255 frustra
561 2193 694 2261 docetur;
722 2196 832 2253 etiamsi
853 2196 966 2272 quidam
990 2197 1152 2273 scriptores

161 2280 272 2339 Artium
286 2279 343 2340 hoo
358 2297 474 2359 quoque
490 2289 622 2358 tanquam
633 2277 776 2338 occultum
791 2287 821 2337 et
835 2296 852 2338 a
865 2297 899 2338 se
913 2279 1071 2358 prudenter
1085 2297 1151 2340 eru·

160 2372 219 2422 tum
233 2364 358 2423 tradunt
830 2435 832 2438 v

119 2462 151 2515 σι
244 2447 294 2506 llis
309 2446 399 2505 tribus
413 2445 546 2508 narraudi
560 2443 712 2505 virtutibus
728 2444 864 2505 adiiciunt
881 2447 993 2523 quidam
1012 2450 1150 2524 magni-

159 2531 364 2605 ficentiam,
390 2548 473 2608 quam
493 2528 741 2608 μεγαλοπρέπειαν
762 2538 883 2605 vocant,
911 2548 985 2608 quae
1006 2548 1101 2608 neque
1122 2535 1152 2592 in

161 2631 260 2676 omues
276 2632 377 2673 causas
399 2614 474 2673 cadit
492 2613 654 2692 (namquid
671 2615 698 2671 iu
720 2613 868 2690 plerisque
890 2616 1000 2674 iudiciis
1018 2617 1150 2692 privatis,

161 2699 198 2759 de
213 2708 293 2758 certa
308 2698 432 2773 credita,
454 2697 550 2756 loeato
565 2706 593 2757 et
612 2697 771 2772 conducto,
791 2698 949 2757 interdictis
966 2697 1075 2757 babere
1090 2699 1152 2759 loci

160 2791 259 2862 potest
281 2799 367 2860 supra
387 2780 500 2839 modum
520 2799 553 2840 se
575 2779 684 2839 tullens
705 2782 796 2839 oratio
804 2778 834 2860 l)
857 2799 952 2860 neque
969 2800 1084 2860 semper
1105 2792 1153 2842 est

120 2868 254 2941 sectilis,
280 2867 361 2926 velut
384 2865 515 2942 proximo
533 2865 667 2942 exemplo
689 2863 843 2923 Miloniano
865 2875 954 2943 patet.
995 2865 1033 2924 Et
1052 2869 1150 2925 memi-

160 2953 284 3009 nerimus
305 2949 408 3008 multas
431 2966 498 3007 esse
521 2966 638 3023 causas,
658 2949 687 3007 lu
709 2947 811 3025 quibus
835 2949 1042 3024 confitendum,
1061 2967 1151 3009 excu-

161 3033 288 3108 sandum,
304 3033 529 3091 summittendum
545 3034 591 3106 sit,
608 3033 686 3109 quod
701 3033 885 3110 exponimus3
902 3033 1004 3111 quibus
1019 3032 1153 3092 omuibus

161 3116 254 3176 aliena
273 3126 317 3175 est
338 3117 386 3176 illa
403 3117 631 3191 magnificentiae
651 3118 751 3174 virtus.
786 3115 882 3188 Quare
899 3134 956 3175 nou
971 3114 1062 3193 magis
1081 3133 1152 3195 pro·

161 3201 253 3279 prium
266 3202 435 3259 narrationis
450 3209 494 3258 est
507 3201 658 3275 magnifiee
674 3199 772 3258 dicere
784 3217 867 3276 quam
881 3200 1094 3276 miserabiliter,
1110 3202 1149 3259 iu·

163 3285 292 3358 vidiose,
310 3285 450 3358 graviter,
468 3283 604 3358 dulciter,
623 3282 745 3351 urbane;
763 3300 852 3360 quae,
870 3302 933 3343 cum
948 3302 1001 3343 suo
1017 3301 1151 3362 quaeque

163 3370 230 3428 loco
246 3369 301 3427 siut
316 3365 482 3442 laudabilia,
500 3382 557 3426 non
576 3361 723 3426 suut‘buiu
737 3369 810 3446 parti
827 3371 945 3448 proprie
961 3369 1105 3447 assignata
1122 3375 1152 3427 et

231 3450 364 3513 tdedita.
