2434 3925
367 194 456 242 ursa,
469 194 617 242 onsroa.
630 194 699 242 urs.
712 194 745 260 x,
756 189 784 243 3.
1015 184 1073 245 175

38 348 204 427 Namque
227 347 291 422 illa,
316 366 390 425 quae
411 350 473 426 ipsa
493 347 656 424 delectant,
679 366 804 408 necesse
828 357 873 409 est
893 358 1016 409 avocent
1036 349 1073 411 ab

41 435 233 495 intentione
251 434 349 509 operis
365 431 506 492 destinati.
533 432 636 510 Neque
651 434 725 492 enim
740 450 773 491 se
787 432 929 492 bonafide
940 436 968 492 in
985 434 1074 495 multa

43 517 148 577 simul
166 517 322 577 intendere
339 518 446 574 animus
463 525 553 575 totum
571 525 679 595 potest,
698 524 726 575 et
742 533 914 594 quocunque
930 520 1072 596 respexit,

45 601 174 661 desinit
196 601 301 660 intueri
318 600 395 677 quod
411 602 591 678 propositum
607 609 678 659 erat.
711 599 807 672 Quare
825 600 961 660 silvarum
976 596 1114 666 ambe-24

46 687 136 746 nitas
155 693 190 744 et
205 682 448 762 praeterlabentia
465 684 578 743 llumina
600 693 630 743 et
648 686 820 761 inspirantes
836 686 921 743 ramis
938 684 1071 744 arborum

48 787 154 829 aurae
172 769 384 845 volucrumque
403 777 547 827 cantuset
568 769 631 845 ipsa
650 768 708 827 late
725 765 972 845 circumspiciendi
985 769 1070 828 liber-

50 862 103 912 tas
128 851 221 911 adse
238 851 366 918 trahunt;
387 860 416 910 ut
436 851 503 910 mibi
527 853 673 911 remittere
689 852 784 929 potius
800 851 935 928 voluptas
954 854 1008 911 ista
1029 855 1071 911 vi·

53 937 172 997 deatur
194 936 400 1011 cogitationem
422 953 505 1013 quam
529 936 689 995 intendere.
723 933 937 997 Demosthenes
958 936 1113 1014 melius,25

54 1020 166 1098 quise
183 1019 340 1095 inlocum,
363 1037 402 1077 ex
417 1036 473 1096 quo
490 1019 567 1078 nulla
583 1019 712 1078 exaudiri
735 1036 794 1077 vox
816 1028 845 1078 et
866 1038 904 1078 ex
925 1037 982 1098 quo
1002 1020 1071 1080 nibil

54 1104 200 1182 prospici
217 1111 329 1180 posset,
344 1101 531 1177 recondebat,
547 1118 584 1162 ne
601 1101 678 1162 aliud
694 1120 782 1178 agere
793 1112 918 1162 mentem
930 1112 1071 1180 cogerent

57 1185 155 1267 oculi.
189 1185 321 1263 Ideoque
336 1186 520 1246 lucubrantes
533 1187 677 1245 silentium
692 1187 784 1245 noctis
801 1196 830 1246 et
847 1187 975 1247 clausum
991 1188 1070 1247 cubi·

59 1269 163 1331 culum
181 1278 212 1330 et
227 1270 322 1329 lumen
337 1283 422 1329 unum
436 1271 517 1330 velut
537 1279 633 1330 tectos
651 1271 772 1329 maxime
788 1279 894 1338 teneat.
931 1271 990 1331 Sed
1010 1282 1113 1337 cumali
1141 1298 1145 1305 ·

58 1357 91 1413 in
107 1354 188 1413 omni
204 1353 361 1413 studiomm
381 1372 491 1430 genere
517 1364 576 1413 tum
594 1356 623 1412 in
644 1354 700 1414 hoc
721 1355 879 1433 praecipue
900 1354 975 1414 bona
989 1355 1069 1414 vale·

60 1437 156 1512 tudo,
180 1450 315 1516 quaeque
338 1456 401 1497 eam
415 1441 536 1499 maxime
555 1447 697 1516 praestat,
721 1438 887 1514 lrugalitas,
903 1441 1070 1499 necessaria
1089 1513 1092 1517 ἵ

64 1530 130 1588 est;
148 1539 214 1580 cum
229 1531 360 1600 tempora
375 1521 410 1581 ab
426 1524 489 1600 ipsa
504 1540 600 1581 rerum
617 1530 716 1581 natura
733 1521 768 1581 ad
788 1524 914 1599 quietem
931 1523 1068 1582 reiectio·

63 1622 193 1683 nemque
208 1604 291 1664 nobis
312 1605 376 1665 data
397 1608 426 1664 in
445 1609 613 1666 acerrimum
628 1604 756 1664 laborem
782 1608 985 1666 convertimus.
1017 1605 1069 1666 cui

65 1699 163 1747 tamen
178 1705 236 1747 non
251 1689 316 1767 plus
330 1689 514 1766 irrogandum
535 1698 580 1748 est
598 1707 682 1766 quam
698 1689 775 1766 quod
790 1706 890 1748 somno
913 1693 1068 1769 supererit,

66 1771 143 1832 baud
156 1772 258 1832 deerit.
287 1771 388 1832 Obstat
404 1775 477 1832 enim
489 1773 655 1849 diligentiae
667 1771 811 1831 scribendi
830 1775 915 1833 etiam
927 1774 1107 1851 fatigatio,2t

70 1864 99 1915 et
114 1855 243 1931 abunde,
261 1857 286 1915 si
301 1866 402 1932 vacet,
418 1857 495 1916 lucis·
507 1857 598 1934 spatia
614 1856 775 1932 sufiiciunt,
796 1866 956 1934 occupatos
972 1860 1000 1916 in
1017 1875 1067 1916 no·

71 1949 145 2000 ctem
156 1942 317 2000 necessitas
332 1942 400 2017 agit.
430 1938 484 2000 Est
498 1949 593 2000 tamer
610 1939 788 2016 lucubratio,
806 1942 939 2019 quotiens
954 1941 990 2001 ad
1005 1960 1067 2001 eam

70 2026 172 2101 integri
187 2042 222 2084 ac
239 2023 343 2083 relecti
359 2025 498 2100 venimuS,
516 2026 652 2102 optimum
665 2026 772 2084 secreti
785 2043 887 2101 genus.
922 2094 925 2101 A

153 2108 210 2168 Sed
233 2108 376 2167 silentium
399 2117 429 2168 et
456 2126 593 2167 secessus
616 2115 645 2167 et
664 2108 789 2187 undique
815 2108 889 2168 liber
910 2109 1016 2167 animus
1037 2117 1108 2174 ut28

43 2212 45 2216 ·
74 2200 135 2251 sunt
155 2193 276 2252 maxime
298 2191 439 2269 optanda,
466 2193 505 2252 ita
523 2208 580 2250 non
602 2209 719 2270 semper
742 2201 863 2270 possunt
886 2193 1065 2269 contingere,

74 2276 193 2353 ideoque
215 2292 272 2334 non
293 2277 404 2352 statim,
430 2276 454 2334 si
481 2275 549 2353 quid
574 2274 741 2353 obstrepet,
769 2275 922 2335 abilciendi
948 2276 1065 2335 codices

75 2370 152 2419 eruut
167 2369 194 2419 et
209 2359 403 2438 deplorandus
423 2359 500 2427 dies;
521 2377 621 2418 verum
643 2359 1068 2437 incommodisrepugnandum

77 2454 103 2504 et
119 2444 163 2503 hic
177 2444 326 2503 faciendus
352 2462 439 2519 usus,
464 2452 495 2502 ut
517 2445 610 2502 omnia
634 2461 708 2520 quae
730 2443 885 2522 impedient
906 2446 1001 2504 vincat
1025 2445 1065 2502 in·

76 2529 172 2595 tentio;
189 2530 309 2605 quamsi
325 2536 386 2587 tota
399 2536 495 2587 mente
511 2529 628 2605 inopus
644 2529 737 2605 ipsum
753 2528 911 2587 direxeris:
928 2528 997 2587 nihil
1016 2546 1065 2586 eo-

78 2630 144 2687 rum,
159 2629 231 2689 quae
249 2611 341 2670 oculis
356 2612 404 2672 vel
421 2611 536 2671 auribus
553 2613 709 2687 incursant,
726 2612 761 2671 ad
773 2612 892 2671 animum
904 2614 1064 2690 perveniet.

14 2729 17 2735 ι
79 2694 120 2753 An
133 2712 198 2753 vero
215 2695 384 2773 frequenter
405 2698 489 2755 etiarn
506 2696 622 2754 fortuita
644 2695 700 2755 hoc
717 2697 855 2771 cogitatio
872 2703 1016 2771 praestat,
1036 2703 1107 2759 utili

81 2777 173 2837 obvios
187 2796 243 2838 non
257 2779 405 2839 videamus
421 2788 450 2838 et
465 2782 568 2839 itinere
583 2779 765 2839 deerremus:
784 2796 842 2837 uon
855 2794 1065 2855 consequemur

79 2860 162 2938 idern,
176 2864 199 2921 si
214 2871 242 2921 et
256 2859 453 2923 voluerimus?
491 2861 556 2921 Non
582 2872 628 2922 est
646 2862 849 2939 indulgendum
871 2862 967 2920 causis
988 2860 1063 2920 desi-

81 2945 147 3005 diae.
173 2944 241 3005 Nam
257 2951 281 3006 si
296 2949 407 3007 nonnisi
418 2946 532 3022 reiecti,
543 2948 655 3005 nonnisi
670 2946 788 3021 hilares,
806 2946 917 3003 nonnisi
934 2944 1063 3004 omnibus

81 3028 138 3090 aliis
158 3032 229 3088 curis
248 3039 385 3090 vacantes
412 3030 582 3090 studendum
605 3031 842 3090 existimarimus:
868 3046 985 3107 semper
1010 3030 1065 3089 erit

81 3120 190 3194 propter
213 3112 289 3191 quod
314 3113 397 3173 nobis
418 3116 611 3191 ignoscamus.
656 3113 753 3186 Quare
774 3114 803 3171 in
824 3111 921 3188 turba,
948 3114 1106 3186 itinere,3o

83 3198 205 3259 conviviis
235 3198 319 3255 etiam
345 3198 432 3257 faciat
457 3196 511 3256 sibi
537 3198 676 3273 cogitatio
701 3199 765 3274 ipsa
792 3205 945 3255 secretum.
988 3196 1063 3269 Quid

83 3282 177 3359 alioqui
191 3279 255 3355 liet,
275 3298 338 3339 cum
354 3283 383 3340 in
398 3282 492 3341 medio
508 3281 593 3355 loro,
615 3289 659 3340 tot
676 3279 923 3340 circumstantibus
939 3280 1061 3354 iudiciis,

83 3366 184 3443 iurgiis,
199 3363 323 3423 fortuitis
339 3366 423 3423 etiam
442 3364 629 3440 clamoribus,
651 3365 705 3423 erit
725 3363 820 3423 subito
841 3368 973 3423 continua
999 3381 1061 3422 ora·

19 3457 23 3462 ’
84 3453 151 3527 tione
171 3447 333 3525 dicendum,
355 3450 380 3508 si
394 3449 565 3528 particulas,
582 3464 653 3527 quas
669 3449 745 3509 ceris
760 3448 938 3526 mandamus,
959 3448 1012 3507 nisi
1033 3448 1063 3506 in
