<?xml version="1.0" encoding="UTF-8"?>
<!DOCTYPE html PUBLIC "-//W3C//DTD XHTML 1.0 Transitional//EN"
    "http://www.w3.org/TR/xhtml1/DTD/xhtml1-transitional.dtd">
<html xmlns="http://www.w3.org/1999/xhtml" xml:lang="en" lang="en">
 <head>
  <title>
</title>
<meta http-equiv="Content-Type" content="text/html;charset=utf-8" />
  <meta name='ocr-system' content='tesseract 3.04.00' />
  <meta name='ocr-capabilities' content='ocr_page ocr_carea ocr_par ocr_line ocrx_word'/>
</head>
<body>
  <div class='ocr_page' id='page_1' title='image "./mfabiiquintilia08bonngoog_0037.png"; bbox 0 0 2434 3925; ppageno 0'>
   <div class='ocr_carea' id='block_1_1' title="bbox 62 499 899 982">
    <p class='ocr_par' dir='ltr' id='par_1_1' title="bbox 62 499 899 982">
     <span class='ocr_line' id='line_1_1' title="bbox 252 499 899 638; baseline 0.002 -11"><span class='ocrx_word' id='word_1_1' title='bbox 252 546 295 627; x_wconf 90' lang='lat' dir='ltr'><strong>n.</strong></span> <span class='ocrx_word' id='word_1_2' title='bbox 315 545 480 629; x_wconf 85' lang='lat' dir='ltr'><strong>rnnrns</strong></span> <span class='ocrx_word' id='word_1_3' title='bbox 508 546 835 638; x_wconf 84' lang='lat' dir='ltr'><strong>tutununnus</strong></span> <span class='ocrx_word' id='word_1_4' title='bbox 865 499 899 562; x_wconf 67' lang='lat'>³</span> 
     </span>
     <span class='ocr_line' id='line_1_2' title="bbox 62 729 522 982; baseline 0.041 -150"><span class='ocrx_word' id='word_1_5' title='bbox 62 736 163 850; x_wconf 84' lang='grc' dir='ltr'><strong>,Τ</strong></span> <span class='ocrx_word' id='word_1_6' title='bbox 229 734 283 849; x_wconf 85' lang='lat' dir='ltr'><strong>tt</strong></span> <span class='ocrx_word' id='word_1_7' title='bbox 355 729 401 851; x_wconf 88' lang='lat' dir='ltr'>Y</span> <span class='ocrx_word' id='word_1_8' title='bbox 469 733 522 982; x_wconf 85' lang='lat' dir='ltr'><strong>Ps</strong></span> 
     </span>
    </p>
   </div>
   <div class='ocr_carea' id='block_1_2' title="bbox 582 732 975 850">
    <p class='ocr_par' dir='ltr' id='par_1_2' title="bbox 582 732 975 850">
     <span class='ocr_line' id='line_1_3' title="bbox 582 732 975 850; baseline 0.005 -2"><span class='ocrx_word' id='word_1_9' title='bbox 582 732 975 850; x_wconf 82' lang='lat' dir='ltr'>HONI</span> 
     </span>
    </p>
   </div>
   <div class='ocr_carea' id='block_1_3' title="bbox 408 1080 687 1147">
    <p class='ocr_par' dir='ltr' id='par_1_3' title="bbox 408 1080 687 1147">
     <span class='ocr_line' id='line_1_4' title="bbox 408 1080 687 1147; baseline -0.004 -1"><span class='ocrx_word' id='word_1_10' title='bbox 408 1080 687 1147; x_wconf 80' lang='lat' dir='ltr'><strong>SALUTEM.</strong></span> 
     </span>
    </p>
   </div>
   <div class='ocr_carea' id='block_1_4' title="bbox 350 1296 759 1307">
    <p class='ocr_par' dir='ltr' id='par_1_4' title="bbox 350 1296 759 1307">
     <span class='ocr_line' id='line_1_5' title="bbox 350 1296 759 1307; baseline -0.005 0"><span class='ocrx_word' id='word_1_11' title='bbox 350 1296 759 1307; x_wconf 69' lang='lat'><strong>-·--.—..---..-—</strong></span> 
     </span>
    </p>
   </div>
   <div class='ocr_carea' id='block_1_5' title="bbox 41 1427 1070 2912">
    <p class='ocr_par' dir='ltr' id='par_1_5' title="bbox 41 1427 1070 2912">
     <span class='ocr_line' id='line_1_6' title="bbox 131 1427 1043 1538; baseline 0.001 -18"><span class='ocrx_word' id='word_1_12' title='bbox 131 1427 307 1536; x_wconf 69' lang='lat' dir='ltr'><strong>llitlagitasti</strong></span> <span class='ocrx_word' id='word_1_13' title='bbox 339 1459 482 1519; x_wconf 86' lang='lat' dir='ltr'><strong>cotidiano</strong></span> <span class='ocrx_word' id='word_1_14' title='bbox 514 1461 666 1535; x_wconf 86' lang='lat' dir='ltr'><strong>convicio,</strong></span> <span class='ocrx_word' id='word_1_15' title='bbox 703 1467 732 1518; x_wconf 91' lang='lat' dir='ltr'><strong>ut</strong></span> <span class='ocrx_word' id='word_1_16' title='bbox 762 1459 869 1536; x_wconf 87' lang='lat' dir='ltr'><strong>libros,</strong></span> <span class='ocrx_word' id='word_1_17' title='bbox 907 1477 980 1538; x_wconf 86' lang='lat' dir='ltr'><strong>quos</strong></span> <span class='ocrx_word' id='word_1_18' title='bbox 1009 1461 1043 1522; x_wconf 92' lang='lat' dir='ltr'><strong>ad</strong></span> 
     </span>
     <span class='ocr_line' id='line_1_7' title="bbox 43 1556 1044 1638; baseline -0.001 -21"><span class='ocrx_word' id='word_1_19' title='bbox 43 1556 215 1617; x_wconf 76' lang='lat' dir='ltr'><strong>marcellum</strong></span> <span class='ocrx_word' id='word_1_20' title='bbox 239 1576 332 1617; x_wconf 89' lang='lat' dir='ltr'><strong>meum</strong></span> <span class='ocrx_word' id='word_1_21' title='bbox 359 1557 395 1618; x_wconf 93' lang='lat' dir='ltr'><strong>de</strong></span> <span class='ocrx_word' id='word_1_22' title='bbox 418 1558 598 1617; x_wconf 81' lang='lat' dir='ltr'><strong>Institutione</strong></span> <span class='ocrx_word' id='word_1_23' title='bbox 624 1559 750 1617; x_wconf 93' lang='lat' dir='ltr'><strong>oratoria</strong></span> <span class='ocrx_word' id='word_1_24' title='bbox 776 1561 964 1638; x_wconf 83' lang='lat' dir='ltr'>scripseram,</span> <span class='ocrx_word' id='word_1_25' title='bbox 990 1559 1044 1617; x_wconf 84' lang='lat' dir='ltr'><strong>ianr</strong></span> 
     </span>
     <span class='ocr_line' id='line_1_8' title="bbox 45 1653 1043 1733; baseline 0 -20"><span class='ocrx_word' id='word_1_26' title='bbox 45 1657 180 1718; x_wconf 78' lang='lat' dir='ltr'><strong>emittere</strong></span> <span class='ocrx_word' id='word_1_27' title='bbox 201 1656 370 1733; x_wconf 86' lang='lat' dir='ltr'><strong>inciperem.</strong></span> <span class='ocrx_word' id='word_1_28' title='bbox 414 1653 486 1715; x_wconf 89' lang='lat' dir='ltr'><strong>Nam</strong></span> <span class='ocrx_word' id='word_1_29' title='bbox 505 1656 569 1733; x_wconf 91' lang='lat' dir='ltr'><strong>ipse</strong></span> <span class='ocrx_word' id='word_1_30' title='bbox 592 1671 644 1713; x_wconf 87' lang='lat' dir='ltr'><strong>eoa</strong></span> <span class='ocrx_word' id='word_1_31' title='bbox 666 1656 790 1715; x_wconf 92' lang='lat' dir='ltr'><strong>nondum</strong></span> <span class='ocrx_word' id='word_1_32' title='bbox 811 1654 950 1733; x_wconf 87' lang='lat' dir='ltr'><strong>opinabar</strong></span> <span class='ocrx_word' id='word_1_33' title='bbox 973 1657 1043 1714; x_wconf 86' lang='lat' dir='ltr'><strong>satis</strong></span> 
     </span>
     <span class='ocr_line' id='line_1_9' title="bbox 42 1752 1043 1832; baseline 0.001 -22"><span class='ocrx_word' id='word_1_34' title='bbox 42 1754 233 1827; x_wconf 79' lang='lat' dir='ltr'><strong>maturuisse,</strong></span> <span class='ocrx_word' id='word_1_35' title='bbox 256 1752 358 1831; x_wconf 88' lang='lat' dir='ltr'><strong>quibus</strong></span> <span class='ocrx_word' id='word_1_36' title='bbox 374 1753 596 1832; x_wconf 87' lang='lat' dir='ltr'><strong>componendis,</strong></span> <span class='ocrx_word' id='word_1_37' title='bbox 619 1762 651 1812; x_wconf 90' lang='lat' dir='ltr'><strong>ut</strong></span> <span class='ocrx_word' id='word_1_38' title='bbox 671 1756 747 1829; x_wconf 88' lang='lat' dir='ltr'><strong>acis,</strong></span> <span class='ocrx_word' id='word_1_39' title='bbox 767 1754 854 1832; x_wconf 92' lang='lat' dir='ltr'><strong>paulo</strong></span> <span class='ocrx_word' id='word_1_40' title='bbox 874 1753 939 1832; x_wconf 90' lang='lat' dir='ltr'><strong>plus</strong></span> <span class='ocrx_word' id='word_1_41' title='bbox 960 1771 1043 1831; x_wconf 85' lang='lat' dir='ltr'><strong>quam</strong></span> 
     </span>
     <span class='ocr_line' id='line_1_10' title="bbox 42 1850 1040 1931; baseline 0 -20"><span class='ocrx_word' id='word_1_42' title='bbox 42 1850 192 1912; x_wconf 87' lang='lat' dir='ltr'><strong>biennium</strong></span> <span class='ocrx_word' id='word_1_43' title='bbox 211 1861 253 1912; x_wconf 92' lang='lat' dir='ltr'><strong>tot</strong></span> <span class='ocrx_word' id='word_1_44' title='bbox 271 1853 380 1931; x_wconf 77' lang='lat' dir='ltr'><strong>alioqui</strong></span> <span class='ocrx_word' id='word_1_45' title='bbox 400 1855 525 1930; x_wconf 83' lang='lat' dir='ltr'><strong>negotiis</strong></span> <span class='ocrx_word' id='word_1_46' title='bbox 545 1855 691 1914; x_wconf 90' lang='lat' dir='ltr'><strong>districtus</strong></span> <span class='ocrx_word' id='word_1_47' title='bbox 713 1854 852 1931; x_wconf 88' lang='lat' dir='ltr'><strong>impendi;</strong></span> <span class='ocrx_word' id='word_1_48' title='bbox 876 1853 953 1931; x_wconf 84' lang='lat' dir='ltr'><strong>quod</strong></span> <span class='ocrx_word' id='word_1_49' title='bbox 972 1862 1040 1912; x_wconf 86' lang='lat' dir='ltr'><strong>tern-</strong></span> 
     </span>
     <span class='ocr_line' id='line_1_11' title="bbox 43 1950 1043 2030; baseline -0.001 -20"><span class='ocrx_word' id='word_1_50' title='bbox 43 1968 99 2028; x_wconf 89' lang='lat' dir='ltr'><strong>pus</strong></span> <span class='ocrx_word' id='word_1_51' title='bbox 124 1957 258 2010; x_wconf 88' lang='lat' dir='ltr'><strong>nontam</strong></span> <span class='ocrx_word' id='word_1_52' title='bbox 281 1950 349 2011; x_wconf 87' lang='lat' dir='ltr'><strong>stilo</strong></span> <span class='ocrx_word' id='word_1_53' title='bbox 376 1969 460 2030; x_wconf 90' lang='lat' dir='ltr'><strong>quam</strong></span> <span class='ocrx_word' id='word_1_54' title='bbox 484 1953 662 2030; x_wconf 88' lang='lat' dir='ltr'><strong>inquisitioni</strong></span> <span class='ocrx_word' id='word_1_55' title='bbox 687 1952 806 2011; x_wconf 90' lang='lat' dir='ltr'><strong>instituti</strong></span> <span class='ocrx_word' id='word_1_56' title='bbox 831 1952 928 2030; x_wconf 91' lang='lat' dir='ltr'><strong>operis</strong></span> <span class='ocrx_word' id='word_1_57' title='bbox 950 1967 1043 2028; x_wconf 90' lang='lat' dir='ltr'><strong>prope</strong></span> 
     </span>
     <span class='ocr_line' id='line_1_12' title="bbox 42 2045 1042 2129; baseline 0 -21"><span class='ocrx_word' id='word_1_58' title='bbox 42 2045 146 2110; x_wconf 83' lang='lat' dir='ltr'><strong>infiniti</strong></span> <span class='ocrx_word' id='word_1_59' title='bbox 167 2057 196 2109; x_wconf 89' lang='lat' dir='ltr'><strong>et</strong></span> <span class='ocrx_word' id='word_1_60' title='bbox 218 2050 351 2126; x_wconf 82' lang='lat' dir='ltr'><strong>legendis</strong></span> <span class='ocrx_word' id='word_1_61' title='bbox 373 2050 558 2127; x_wconf 88' lang='lat' dir='ltr'><strong>auctoribus,</strong></span> <span class='ocrx_word' id='word_1_62' title='bbox 582 2053 630 2129; x_wconf 88' lang='lat' dir='ltr'><strong>qui</strong></span> <span class='ocrx_word' id='word_1_63' title='bbox 650 2059 716 2109; x_wconf 91' lang='lat' dir='ltr'><strong>sunt</strong></span> <span class='ocrx_word' id='word_1_64' title='bbox 735 2047 972 2124; x_wconf 88' lang='lat' dir='ltr'><strong>innumerabiles,</strong></span> <span class='ocrx_word' id='word_1_65' title='bbox 994 2049 1042 2108; x_wconf 90' lang='lat' dir='ltr'><strong>da·</strong></span> 
     </span>
     <span class='ocr_line' id='line_1_13' title="bbox 42 2147 1069 2229; baseline -0.001 -23"><span class='ocrx_word' id='word_1_66' title='bbox 42 2156 101 2207; x_wconf 83' lang='lat' dir='ltr'><strong>tnnn</strong></span> <span class='ocrx_word' id='word_1_67' title='bbox 122 2157 177 2207; x_wconf 89' lang='lat' dir='ltr'><strong>est.</strong></span> <span class='ocrx_word' id='word_1_68' title='bbox 210 2147 287 2207; x_wconf 87' lang='lat' dir='ltr'><strong>Usus</strong></span> <span class='ocrx_word' id='word_1_69' title='bbox 308 2148 411 2208; x_wconf 91' lang='lat' dir='ltr'><strong>deinde</strong></span> <span class='ocrx_word' id='word_1_70' title='bbox 429 2148 539 2209; x_wconf 81' lang='lat' dir='ltr'><strong>Horatii</strong></span> <span class='ocrx_word' id='word_1_71' title='bbox 561 2149 700 2229; x_wconf 85' lang='lat' dir='ltr'><strong>consilio,</strong></span> <span class='ocrx_word' id='word_1_72' title='bbox 725 2149 773 2227; x_wconf 89' lang='lat' dir='ltr'><strong>qni</strong></span> <span class='ocrx_word' id='word_1_73' title='bbox 794 2150 822 2206; x_wconf 91' lang='lat' dir='ltr'><strong>in</strong></span> <span class='ocrx_word' id='word_1_74' title='bbox 843 2156 904 2206; x_wconf 86' lang='lat' dir='ltr'><strong>arte</strong></span> <span class='ocrx_word' id='word_1_75' title='bbox 925 2148 1069 2225; x_wconf 72' lang='lat' dir='ltr'><strong>poeticau</strong></span> 
     </span>
     <span class='ocr_line' id='line_1_14' title="bbox 42 2249 1043 2327; baseline 0.002 -21"><span class='ocrx_word' id='word_1_76' title='bbox 42 2249 163 2324; x_wconf 84' lang='lat' dir='ltr'><strong>suadet,</strong></span> <span class='ocrx_word' id='word_1_77' title='bbox 204 2266 240 2306; x_wconf 92' lang='lat' dir='ltr'><strong>ne</strong></span> <span class='ocrx_word' id='word_1_78' title='bbox 268 2249 475 2325; x_wconf 82' lang='lat' dir='ltr'><strong>praecipitetur</strong></span> <span class='ocrx_word' id='word_1_79' title='bbox 505 2250 593 2309; x_wconf 89' lang='lat' dir='ltr'><strong>editio</strong></span> <span class='ocrx_word' id='word_1_80' title='bbox 625 2266 795 2327; x_wconf 81' lang='lat' dir='ltr'><strong>nonumque</strong></span> <span class='ocrx_word' id='word_1_81' title='bbox 823 2255 982 2324; x_wconf 79' lang='lat' dir='ltr'><strong>prematur</strong></span> <span class='ocrx_word' id='word_1_82' title='bbox 1010 2249 1043 2308; x_wconf 81' lang='lat' dir='ltr'><strong>in</strong></span> 
     </span>
     <span class='ocr_line' id='line_1_15' title="bbox 42 2345 1041 2424; baseline -0.004 -16"><span class='ocrx_word' id='word_1_83' title='bbox 42 2365 173 2422; x_wconf 82' lang='lat' dir='ltr'><strong>annum,</strong></span> <span class='ocrx_word' id='word_1_84' title='bbox 197 2345 298 2405; x_wconf 85' lang='lat' dir='ltr'><strong>dabam</strong></span> <span class='ocrx_word' id='word_1_85' title='bbox 316 2347 351 2404; x_wconf 90' lang='lat' dir='ltr'><strong>iis</strong></span> <span class='ocrx_word' id='word_1_86' title='bbox 368 2348 471 2421; x_wconf 90' lang='lat' dir='ltr'><strong>otium,</strong></span> <span class='ocrx_word' id='word_1_87' title='bbox 490 2355 535 2422; x_wconf 90' lang='lat' dir='ltr'><strong>ut,</strong></span> <span class='ocrx_word' id='word_1_88' title='bbox 555 2347 730 2424; x_wconf 85' lang='lat' dir='ltr'><strong>refrigerato</strong></span> <span class='ocrx_word' id='word_1_89' title='bbox 746 2347 916 2406; x_wconf 86' lang='lat' dir='ltr'><strong>inventionis</strong></span> <span class='ocrx_word' id='word_1_90' title='bbox 934 2363 1041 2421; x_wconf 89' lang='lat' dir='ltr'><strong>amore,</strong></span> 
     </span>
     <span class='ocr_line' id='line_1_16' title="bbox 43 2442 1070 2524; baseline 0.002 -21"><span class='ocrx_word' id='word_1_91' title='bbox 43 2442 214 2520; x_wconf 84' lang='lat' dir='ltr'><strong>diligentius</strong></span> <span class='ocrx_word' id='word_1_92' title='bbox 237 2442 380 2520; x_wconf 76' lang='lat' dir='ltr'><strong>&#39;repetitos</strong></span> <span class='ocrx_word' id='word_1_93' title='bbox 402 2451 536 2521; x_wconf 90' lang='lat' dir='ltr'><strong>tanquam</strong></span> <span class='ocrx_word' id='word_1_94' title='bbox 557 2444 652 2504; x_wconf 87' lang='lat' dir='ltr'><strong>lector</strong></span> <span class='ocrx_word' id='word_1_95' title='bbox 672 2444 892 2524; x_wconf 85' lang='lat' dir='ltr'><strong>perpenderem.</strong></span> <span class='ocrx_word' id='word_1_96' title='bbox 938 2443 996 2504; x_wconf 87' lang='lat' dir='ltr'><strong>Sed</strong></span> <span class='ocrx_word' id='word_1_97' title='bbox 1018 2446 1070 2505; x_wconf 84' lang='lat' dir='ltr'><strong>si3</strong></span> 
     </span>
     <span class='ocr_line' id='line_1_17' title="bbox 42 2539 1041 2621; baseline 0.002 -23"><span class='ocrx_word' id='word_1_98' title='bbox 42 2548 199 2619; x_wconf 84' lang='lat' dir='ltr'><strong>tantopere</strong></span> <span class='ocrx_word' id='word_1_99' title='bbox 223 2539 416 2617; x_wconf 82' lang='lat' dir='ltr'><strong>efflagitantur</strong></span> <span class='ocrx_word' id='word_1_100' title='bbox 437 2559 521 2619; x_wconf 86' lang='lat' dir='ltr'><strong>quam</strong></span> <span class='ocrx_word' id='word_1_101' title='bbox 545 2552 574 2602; x_wconf 92' lang='lat' dir='ltr'><strong>tu</strong></span> <span class='ocrx_word' id='word_1_102' title='bbox 596 2543 739 2618; x_wconf 89' lang='lat' dir='ltr'><strong>aiiirmas,</strong></span> <span class='ocrx_word' id='word_1_103' title='bbox 762 2543 956 2621; x_wconf 82' lang='lat' dir='ltr'><strong>permittamus</strong></span> <span class='ocrx_word' id='word_1_104' title='bbox 976 2541 1041 2601; x_wconf 87' lang='lat' dir='ltr'><strong>vela</strong></span> 
     </span>
     <span class='ocr_line' id='line_1_18' title="bbox 42 2638 1042 2718; baseline 0.001 -23"><span class='ocrx_word' id='word_1_105' title='bbox 42 2639 138 2698; x_wconf 81' lang='lat' dir='ltr'><strong>ventis</strong></span> <span class='ocrx_word' id='word_1_106' title='bbox 162 2646 191 2696; x_wconf 86' lang='lat' dir='ltr'><strong>et</strong></span> <span class='ocrx_word' id='word_1_107' title='bbox 212 2654 292 2697; x_wconf 88' lang='lat' dir='ltr'><strong>oram</strong></span> <span class='ocrx_word' id='word_1_108' title='bbox 307 2638 487 2698; x_wconf 85' lang='lat' dir='ltr'><strong>solventibus</strong></span> <span class='ocrx_word' id='word_1_109' title='bbox 505 2640 580 2699; x_wconf 89' lang='lat' dir='ltr'><strong>hene</strong></span> <span class='ocrx_word' id='word_1_110' title='bbox 604 2658 767 2718; x_wconf 88' lang='lat' dir='ltr'><strong>precemur.</strong></span> <span class='ocrx_word' id='word_1_111' title='bbox 812 2639 929 2700; x_wconf 89' lang='lat' dir='ltr'><strong>llultunr</strong></span> <span class='ocrx_word' id='word_1_112' title='bbox 948 2647 1042 2697; x_wconf 90' lang='lat' dir='ltr'><strong>autem</strong></span> 
     </span>
     <span class='ocr_line' id='line_1_19' title="bbox 41 2736 1039 2815; baseline 0.001 -21"><span class='ocrx_word' id='word_1_113' title='bbox 41 2736 69 2794; x_wconf 95' lang='lat' dir='ltr'><strong>in</strong></span> <span class='ocrx_word' id='word_1_114' title='bbox 91 2744 141 2795; x_wconf 87' lang='lat' dir='ltr'><strong>tua</strong></span> <span class='ocrx_word' id='word_1_115' title='bbox 164 2752 282 2814; x_wconf 86' lang='lat' dir='ltr'><strong>quoqne</strong></span> <span class='ocrx_word' id='word_1_116' title='bbox 301 2737 358 2796; x_wconf 88' lang='lat' dir='ltr'><strong>lide</strong></span> <span class='ocrx_word' id='word_1_117' title='bbox 381 2755 416 2797; x_wconf 90' lang='lat' dir='ltr'><strong>ao</strong></span> <span class='ocrx_word' id='word_1_118' title='bbox 437 2738 585 2815; x_wconf 80' lang='lat' dir='ltr'><strong>diligentia</strong></span> <span class='ocrx_word' id='word_1_119' title='bbox 605 2740 731 2815; x_wconf 91' lang='lat' dir='ltr'><strong>positum</strong></span> <span class='ocrx_word' id='word_1_120' title='bbox 751 2747 812 2813; x_wconf 87' lang='lat' dir='ltr'><strong>est,</strong></span> <span class='ocrx_word' id='word_1_121' title='bbox 843 2746 873 2796; x_wconf 89' lang='lat' dir='ltr'><strong>ut</strong></span> <span class='ocrx_word' id='word_1_122' title='bbox 893 2739 922 2796; x_wconf 93' lang='lat' dir='ltr'><strong>in</strong></span> <span class='ocrx_word' id='word_1_123' title='bbox 942 2755 1039 2795; x_wconf 84' lang='lat' dir='ltr'><strong>manua</strong></span> 
     </span>
     <span class='ocr_line' id='line_1_20' title="bbox 42 2833 685 2912; baseline 0.002 -18"><span class='ocrx_word' id='word_1_124' title='bbox 42 2833 187 2894; x_wconf 87' lang='lat' dir='ltr'><strong>hominurn</strong></span> <span class='ocrx_word' id='word_1_125' title='bbox 211 2852 295 2912; x_wconf 85' lang='lat' dir='ltr'><strong>quam</strong></span> <span class='ocrx_word' id='word_1_126' title='bbox 315 2835 537 2895; x_wconf 89' lang='lat' dir='ltr'><strong>emendatissimi</strong></span> <span class='ocrx_word' id='word_1_127' title='bbox 560 2838 685 2895; x_wconf 85' lang='lat' dir='ltr'><strong>veniant.</strong></span> 
     </span>
    </p>
   </div>
   <div class='ocr_carea' id='block_1_6' title="bbox 84 3571 272 3618">
    <p class='ocr_par' dir='ltr' id='par_1_6' title="bbox 84 3571 272 3618">
     <span class='ocr_line' id='line_1_21' title="bbox 84 3571 272 3618; baseline -0.005 -9"><span class='ocrx_word' id='word_1_128' title='bbox 84 3572 112 3610; x_wconf 85' lang='lat' dir='ltr'><strong>n.</strong></span> <span class='ocrx_word' id='word_1_129' title='bbox 123 3571 148 3609; x_wconf 78' lang='lat' dir='ltr'><strong>s.</strong></span> <span class='ocrx_word' id='word_1_130' title='bbox 163 3571 272 3618; x_wconf 82' lang='lat' dir='ltr'><strong>ournnrn.</strong></span> 
     </span>
    </p>
   </div>
   <div class='ocr_carea' id='block_1_7' title="bbox 0 0 1222 3925">
    <p class='ocr_par' dir='ltr' id='par_1_7' title="bbox 0 0 1222 3925">
     <span class='ocr_line' id='line_1_22' title="bbox 0 0 1222 3925; baseline 0 1"><span class='ocrx_word' id='word_1_131' title='bbox 0 0 1222 3925; x_wconf 95' lang='lat' dir='ltr'><strong> </strong></span> 
     </span>
    </p>
   </div>
  </div>
 </body>
</html>
