2434 3925
166 178 225 242 178
473 192 833 255 mnemomunmmur

162 347 272 410 marito
292 348 379 425 dicit,
402 347 589 427 appellatam
609 367 644 410 ee
663 349 704 412 de
724 358 830 428 stupro
850 367 871 411 o
888 351 1034 430 privigno
1050 355 1081 414 et
1097 352 1164 416 sibi

164 433 353 494 consitutum
373 443 489 511 tempus
509 439 539 493 et
559 433 677 505 boum,-
697 435 805 496 eodem
821 443 930 496 contro
947 435 1030 513 fitius
1049 436 1162 499 detulit

163 516 203 577 de
222 534 372 591 ncomea,
394 518 473 578 edito
489 524 605 577 tuntum
620 518 681 578 otio
694 517 827 595 tempore
844 534 884 579 ce
905 520 987 591 icem·
1009 528 1102 598 pater
1122 522 1161 582 in

163 618 215 677 eo,
243 616 331 678 quem
351 618 433 662 uuor
449 601 673 678 praedixerat,
699 601 794 678 fitium
815 603 944 679 inuenit,
972 611 1034 664 tum
1053 604 1086 663 in
1106 622 1158 680 eo,

162 699 250 760 quem
267 683 357 761 fitius,
378 702 526 754 umorem
540 685 625 746 mom
639 686 824 761 repudiauit,
847 694 1040 763 praeiacente
1058 686 1159 763 fitium

71 844 73 849 Ι
161 767 295 832 abdicat.
324 767 401 827 Nihil
415 767 471 827 dici
486 776 583 845 potest
597 786 651 846 pro
666 770 780 843 iuvene,
798 768 873 846 quod
889 770 1030 830 nunidem
1046 772 1083 830 sit
1097 788 1155 848 pro

123 857 299 912 99noverca.
333 850 477 911 Ponentur
497 860 590 910 tamen
610 854 694 911 etiam
714 854 885 920 communia;
909 853 1011 915 deiude
1029 871 1067 912 ex
1084 871 1156 931 per·

163 951 295 993 sonarum
316 936 693 1013 comparationem-indicii
713 936 813 996 ordine
835 944 865 995 et
887 937 1002 996 silentio
1018 937 1156 1015 repudia·

105 1026 208 1079 100tae
222 1027 388 1095 argumenta
402 1019 549 1078 ducentur.
584 1019 629 1078 Ne
651 1019 722 1079 iliud
744 1020 857 1097 quidem
872 1021 1006 1097 ignorare
1022 1029 1156 1098 oportet,

161 1102 299 1179 quaedam
316 1120 398 1177 esse,
421 1120 494 1179 quae
514 1102 643 1161 colorem
668 1119 725 1161 non
747 1104 887 1181 recipiant
905 1104 960 1164 sed
977 1113 1082 1164 tantum
1101 1104 1156 1164 de·

160 1186 302 1246 fendenda
321 1188 393 1260 sint,
418 1186 509 1263 qualis
527 1195 571 1245 est
586 1186 636 1245 ille
658 1187 761 1262 dices,
788 1189 840 1263 qut
857 1196 990 1249 statuam
1004 1192 1158 1266 pauperis

159 1270 275 1331 inimiici
287 1266 418 1348 depellis
432 1270 544 1330 cecidit
563 1279 592 1328 et
612 1287 679 1329 reus
700 1278 745 1329 est
764 1272 942 1339 iniuriarum
964 1289 1028 1331 nam
1046 1270 1157 1331 factum

160 1354 223 1412 eius
245 1353 403 1413 modestum
430 1370 497 1412 esse
517 1370 601 1413 nemo
624 1353 745 1430 dixerit,
770 1354 912 1431 fortasse,
942 1364 972 1414 ut
991 1357 1028 1415 sit
1051 1364 1155 1428 tutum,

163 1436 311 1496 obtinebit.

104 1539 153 1591 101
177 1554 180 1561 =
244 1518 354 1593 Quodsi
375 1538 461 1598 pars
485 1520 674 1598 expositionis
694 1521 897 1598 pronubis,
916 1540 999 1600 pars
1021 1531 1155 1587 contre

160 1620 230 1663 nos
247 1605 315 1662 erit:
331 1604 476 1664 miscenda
492 1606 528 1662 sit
544 1623 580 1665 an
597 1604 756 1682 separanda
771 1608 907 1680 narratio,
924 1625 987 1665 cum
1004 1607 1066 1684 ipsa
1081 1623 1154 1665 con·

161 1689 274 1750 dicione
287 1705 392 1747 causae
413 1688 625 1748 deliberandum
646 1697 699 1746 est.
731 1687 802 1747 Nam
823 1691 847 1748 si
871 1689 952 1767 plura
973 1698 1053 1764 sunt,
1076 1707 1155 1766 quae

159 1780 282 1831 nocent:
299 1789 371 1850 quae
389 1781 525 1850 prosunt,
543 1770 708 1834 obruuntur.
737 1771 836 1851 Itaque
851 1782 918 1833 tunc
934 1774 1062 1834 dividere
1077 1778 1154 1851 opti·

158 1872 233 1915 mum
250 1857 322 1931 erit,
339 1856 442 1931 ethis,
459 1874 533 1934 quae
548 1865 657 1934 partem
672 1864 796 1914 nostram
812 1856 992 1932 adiuvabant,
1010 1859 1155 1935 expositis

160 1947 189 1999 et
206 1939 387 2015 confirmatis,
405 1941 543 2001 adversus
558 1939 670 2019 reliqua
681 1942 721 2000 uti
734 1940 879 2016 remediis,
894 1941 930 2001 de
947 1940 1049 2019 quibus
1063 1960 1154 2019 supra

102 2024 263 2092 loadictum
278 2033 331 2084 est.
360 2023 391 2085 Si
409 2026 492 2103 plura
507 2025 678 2102 proderunt:
693 2026 776 2084 etiam
791 2027 967 2102 coniungere
983 2025 1090 2100 iicebit,
1107 2036 1153 2102 ut,

161 2125 235 2185 quae
257 2107 384 2182 obstant,
410 2110 439 2167 in
454 2109 555 2167 mediis
577 2109 656 2168 velut
680 2109 793 2169 auxiliis
813 2112 920 2168 nostris
942 2111 1037 2187 posita
1059 2110 1154 2168 minus

160 2190 284 2252 habeant
302 2193 410 2251 virium.
448 2190 529 2265 Quae
550 2202 720 2251 tamennon
741 2202 823 2251 erunt
837 2193 911 2253 nuda
928 2193 1076 2270 ponenda,
1096 2193 1154 2253 sed

160 2281 190 2334 ut
205 2283 234 2333 et
248 2283 346 2334 nostra
360 2275 453 2352 aliqua
467 2278 711 2352 argumentatione
730 2275 888 2351 firmemus,
912 2286 940 2336 et
963 2277 1076 2337 diversa
1099 2295 1155 2336 cur

161 2357 310 2418 credibilia
324 2375 381 2417 non
399 2361 471 2433 sint,
487 2360 664 2427 adiiciamus;
686 2361 767 2437 quia,
790 2361 844 2419 uisi
857 2359 1084 2437 distinxerimus,
1099 2378 1153 2420 ve·

160 2440 279 2501 rendum
294 2450 348 2517 est,
364 2460 400 2500 ue
414 2442 488 2501 bona
504 2452 601 2502 nostra
618 2446 766 2521 permixtis
781 2444 862 2503 maiis
877 2446 1067 2521 inquinentur.

103 2537 154 2593 103
242 2524 296 2584 llln
316 2533 432 2603 quoque
451 2526 488 2585 de
509 2530 671 2586 narratione
691 2529 821 2605 praecipi
844 2527 955 2603 solent,
982 2546 1018 2586 ue
1037 2546 1091 2605 qua
1114 2547 1155 2590 ex

159 2625 194 2668 ea
210 2609 258 2669 dat
273 2611 418 2684 excursio,
434 2628 470 2669 ue
487 2619 661 2672 evertatura
677 2611 771 2670 iudice
788 2628 894 2687 sermo,
909 2630 946 2671 ne
960 2612 1071 2671 alienae
1083 2630 1153 2689 per·

159 2709 249 2752 sonae
277 2710 379 2752 vocem
403 2693 518 2769 demus,
544 2712 581 2752 ue
606 2703 852 2772 argumentemur,
879 2696 1013 2756 adiiciunt
1039 2695 1156 2772 quidam

159 2778 259 2852 etiam,
274 2795 311 2836 ue
325 2784 434 2836 utamur
447 2776 614 2846 affectibus;
634 2796 753 2856 quorum
775 2778 915 2857 pleraque
937 2788 1001 2839 sunt
1016 2780 1154 2856 frequen·

159 2861 268 2920 tissime
293 2859 494 2936 custodienda,
515 2864 571 2921 imo
593 2881 750 2939 nunquam,
773 2864 827 2921 uisi
846 2865 919 2922 ratio
934 2864 1076 2940 coegerit,
1090 2881 1154 2923 mu-

102 2943 253 3007 locanda.
284 2944 321 3005 Ut
335 2945 372 3003 sit
387 2945 530 3023 expositio
545 2949 699 3024 perspicua
712 2954 740 3005 et
754 2945 867 3021 brevis,
883 2947 952 3006 nibil
968 2947 1081 3024 quidem
1094 2956 1155 3007 tam

159 3044 224 3087 raro
239 3030 345 3106 poterit
358 3027 467 3089 babere
479 3030 618 3088 rationem
634 3047 717 3107 quam
735 3032 929 3098 excursio;
954 3048 1009 3092 uec
1028 3047 1154 3108 unquam

160 3109 277 3171 debebit
297 3129 363 3171 esse
386 3112 440 3171 nisi
458 3111 555 3171 brevis
571 3123 600 3172 et
612 3114 696 3188 talis,
717 3122 748 3173 ut
771 3115 800 3172 vi
815 3114 935 3191 quadam
949 3114 1096 3174 videamur
1110 3115 1154 3174 af·

158 3195 253 3254 fectus
267 3195 347 3254 velut
362 3204 443 3255 recto
462 3197 564 3257 itinere
580 3197 712 3275 depulsi,
729 3196 821 3276 qualis
841 3207 886 3256 est
903 3196 1055 3258 Ciceronis
1074 3199 1154 3259 circa

101 3279 270 3357 lotnuptias
296 3280 410 3339 Sasiae:
441 3277 620 3342 Omuiierie
643 3281 746 3343 scetus
772 3281 952 3343 incredibite
978 3291 1007 3343 et
1024 3291 1155 3361 praeter

159 3362 241 3425 banc
259 3381 351 3424 auom
379 3363 412 3422 io
434 3366 515 3426 omui
534 3366 598 3427 citu
618 3365 807 3426 inauditum!
844 3363 869 3425 0
889 3366 1043 3427 libidinem
1061 3364 1154 3448 effre·

158 3456 263 3514 aotam
289 3453 318 3511 et
338 3446 530 3509 ademtam!
574 3446 599 3508 0
629 3449 795 3511 andedam
820 3449 1025 3528 singularem!
1053 3468 1156 3513 bonite
