2434 3925
190 225 252 290 266
504 238 635 287 nurus
652 238 870 300 cummanum

191 395 266 454 enim
287 400 345 453 tarn
366 400 412 453 est
431 390 536 468 Lysiae
557 391 711 451 diversum.
745 390 921 470 Negahunt.·
941 395 1089 456 Ateius
1113 388 1185 477 sold

193 477 340 556 principes
356 486 502 537 oratorum
517 474 604 535 dedit.
633 475 794 549 Quaeratur
809 478 929 537 similius
944 480 1089 558 aliquid.
1119 482 1185 559 llypr

190 561 269 622 rides
290 558 424 620 Atticus?
447 557 545 620 Certe.
578 559 619 619 At
638 558 704 637 plus
725 560 841 621 indulsit
862 562 1024 641 voluptati.
1079 566 1185 643 uram

189 644 347 724 plurimos,
377 643 555 721 Lycurgum,
579 643 779 721 Aristogitona
805 645 897 705 ethis
920 648 1053 724 priores
1085 650 1185 727 lsaenq'

190 729 409 809 Antiphontem
432 744 521 806 quos,
537 735 568 786 ut
583 727 725 803 homines,
742 730 816 788 inter
831 748 865 789 se
878 748 994 807 genere
1014 730 1186 794 similes!

148 812 317 874 atterentes
334 812 441 873 dixeris
459 813 571 889 specie.
598 810 674 885 Quid
688 810 754 887 illc,
771 813 851 873 cuins
869 813 955 873 modo
972 815 1119 877 fecimus
1135 835 1186 876 naas

190 899 314 972 tionem,
336 892 520 955 Aeschines?
547 912 642 953 nonne
660 895 704 955 his
721 896 806 956 latior
823 907 852 957 et
867 898 1027 959 audentior
1051 910 1089 960 et
1112 898 1186 962 exos

189 978 271 1042 sior?
298 979 373 1055 Quid
388 980 511 1058 deniqne
529 977 764 1039 Demosthenes?
785 999 843 1040 non
859 992 982 1042 cunctos
1001 984 1087 1044 illos
1106 995 1186 1046 tenrc

191 1074 221 1127 et
236 1065 464 1141 circumspectos
477 1063 516 1140 vi,
533 1062 718 1138 sublimitate,
733 1065 852 1142 impetu,
869 1067 957 1141 cultu,
976 1072 1187 1147 compositius

191 1144 360 1227 superavit?
382 1165 440 1206 non
451 1148 572 1223 insurgit
582 1143 678 1207 locis?
695 1164 753 1207 non
765 1149 863 1225 liguris
875 1148 1009 1227 gaudet?
1033 1171 1105 1212 non
1118 1164 1187 1213 trans

191 1231 346 1294 lationihus
370 1228 461 1291 nitet?
492 1247 550 1290 non
574 1233 706 1290 oratione
730 1232 795 1293 dcta
817 1233 865 1293 dat
882 1235 1056 1295 tacentibus
1078 1232 1186 1297 vocenl

148 1315 247 1377 24non
267 1316 338 1376 illud
357 1315 550 1375 iusiurandum
567 1333 621 1392 per
636 1332 740 1375 caesos
757 1318 785 1375 iu
802 1316 969 1378 Marathone
992 1338 1030 1379 ac
1052 1322 1188 1382 Salamin

189 1408 423 1481 propugnatores
436 1401 480 1459 rel
496 1397 631 1478 publicae
646 1402 717 1459 satis
731 1401 884 1461 manifesto
898 1403 998 1478 docet,
1015 1415 1188 1483 praecepto

189 1502 251 1546 reru
266 1485 327 1543 eius
341 1483 490 1543 Platonem
506 1483 621 1543 inisse?
643 1501 728 1561 quem
743 1487 836 1562 ipsum
850 1504 916 1545 num
930 1485 1082 1548 Asianum
1103 1487 1187 1568 appel

190 1568 312 1629 labimus
341 1567 513 1645 plerumque
539 1568 680 1626 instinctis
712 1568 807 1629 divino
834 1571 935 1649 spiritu
965 1571 1096 1631 vatibus
1125 1590 1185 1632 con

190 1648 367 1731 parandum?
403 1650 477 1724 Quid
502 1648 657 1711 Periclea?
689 1653 848 1713 similemue
877 1655 1022 1715 credimus
1052 1655 1184 1731 Lysiacae

189 1736 360 1814 gracilitati,
392 1753 478 1813 quem
496 1734 660 1795 fulminibus
685 1745 714 1796 et
736 1737 859 1796 coelesti
883 1738 994 1814 fragori
1022 1749 1184 1819 comparant

147 1819 182 1874 25
191 1819 317 1895 Comici,
339 1819 404 1879 dum
429 1819 471 1879 illi
494 1816 712 1879 conviciantur?
741 1819 817 1895 Quid
839 1830 885 1881 est
905 1823 1008 1899 igitur,
1033 1842 1097 1882 cur
1117 1827 1182 1883 iniis

190 1906 319 1980 demum,
343 1905 391 1982 qui
406 1904 485 1964 tenui
500 1903 604 1964 venula
620 1921 674 1982 per
689 1903 819 1965 calculos
832 1904 936 1981 llucnt,
958 1905 1095 1968 Atticum
1112 1924 1181 1987 sapa

189 2008 251 2051 rem
267 1985 387 2067 putent?
400 1987 451 2047 ihi
467 1988 579 2048 demum
594 1987 720 2062 thymum
733 1988 871 2051 redolere
886 1987 1001 2050 dicant?
1031 1990 1122 2063 Quos
1138 2008 1180 2068 ego

191 2076 336 2147 existimo,
353 2074 378 2131 si
393 2071 513 2150 quadiu
528 2071 572 2131 his
589 2071 691 2132 linibus
707 2072 826 2133 ulterius
840 2075 1002 2146 invenerint
1020 2076 1122 2135 solunr
1137 2077 1179 2136 ter·

190 2159 354 2219 tilioremve
379 2166 529 2233 segetem,
556 2165 713 2235 negaturos
739 2157 864 2217 Atticam
890 2176 973 2233 esse,
1005 2160 1090 2236 qnod
1117 2161 1177 2238 plus

191 2260 275 2320 quant
290 2243 455 2320 acceperit,
471 2241 586 2300 seminis
604 2240 719 2314 reddat3
742 2243 807 2319 quia
822 2241 896 2300 hanc
912 2244 974 2301 eius
987 2250 1092 2302 terrae
1109 2245 1177 2304 lidan

149 2325 347 2385 sollemniter
361 2324 460 2385 eludit.
494 2323 537 2384 lta
552 2341 642 2399 nunc,
666 2325 691 2383 si
707 2328 772 2402 quis
792 2325 827 2385 ad
844 2344 894 2385 eas
908 2325 1121 2387 Demosthenis
1134 2330 1176 2387 nir

191 2418 285 2483 tutes,
308 2427 380 2487 quas
395 2408 445 2468 ille
462 2427 587 2468 summus
603 2417 703 2468 orator
717 2407 833 2484 habuit,
855 2418 950 2469 tamen
967 2427 1043 2488 quae
1060 2411 1176 2472 defuisse

193 2493 220 2553 ei
239 2493 302 2551 sive
323 2493 412 2570 ipsius
434 2501 533 2553 natura
556 2511 608 2552 seu
622 2492 694 2569 lege
718 2493 841 2553 civitatis
860 2493 1008 2568 videntur,
1036 2495 1174 2557 adiecerit.

191 2586 222 2637 ut
239 2576 360 2637 allectus
377 2577 546 2635 concitatius
562 2585 693 2651 moveat,
719 2576 830 2637 audiam
844 2577 1004 2651 dicentem,
1030 2576 1103 2640 Non
1117 2582 1176 2660 sccii

192 2658 492 2724 hchemoslheaes?
511 2662 580 2719 etsi
595 2660 663 2737 quid
678 2662 782 2719 exierit
796 2663 921 2720 numeris
936 2663 1029 2739 aptius
1045 2661 1176 2737 (fortasse

192 2763 249 2805 non
272 2746 381 2824 possit;
409 2743 461 2803 sed
480 2752 575 2802 tamen
595 2745 621 2803 si
642 2743 709 2821 qnid
732 2746 852 2824 exierit)
878 2762 936 2804 non
959 2746 1012 2804 erit
1035 2745 1174 2808 Atticum?

193 2829 295 2889 llelius
319 2828 433 2889 dehoc
456 2829 570 2887 nomine
594 2829 718 2888 sentiant
740 2830 934 2909 credantque,
963 2826 1060 2889 Attice
1091 2833 1174 2893 dicere

194 2931 261 2973 esse
278 2913 386 2990 optime
403 2911 511 2972 dicere.

150 2991 185 3046 Ἦ
276 2996 373 3074 Atque
398 2999 426 3056 in
451 2995 507 3056 hac
533 3004 628 3056 tamen
652 2997 788 3073 opinione
814 3005 1037 3073 perseverantes
1056 2996 1173 3061 Graecos

193 3081 285 3156 magis
301 3080 423 3139 tulerim.
463 3079 589 3139 Latina
609 3079 677 3138 mihi
693 3080 877 3155 facundia,
896 3090 927 3139 ut
942 3083 1123 3160 inventione,
1141 3084 1170 3143 di·

195 3164 372 3241 spositione,
401 3163 541 3238 consilio,
571 3164 677 3222 ceteris
701 3163 784 3222 huius
807 3166 924 3240 generis
951 3163 1058 3224 artibus
1085 3168 1169 3227 similis

195 3245 325 3307 Graecae
341 3264 375 3306 ac
391 3263 510 3325 prorsus
525 3246 666 3323 discipula
682 3249 744 3305 eins
758 3247 881 3323 videtur,
897 3249 936 3306 ita
952 3249 1029 3308 circa
1044 3253 1167 3311 ratiocen

195 3329 351 3407 eloquendi
367 3332 415 3389 vix
438 3328 546 3389 hahere
568 3332 731 3390 imitationis
753 3330 857 3390 locum.
896 3329 1024 3408 Namque
1046 3342 1092 3393 est
1113 3335 1165 3412 ipsis

194 3415 289 3474 statim
308 3415 386 3472 sonis
402 3413 517 3489 durior,
541 3413 654 3490 qnando
671 3424 699 3473 et
718 3415 933 3474 iucundissimas
952 3432 989 3474 ex
1004 3414 1121 3477 Graecis
1133 3418 1164 3477 lit·

197 3507 273 3558 teras
292 3514 350 3557 uon
366 3496 519 3613 hapemus‚
543 3498 676 3558 vocalem
692 3498 812 3558 alteram
828 3497 948 3559 alteram
967 3512 1162 3574 consonantem.
