2434 3925
159 200 200 263 68
462 212 819 274 nuncupassemus

157 377 202 427 est
216 368 450 440 ratiocinationis,
466 374 497 426 ut
511 366 587 445 quod
603 386 641 429 ex
657 368 758 428 eodem
773 386 859 428 eausa
874 369 947 427 inter
961 377 1054 429 status
1076 389 1161 450 quo·

116 461 212 529 ltque
229 451 392 511 habeamus.
421 451 470 511 Sic
486 460 514 510 et
530 451 798 529 ex·insequeutibus
814 452 995 528 amplificatio
1013 454 1160 524 ducitur:

156 535 294 614 siquidem
311 544 386 595 tanta
401 537 445 593 vis
460 534 512 593 init
525 536 582 593 vini
599 537 788 613 erumpentis,
810 545 840 594 ut
860 553 916 594 non
939 554 1038 596 casum
1054 540 1160 599 affer-

139 628 200 678 ret
215 627 262 678 aut
276 617 451 678 voluntatem
476 618 528 678 sed
554 621 774 693 necessitatem,
802 619 849 678 ubi
874 621 986 679 minimo
1008 622 1157 699 deceret,

155 701 303 768 vomendi;
322 712 351 762 et
366 702 446 763 cibus
462 719 518 759 nou
533 719 648 777 recens,
662 712 691 761 ut
703 703 837 762 accidere
848 705 957 762 interim
970 705 1062 778 solet,
1084 707 1158 767 red·

155 786 285 861 deretur,
306 786 358 846 sed
375 804 465 865 usque
483 787 511 843 iu
525 794 673 863 posterum
688 787 761 847 diem
776 787 956 846 redundaret.
990 787 1077 848 Idem
1096 791 1158 850 boc

114 880 310 948 lopraestant,
327 878 644 954 quaepanteoesserunt.
688 868 759 929 Nam
780 887 841 929 cum
864 870 974 930 Aeolus
995 889 1011 930 a
1033 872 1156 933 lunone

154 964 270 1030 rogatus

317 1069 360 1078 —
374 1055 481 1098 cunum
497 1056 644 1098 conuerso
660 1040 787 1115 conpede
800 1046 928 1098 montem

247 1119 369 1199 Impulit
381 1122 413 1181 in
427 1122 519 1196 lutus,
540 1140 579 1182 nc
594 1123 675 1183 nenti
688 1123 769 1181 uelut
788 1124 907 1200 opnione
918 1122 1001 1200 facto

255 1203 323 1277 Ono
340 1207 415 1265 doto
428 1214 537 1283 porto,
556 1213 666 1265 mount:
688 1239 723 1249 -

115 1297 285 1367 19apparet,
304 1297 406 1365 quanta
423 1291 459 1346 sit
478 1288 570 1348 futura
587 1297 754 1365 tempestas.
792 1284 886 1360 Quid?
909 1306 971 1346 oum
992 1307 1041 1347 res
1067 1300 1150 1349 atro·

156 1374 301 1446 cissimas,
324 1389 452 1449 quasque
467 1374 494 1430 in
510 1390 644 1431 summam
659 1373 714 1449 ipsi
730 1370 881 1431 extulimus
895 1371 1026 1431 invidiam
1042 1373 1149 1434 eleva·

74 1495 77 1500 -
155 1473 216 1513 mus
232 1455 380 1529 consulto,
401 1471 457 1532 quo
472 1457 606 1531 graviora
627 1456 790 1528 videantur,
812 1472 885 1532 quae
908 1465 1041 1514 secutura
1059 1468 1147 1517 suut:

155 1547 185 1597 ut
200 1556 215 1597 a
232 1536 373 1598 Cicerone
390 1538 493 1598 iactum
511 1549 565 1614 est,
583 1557 645 1599 cum
661 1538 710 1598 illa
726 1539 850 1612 diceret,
875 1536 966 1599 Lenia
981 1549 1050 1601 nunt
1064 1541 1148 1602 baec

154 1624 185 1682 in
201 1623 257 1683 boc
269 1641 331 1682 reo.
358 1620 466 1683 dietum
486 1625 643 1701 circorum
656 1623 833 1684 panaretos
847 1623 1049 1690 umbilismnuoe
1065 1627 1146 1685 cini·

155 1708 226 1766 talin
241 1710 337 1784 prelio
354 1710 497 1767 redemit:
512 1708 673 1768 bumannum
685 1715 738 1768 esi.
773 1704 875 1777 Alios,
895 1727 934 1767 no
948 1709 1051 1767 securi
1064 1709 1145 1785 feri·

115 1798 250 1865 duretur,
264 1792 423 1868 pecuniam
438 1792 538 1851 dedit:
553 1792 696 1851 notatum
716 1798 770 1850 est.
797 1788 898 1850 Nonne
909 1808 977 1849 usus
993 1799 1038 1849 est
1052 1793 1144 1851 ratio-

156 1875 313 1948 cinatione,
337 1892 392 1952 qua
416 1874 587 1951 colligerent
609 1874 775 1949 audientes,
804 1883 935 1950 quantum
958 1873 1027 1932 illud
1048 1885 1143 1950 esset,

155 1957 232 2037 qnod
248 1959 437 2034 inferebatur,
459 1960 504 2018 cui
520 1967 682 2036 comparata
697 1957 769 2018 baec
784 1956 948 2018 viderentur
961 1958 1082 2018 hnmana
1101 1969 1142 2018 at·
1168 1971 1171 1976 ·

159 2061 214 2120 que
232 2041 355 2102 usitata‘.l
389 2045 437 2102 Sic
452 2060 567 2121 qnoque
583 2043 659 2102 solet
675 2061 712 2103 en
727 2043 784 2102 alio
800 2042 875 2103 aliud
890 2044 1004 2118 augeri:
1028 2050 1058 2101 ut
1074 2061 1140 2102 cum

156 2126 319 2186 Hannibalis
342 2125 455 2186 bellicis
478 2126 607 2186 laudibus
634 2126 783 2203 ampliatur
811 2127 900 2185 virtus
923 2126 1086 2202 Scipionis,
1112 2135 1141 2185 ot

156 2209 349 2269 fortitudinem
365 2210 508 2270 Gallorum
526 2209 786 2287 Germanorumque
797 2211 939 2284 minamur,
958 2226 1014 2286 quo
1029 2209 1065 2268 sit
1082 2228 1140 2269 ma·

78 2316 81 2325 ·
115 2293 200 2353 tlior
220 2290 252 2352 G.
274 2291 407 2352 Caesaris
427 2294 529 2370 gloria.
571 2293 644 2353 lllud
672 2310 787 2371 quoque
811 2302 856 2352 est
883 2312 920 2353 ex
941 2292 1081 2352 relatione
1096 2293 1139 2351 ad

156 2376 272 2453 aliquid,
289 2377 364 2452 quod
380 2393 436 2435 non
451 2379 512 2435 eius
528 2378 570 2437 rei
580 2380 670 2454 gnatia
683 2378 786 2437 dictum
801 2376 923 2451 videtur,
943 2376 1139 2453 amplificatio·

156 2462 199 2517 nis
214 2477 314 2535 genus.
357 2459 422 2519 Non
442 2469 540 2538 putant
562 2461 706 2539 indignum
727 2459 840 2520 Troiani
854 2462 1015 2538 principes,
1038 2459 1138 2519 Graios

157 2542 354 2620 Troianosque
368 2553 488 2621 propter
503 2544 631 2604 Helenae
647 2544 774 2622 speciem
789 2552 832 2602 tot
848 2543 921 2604 mala
937 2553 1014 2604 tanto
1028 2553 1137 2621 tempo·

157 2628 196 2686 ris
211 2629 304 2705 spatio
320 2629 477 2686 sustinere:
496 2645 634 2705 quaenam
651 2630 735 2705 igitur
749 2627 799 2687 illa
813 2627 903 2688 forma
916 2627 1056 2687 credenda
1071 2625 1137 2686 cst?

156 2710 219 2770 Non
236 2712 309 2771 enim
324 2710 380 2770 hoo
397 2711 464 2771 dicit
477 2710 572 2786 Paris,
589 2713 636 2789 qni
652 2713 759 2789 rapuit,
775 2728 832 2770 non
850 2710 952 2789 aliquis
967 2711 1073 2770 iuvenis
1089 2719 1136 2769 ant

156 2814 227 2855 uuus
250 2814 266 2856 e
288 2794 377 2872 vulgo
403 2794 454 2854 sed
470 2812 556 2853 senes
571 2805 600 2861 ct
615 2796 824 2872 prudentissimi
842 2804 871 2854 et
888 2794 997 2854 Priamo
1013 2794 1134 2854 assiden-

116 2886 210 2939 mes.
240 2879 346 2939 Verum
362 2886 391 2938 et
405 2880 468 2956 ipse
483 2896 535 2937 rex
548 2879 668 2939 decenni
688 2878 767 2938 bello
789 2878 943 2938 exhaustus
966 2878 1073 2937 amissis
1093 2887 1134 2937 tot

157 2962 272 3037 liberis,
295 2964 455 3021 imminente
476 2979 583 3021 summo
606 2963 783 3036 discrimine,
808 2963 853 3022 cui
869 2962 971 3021 laniem
987 2961 1076 3035 illam,
1098 2980 1133 3021 ex

157 3064 212 3124 qua
227 3055 269 3105 tot
286 3047 463 3106 lacrimarum
479 3047 561 3122 origo
579 3046 725 3120 duxisset,
747 3047 865 3106 invisam
877 3054 962 3122 atque
978 3044 1131 3104 abominan-

158 3129 221 3188 dam
241 3147 307 3189 esse
323 3130 491 3208 oportebat,
513 3139 541 3189 et
557 3129 633 3188 audit
653 3130 727 3189 baec
752 3139 780 3189 et
802 3147 863 3189 eam
884 3128 969 3188 liliam
990 3127 1131 3206 appellans

159 3214 236 3271 iuxta
251 3230 283 3271 se
299 3214 376 3273 locat
392 3222 420 3273 et
435 3221 554 3272 excusat
570 3215 654 3271 etiam
669 3222 755 3290 atque
770 3211 824 3272 sibi
839 3231 906 3272 esse
920 3213 1055 3272 malorum
1070 3229 1129 3271 cau·

117 3295 219 3357 ttsam
237 3305 333 3372 negat.
365 3295 427 3356 Nec
440 3297 506 3355 mihi
521 3296 634 3356 videtur
655 3298 683 3354 iu
698 3297 851 3374 Symposio
868 3295 967 3370 Plato,
984 3313 1046 3355 cum
1058 3294 1129 3355 Aloi-

157 3379 268 3440 biadem
284 3380 465 3439 confitentem
480 3379 516 3439 de
531 3397 574 3454 se,
591 3379 658 3456 quid
674 3398 690 3440 a
706 3381 827 3439 Socrate
842 3382 900 3457 pati
913 3380 1053 3453 voluerit,
1071 3395 1129 3438 nar·

158 3473 212 3539 rat,
229 3473 258 3522 ut
276 3462 352 3522 illum
367 3462 512 3539 culparet,
535 3463 607 3523 baec
622 3463 786 3532 tradidisse;
811 3462 879 3539 sed,
902 3472 932 3523 nt
953 3461 1074 3521 Socratis
1091 3464 1127 3522 in-
1209 3490 1210 3507 1
