2434 3925
81 132 84 139 ’
141 174 200 238 108
452 188 489 236 n.
505 186 584 234 aaa.
600 185 819 247 amararum

137 341 326 417 viverevult,
343 349 464 400 mortem
478 342 575 420 potius
591 340 667 400 male
688 348 769 419 petat
783 358 868 419 marn
883 343 997 401 omnino
1011 357 1075 400 non
1092 359 1151 422 pe·

94 436 188 493 88tat.
222 426 289 486 Non
304 435 399 485 tamen
414 442 507 502 nego,
526 443 594 485 esse
614 427 832 507 controversias
854 425 1015 485 huiusmodi
1031 425 1150 502 ligura·

137 521 197 571 tas:
217 519 249 570 nt
265 518 310 570 est
330 509 397 584 illa,
415 508 498 570 Beato
516 511 699 589 parricidii,
721 510 803 587 qnod
815 510 946 588 fratrem
962 511 1149 586 occidisset,

136 597 314 657 damnatum
328 595 371 654 iri
384 593 564 663 cidebatnr;
586 602 679 675 pater
697 611 756 672 pro
770 594 936 654 testimonio
951 595 1049 670 dicit,
1072 613 1149 656 corn

135 699 170 740 ae
184 679 305 740 iubente
322 679 455 757 faciem
475 679 645 739 absolutum
661 680 797 738 abdicat.
830 676 902 736 Nam
922 694 1017 754 neque
1042 679 1074 736 in
1098 684 1147 738 to-

136 772 195 823 turn
210 762 270 822 filio
291 763 385 841 parcit
403 778 475 836 nec,
499 759 576 839 quod
600 762 699 839 priore
721 760 827 820 iudicio
843 761 1011 836 affirmavit,
1026 769 1147 820 nutare

137 847 232 926 palam
246 855 346 924 potest
362 854 408 919 et,
427 854 460 904 ut
476 861 534 904 non
549 845 632 905 durat
647 844 721 903 ultra
739 861 863 922 poenam
879 844 1089 920 abdicationis,
1108 847 1146 904 itu
1193 846 1194 921 3

137 930 252 991 abdicat
266 939 375 996 tamen:
398 937 428 988 et
448 928 557 1008 alioqui
579 929 671 1005 ligura
693 930 721 1012 in
741 937 854 1005 patrem
870 929 935 1006 plus
950 928 1037 1002 lacit,
1055 947 1146 1009 quarn
1193 986 1194 1001 ,

94 1014 216 1091 solicet,
231 1017 260 1074 in
275 1014 363 1073 filiurn
381 1015 483 1072 minus.
522 1012 560 1072 Ut
574 1021 669 1071 autem
690 1029 775 1073 nemo
796 1020 896 1072 contra
911 1011 963 1088 id,·
973 1011 1052 1091 quod
1068 1013 1146 1088 vult,

138 1098 222 1174 dicit,
248 1098 286 1157 ita
307 1106 405 1176 potest
420 1096 523 1156 melius
537 1096 645 1175 aliquid
659 1096 755 1172 velle,
770 1114 854 1176 quarn
871 1097 956 1157 dicit:
978 1112 1035 1174 quo
1051 1097 1145 1156 modo

135 1182 188 1242 ille
203 1183 384 1258 abdicatas,
405 1183 458 1259 qni
479 1199 500 1241 a
513 1189 623 1260 patre,
645 1189 678 1240 nt
698 1180 793 1258 filiam
812 1184 982 1259 expositam
1000 1187 1030 1240 et
1050 1181 1094 1241 ab
1111 1199 1147 1241 co

138 1268 302 1328 adnectam
313 1266 419 1327 solutis
433 1264 585 1325 alimentis
599 1265 732 1343 recipiat
743 1286 761 1339 ,‘
767 1265 914 1343 postolat,
930 1264 1067 1324 revocari
1081 1264 1145 1323 ior·

96 1358 216 1415 sotasse
232 1348 354 1424 mavult,
376 1365 434 1408 non
453 1357 549 1407 tamen
566 1348 644 1427 quod
659 1349 732 1426 petit
747 1365 805 1408 non
819 1347 890 1408 vult.
920 1346 973 1408 Est
994 1347 1092 1406 latens
1117 1356 1145 1407 et

138 1433 188 1492 ulla
208 1433 397 1510 significatio,
421 1450 495 1511 qua,
521 1450 585 1491 curn
606 1433 651 1491 ius
672 1433 804 1510 asperius
823 1433 930 1511 petitur
946 1450 962 1491 a
977 1431 1090 1507 iudice,
1114 1432 1145 1491 lit
1193 1458 1194 1511 q

139 1527 234 1576 tamen
249 1534 319 1594 spes
333 1517 429 1595 aliqua
440 1516 622 1591 clementiae,
640 1533 697 1574 nou
712 1516 817 1595 palarn,
832 1534 870 1575 ne
880 1517 1071 1595 paciscamur,
1089 1515 1144 1575 sed
1193 1544 1194 1569 ι

138 1617 193 1679 per
214 1600 354 1679 quandam
376 1599 545 1660 credibilem
564 1602 777 1678 suspicionem,
804 1602 882 1660 utin
902 1600 998 1659 multis
1023 1608 1142 1659 contro·

138 1687 243 1744 versiis
268 1684 321 1744 sed
338 1684 440 1761 inbao
461 1700 594 1762 quoque:
614 1684 751 1762 Raptor,
766 1686 827 1745 m'si
848 1687 933 1745 intro
954 1685 1141 1759 tricesimam

138 1770 219 1831 diam
229 1776 259 1830 et
274 1777 386 1848 raptae
396 1776 516 1848 patrem
527 1776 556 1829 et
566 1787 655 1828 caum
665 1771 851 1845 sacraverit,
861 1774 988 1849 pereat;
999 1768 1054 1844 qni
1070 1786 1142 1830 eao-

139 1861 208 1914 rato
222 1859 333 1933 raptae
343 1863 529 1932 putrescam
543 1871 603 1913 non
613 1861 732 1928 encrat,
747 1854 812 1931 opit
825 1872 895 1914 cnm
909 1872 944 1915 eo
958 1853 1139 1916 demendae.

98 1946 130 2003 91
138 1935 209 1997 Nam
231 1939 255 1998 si
271 1939 416 2016 promittat
431 1935 479 1996 bic
499 1945 598 2015 pater:
626 1935 662 1997 lis
684 1936 808 2004 tollitur;
833 1938 858 1996 si
878 1935 985 1996 nullam
1000 1953 1084 2015 spem
1099 1935 1139 1995 la·

141 2025 211 2082 ciat:
227 2031 258 2081 nt
270 2040 327 2082 non
342 2022 476 2096 demens,
499 2020 625 2080 crudelis
643 2030 725 2081 certe
744 2023 876 2082 videatur
891 2029 920 2080 et
934 2038 951 2081 a
965 2037 999 2079 se
1014 2020 1137 2080 iudicem

108 2114 259 2182 ‚avertat
296 2105 382 2166 Latro
413 2106 501 2183 igitur
527 2106 651 2183 optime:
688 2102 820 2167 Occidet
845 2106 938 2185 erpo?
964 2102 1001 2165 Si
1021 2109 1138 2183 potero.

141 2190 299 2250 Remissius
320 2200 350 2249 et
371 2206 425 2269 pro
447 2205 500 2248 suo
521 2190 638 2266 ingenio
659 2198 744 2267 pater
761 2189 874 2250 Gallio:
897 2187 1005 2265 Dura,
1026 2190 1137 2262 anime,

98 2277 239 2344 bidom
257 2276 332 2336 bere
350 2275 460 2353 fortior
475 2273 571 2351 fuisti.
609 2270 738 2333 Conlinia
760 2283 825 2332 sunt
841 2272 885 2333 bis
901 2270 1048 2346 celebrata
1064 2272 1138 2351 apud

142 2357 271 2418 Graecos
288 2358 451 2433 schemata,
473 2374 527 2435 per
544 2375 619 2435 quae
636 2375 684 2416 res
703 2375 822 2436 asperas
838 2354 952 2416 mollius
965 2356 1136 2433 significant

141 2440 213 2501 Nam
228 2440 439 2501 Themistocles
454 2442 581 2500 suasisse
604 2442 782 2500 existimatur
796 2439 1030 2516 Atheniensibus,
1046 2449 1077 2500 ιιι
1090 2458 1136 2500 ur-

140 2524 207 2585 bem
221 2527 307 2604 apud
319 2527 393 2586 deor
406 2526 608 2605 deponerent,
633 2527 698 2603 quia
713 2526 812 2585 durum
830 2534 892 2585 erat
907 2524 1022 2599 dicere,
1042 2517 1073 2582 rit
1086 2542 1136 2586 re-
1193 2601 1194 2608 ἵ

140 2611 320 2688 linquerent.
350 2608 404 2685 Et,
430 2610 479 2687 qui
500 2608 645 2668 Victorias
667 2625 769 2669 aureas
788 2610 817 2667 in
837 2626 918 2668 usum
932 2607 1003 2667 belli
1021 2607 1135 2668 conflari
1193 2613 1194 2686 j

139 2693 276 2769 volebat,
300 2694 339 2753 ita
360 2691 529 2768 declinavit,
553 2695 690 2755 meteriis
706 2695 849 2758 utendum
863 2711 940 2754 esse.
974 2690 1075 2751 Totum
1088 2709 1132 2751 au·
1193 2721 1194 2774 3

54 2781 56 2786 ⁴
141 2786 200 2838 tem
215 2777 375 2856 allegoriae
391 2776 483 2850 simile
499 2784 560 2853 est,
585 2776 662 2837 aliud
686 2777 785 2837 dicere
806 2776 882 2844 aliud
901 2775 1025 2853 intelligi
1047 2776 1132 2836 velle.
1193 2783 1194 2790 ’

100 2860 311 2935 mauresium
338 2862 423 2922 etiarn
444 2870 506 2937 est,
536 2860 681 2940 quomodo
709 2862 880 2939 responderi
908 2869 1007 2920 contra
1032 2860 1135 2937 figuras

142 2954 303 3023 oporteret.
335 2945 373 3006 llt
402 2945 517 3024 quidam
537 2962 654 3023 semper
674 2962 711 3004 ex
732 2945 848 3016 diverso
872 2944 1042 3022 aperiendas
1057 2951 1134 3022 puta·

141 3037 253 3105 verunt,
270 3031 344 3091 sicut
363 3029 479 3089 latentia
493 3030 561 3088 vitia
576 3028 785 3092 rescinduntur.
812 3026 902 3106 ldque
919 3045 988 3087 sanc
1004 3027 1133 3104 frequen·

142 3112 252 3172 tissime
267 3112 428 3172 laciendum
446 3121 505 3180 est;
529 3112 613 3172 aliter
633 3113 707 3179 enim
722 3111 790 3171 dilui
807 3110 921 3172 obiecta
936 3128 993 3170 non
1006 3119 1133 3189 possunt,

142 3197 241 3274 utique
259 3213 323 3255 cum
338 3199 469 3274 quaestio
485 3197 513 3254 iu
529 3213 566 3256 eo
583 3197 724 3271 consistit,
742 3195 818 3273 quod
833 3195 943 3272 figurae
959 3204 1067 3273 petunt.
1096 3194 1134 3255 At

144 3297 208 3341 cunr
218 3279 374 3339 <maledicta
391 3289 455 3340 sunt
470 3289 592 3340 tanturn:
616 3289 645 3339 ct
658 3296 715 3339 non
732 3279 897 3356 intelligere
912 3280 1023 3338 interim
1039 3286 1067 3337 et
1080 3277 1131 3338 dis·

100 3364 277 3431 bisimulare
303 3361 398 3422 bonae
426 3365 623 3423 conscientiae
650 3371 703 3423 est.
749 3362 846 3441 Atque
873 3364 958 3423 etiarn
982 3363 1007 3421 si
1033 3361 1132 3422 luerint

144 3448 308 3510 crebriores
323 3446 448 3524 figurae,
465 3464 547 3525 quarn
561 3457 592 3507 ut
608 3446 780 3508 dissimulari
793 3448 922 3528 possint,
939 3445 1131 3526 postulandum
