2434 3925
342 208 431 261 nasu.
445 208 593 258 aaaron.
604 209 673 258 una.
685 209 726 276 11,
738 206 765 260 a.
1004 196 1044 258 67

51 367 178 429 claros
208 368 308 426 viros
340 376 369 427 et
396 367 616 443 vituperare
648 365 853 442 improbos,
884 364 959 444 quod
988 382 1046 425 non

51 452 191 530 simplicis
210 452 340 510 utilitatis
360 468 434 528 opus
453 457 507 507 est.
540 447 669 525 Namque
689 457 721 507 et
734 450 876 527 ingenium
892 460 1047 509 exercetur

49 534 202 613 multiplici
222 536 360 612 variaque
378 535 512 608 materia,
538 541 566 592 ct
583 535 693 591 animus
713 534 955 612 contemplatione
972 536 1046 594 recti

50 620 192 698 pravique
215 619 372 694 formatur,
395 627 425 678 et
440 617 528 676 multa
548 617 613 676 iude
636 619 763 693 cognitio
780 636 876 677 rerum
893 620 990 694 venit,
1017 628 1046 678 et

50 703 211 781 exemplis,
240 721 313 781 quae
336 711 401 761 suut
428 704 456 760 in
485 703 560 759 omui
589 719 699 777 genere
728 720 878 761 causarum
906 705 1045 781 potentis·

50 789 137 861 sima,
165 788 221 845 iam
244 796 302 846 tum
331 787 493 859 instruitur,
522 803 585 845 eum
606 804 655 844 res
681 795 801 863 poscet,
828 804 940 845 usurus.
974 788 1088 852 llincul

50 871 101 932 illa
120 888 237 948 quoque
253 872 426 930 exercitatio
438 869 514 928 subit
533 871 840 947 comparationis,
864 880 928 928 uter
942 871 1046 930 melior

49 964 155 1014 uterve
177 954 319 1021 deterior;
344 972 418 1032 quae
441 971 601 1031 quanquam
622 962 755 1013 versatur
772 956 801 1012 iu
820 956 933 1013 ratione
949 955 1045 1029 simili,

51 1048 149 1098 tamen
176 1047 205 1097 et
232 1038 360 1116 duplicat
386 1039 534 1097 materiam
557 1047 586 1097 et
613 1039 748 1096 virtutum
769 1040 961 1116 vitiorumque
990 1056 1047 1097 non

50 1131 161 1182 tantum
176 1131 304 1181 naturam
323 1121 375 1181 sed
396 1123 480 1180 etiam
498 1121 611 1181 modum
626 1130 739 1181 tractat.
766 1122 874 1181 Verum
892 1123 929 1182 de
947 1123 1047 1183 ordine

51 1206 146 1266 laudis
170 1214 346 1285 contraque,
366 1208 499 1283 quoniam
517 1208 601 1267 tertia
617 1205 692 1265 haec
713 1205 876 1266 rhetorices
898 1225 967 1285 pars
990 1215 1046 1281 est,

51 1291 265 1370 praecipiemus
286 1308 338 1349 suo
361 1299 502 1369 tempore.

137 1371 349 1433 Communes
372 1374 446 1433 loci
469 1374 587 1452 (dehis
611 1374 733 1452 loquor,
757 1373 859 1452 quibus
883 1376 955 1434 citra
979 1391 1089 1453 per-22

51 1476 140 1519 sonas
163 1459 192 1517 in
213 1459 276 1537 ipsa
301 1460 370 1517 vitia
393 1458 480 1517 moris
509 1467 554 1517 est
573 1475 732 1536 perorare,
758 1468 789 1517 ut
810 1460 843 1517 in
863 1460 1046 1534 adulterum,

43 1545 235 1619 'aleatorem,
253 1543 454 1622 petulantem)
474 1558 511 1601 ex
526 1543 629 1602 mediis
646 1552 710 1601 sunt
727 1542 839 1602 iudiciis
857 1553 901 1618 et,
924 1543 949 1601 si
967 1561 1048 1601 reum

51 1627 190 1703 adiicias,
214 1628 430 1694 accusationem
454 1645 615 1705 quanquam
634 1626 663 1685 hi
686 1643 802 1704 quoque
825 1627 860 1686 ab
883 1627 935 1687 illo
958 1645 1048 1703 gene·

50 1709 107 1769 rali
130 1718 256 1770 tractatu
280 1710 316 1770 ad
340 1709 476 1789 quasdam
497 1710 602 1770 deduci
625 1712 741 1789 species
763 1711 874 1786 solent,
897 1720 928 1770 ut
948 1713 973 1768 si
995 1727 1047 1788 po·

50 1802 138 1853 natur
152 1795 275 1855 adulter
289 1813 412 1871 caecae,
428 1797 546 1857 aleator
559 1812 698 1874 pauper,
713 1797 854 1871 petulans
867 1814 970 1855 cenea.
991 1793 1047 1852 Ha·

50 1877 122 1936 bent
146 1887 240 1937 autem
261 1894 462 1957 nonuunquam
484 1881 569 1938 etiam
591 1879 799 1938 defensionem.
834 1877 906 1938 Nam
929 1887 958 1936 et
979 1894 1090 1956 pr023

50 1964 181 2025 luuarua
205 1972 233 2030 et
256 1981 320 2042 pro
342 1983 447 2025 amore
469 1963 605 2038 dicimus,
630 1973 658 2022 et
676 1964 742 2023 leno
761 1964 872 2022 interim
892 1965 1047 2041 parasitus-

51 2065 112 2126 que
128 2045 292 2107 deleuditur
309 2049 368 2123 sic,
387 2057 490 2108 utnon
507 2047 614 2106 homini
631 2048 844 2124 patrocinemur
859 2046 911 2106 sed
929 2047 1046 2106 crimini.

139 2129 280 2191 'l'heses
306 2129 415 2206 autem,
446 2149 520 2210 quae
549 2141 696 2191 sumuntur
718 2150 755 2190 ex
777 2150 872 2190 rerum
900 2148 1091 2208 compara-24

50 2216 152 2290 tione,
176 2223 206 2274 ut
223 2218 379 2278 rusticane
397 2218 462 2278 uita
483 2236 525 2277 an
544 2217 667 2278 urdaaa
683 2218 799 2293 patiam
818 2217 987 2294 iurieperiti
1008 2233 1049 2274 aa

49 2299 199 2360 militaria
217 2302 278 2360 oiri
298 2302 368 2361 laeta
389 2302 504 2373 maiar,
525 2302 596 2360 mire
615 2309 680 2359 suut
700 2299 736 2359 ad
754 2301 991 2359 exercitationem
1008 2299 1048 2358 di·

53 2382 141 2443 cendi
167 2384 321 2461 speciosae
343 2393 429 2461 atque
452 2382 575 2460 uberes,
599 2402 674 2462 quae
695 2384 744 2445 vel
766 2384 802 2443 ad
825 2383 963 2444 suadendi
986 2383 1048 2442 olli·

55 2468 132 2525 cium
155 2466 204 2526 vel
226 2469 311 2527 etiam
333 2468 368 2527 ad
390 2468 559 2529 iudiciorum
582 2469 823 2546 disceptationem
844 2469 940 2527 iuvant
961 2467 1049 2545 pluri·

55 2568 141 2608 mum.
177 2549 249 2610 Nam
267 2553 413 2629 posterior
431 2570 469 2611 ex
488 2552 645 2631 praedictis
662 2551 745 2612 locus
763 2553 791 2611 in
809 2569 896 2610 causa
913 2549 1049 2608 Murenae

57 2634 261 2712 copiosissime
279 2654 295 2695 a
314 2633 455 2695 Cicerone
473 2645 620 2697 tractatur.
644 2637 715 2697 Sunt
732 2644 760 2695 et
778 2636 845 2696 illae
863 2652 956 2713 paene
971 2643 1092 2703 totae25

57 2716 94 2776 ad
116 2716 335 2778 deliberativum
355 2720 533 2797 pertinentes
552 2738 662 2798 genus,
686 2722 867 2781 ducendane
887 2736 977 2795 uuor,
998 2735 1050 2796 pe·

56 2802 181 2863 teredine
199 2805 261 2863 aiut
280 2806 487 2882 mapiatratus.
521 2803 651 2882 Namque
679 2811 709 2863 et
732 2803 787 2864 luae
809 2804 942 2882 personis
964 2801 1062 2860 modo

56 2884 179 2945 adiectis
201 2889 350 2948 suasoriae
372 2897 464 2947 eruut.

142 2968 282 3031 Solebaut
299 2981 508 3050 praeceptores
524 2972 581 3032 mei
598 2989 693 3049 neque
712 2972 804 3032 inutili
821 2980 850 3030 et
865 2969 947 3030 uoltis
965 2970 1094 3040 edamus

54 3052 182 3113 iucundo
199 3072 314 3131 ,genere
339 3057 552 3116 exercitationis
575 3073 827 3134 praepararemus
850 3054 1051 3114 coniecturali·

52 3137 110 3197 bus
132 3139 244 3213 causis,
269 3157 333 3198 cum
352 3157 494 3217 quaerere
515 3149 601 3217 atque
621 3143 726 3218 exequi
743 3140 890 3223 iuberent,
916 3136 979 3198 Cur
997 3157 1051 3198 ar-

53 3229 144 3282 mata
160 3224 246 3300 apud
256 3221 517 3286 Lacedaemonios
533 3222 649 3300 Venae,
668 3233 697 3283 et
715 3222 797 3297 Quid
811 3226 856 3285 ita
873 3224 1053 3285 crederetur

56 3303 180 3384 crepido
192 3324 271 3384 puer
285 3317 377 3385 atque
392 3311 515 3370 volucer
530 3314 559 3369 et
572 3310 692 3387 sepultis
706 3326 746 3369 ae
759 3309 832 3386 sace
846 3315 999 3381 armatura,
1023 3312 1053 3364 et
1087 3383 1090 3390 Ι

57 3389 180 3464 similia,
197 3392 226 3448 in
243 3389 345 3468 quibus
362 3391 560 3453 scrutabamur
575 3392 769 3467 voluntatem,
792 3393 872 3451 euius
891 3393 919 3448 in
938 3398 1053 3449 coutro-

56 3474 162 3533 rersiis
175 3473 313 3552 frequens
329 3478 460 3554 quaestio
473 3486 527 3547 est,
541 3476 617 3553 quod
628 3476 721 3553 genus
734 3475 830 3534 chriae
842 3475 933 3618 vi5dpri
945 3478 1052 3551 potest.
