2434 3925
287 225 290 230 ’
350 239 602 310 nummo-5.
631 239 787 310 u,1-te
1041 243 1089 291 xv

49 430 88 443 -
104 407 132 461 2.
150 401 346 475 praeterimus.
374 401 471 456 Bamd.
487 415 513 456 o.
531 405 596 472 optt.
617 400 718 464 Oodd.,·
742 400 776 457 Z.
794 399 1029 473 praeterierimus.
1045 428 1088 445 -

52 486 137 546 ehoe
148 493 251 542 tamen.
281 483 327 540 Sie
343 499 381 541 ex
392 487 533 555 scripturo
546 487 707 555 optimorum
720 484 816 555 eodo„
840 500 902 541 eron
916 491 963 540 aut
981 485 1036 541 asro
1050 498 1088 563 ore

51 576 109 626 uoto
129 573 202 627 atriu
216 570 336 627 tectionr'r
353 582 403 624 reu
419 584 531 638 monus,
551 561 582 624 ut
597 570 710 639 saepiu
721 570 768 640 fit,
791 574 882 625 ortum
894 569 1028 625 videatur.
1046 597 1089 608 -

51 657 73 712 9.
93 654 117 709 si
134 655 193 710 iilo.
220 652 320 711 Bomd.
342 667 366 707 c.
386 651 469 710 Codri.
487 658 569 723 θρα..-
592 652 625 707 Ζ.
644 652 668 708 si
686 652 733 707 ita.
748 679 791 693 -
817 658 860 711 12.
879 653 966 709 fuisse
982 656 1087 722 partes.

51 735 122 792 Ami.
136 740 181 798 1.,·
200 737 234 793 Ζ.
245 742 316 810 part
331 737 351 791 f.
365 765 403 777 -
426 741 468 795 13.
482 741 509 790 et
521 737 579 791 illo.
604 734 652 792 Sic
666 751 759 791 omnes
768 735 846 798 hiri,-
861 736 893 792 Z.
905 750 944 792 ex
953 737 1013 792 eolo
1022 735 1087 791 ΑΜ.

52 821 139 877 eum-i.
150 850 193 863 -
205 823 250 880 14.
261 821 377 876 ineerta.
393 819 492 875 Bomb.
504 834 527 876 c.
540 818 623 876 Oodd.
634 825 699 891 optt.
725 819 757 877 Z.
769 820 903 876 incertae.
911 848 954 860 -
965 822 1007 879 18.
1020 834 1087 891 ege-

52 908 99 958 tur.
111 904 211 962 Bomd.
222 919 277 961 soc.
290 921 326 959 m.
337 903 415 959 Ami.
424 907 450 961 1.
456 927 466 966 ‚·
477 903 507 959 Ζ.
519 903 621 975 agitur.
633 932 669 942 -
682 907 727 962 24.
739 909 769 959 ut
779 920 859 974 quae.
872 903 970 959 Bomb.
981 917 1037 958 ree.
1049 919 1086 957 m.

53 987 160 1045 ot'odd.
172 992 232 1045 vett.
239 1010 249 1052 ;
259 988 292 1043 Z.
302 987 406 1058 utique.
414 1016 456 1029 ··-
465 991 510 1047 16.
523 986 616 1045 diviso
626 992 727 1044 autem.
739 986 817 1045 Ami.
831 990 857 1043 1.
862 1010 872 1050 ;
881 987 914 1042 Z.
922 1003 973 1045 om.
985 991 1086 1042 autern.

460 1134 674 1205 ΗΒΕ...

129 1236 362 1292 Prooemium.
404 1238 432 1292 1.
449 1234 526 1306 petii.
552 1234 631 1290 Ami.
645 1238 670 1292 1.
687 1252 712 1291 e.
730 1241 795 1307 optt.
811 1235 910 1296 Codd.,·
930 1233 962 1289 Z.
975 1234 1086 1305 depelli.

53 1346 91 1359 -—
103 1321 320 1392 etvoluptotem.
343 1317 390 1374 Sic
399 1317 499 1374 Bamd.
516 1333 622 1391 quoque
637 1336 684 1390 pr.
703 1337 740 1376 m.
755 1349 791 1361 -
815 1325 842 1378 4.
856 1320 931 1376 huie.
953 1318 1031 1374 Ami.
1044 1322 1087 1381 1.,·

53 1401 141 1459 Z.oor.
155 1431 193 1444 -
216 1409 243 1461 5.
256 1403 319 1460 sint.
342 1402 440 1457 Bomd.
452 1416 476 1458 e.
490 1401 572 1460 Codd.
583 1408 643 1459 vett.
651 1426 660 1465 ,·
681 1403 712 1458 Z.
727 1409 800 1460 sunt.

130 1485 208 1559 Cap.
227 1487 262 1542 Π.
304 1490 336 1543 5.
350 1485 602 1558 qnmtulaeunque.
624 1487 659 1543 do
675 1489 749 1559 conj.
768 1493 834 1550 νει..
862 1486 945 1544 Codd.
971 1491 1087 1559 quantu·

53 1570 222 1643 lumounque.
718 1607 720 1610 .

128 1652 206 1726 Cap.
221 1654 267 1710 III.
309 1654 494 1727 vulgantium.
515 1652 563 1710 δι’.
572 1654 663 1709 Julius
681 1655 785 1717 Victor,·
802 1654 884 1711 Codd.
896 1655 1080 1726 vulgarium..

129 1736 208 1809 Gap.
218 1739 254 1797 V.
288 1744 315 1796 2.
327 1738 411 1794 etiam
422 1738 485 1810 ipsa
497 1753 593 1810 saepe.
616 1737 663 1794 Sic
672 1738 750 1794 Anti.
760 1742 786 1796 1.
798 1737 906 1811 arripui.
917 1739 945 1794 J.
964 1737 1087 1794 Vr'etorer

53 1819 80 1876 Ζ.
90 1822 153 1894 ipsa
162 1840 187 1877 s.
201 1823 293 1878 etiam.

25 1955 26 1967 ,
129 1904 208 1978 Cep.
220 1904 269 1960 VI.
310 1910 337 1967 3.
349 1911 462 1980 negant·
481 1904 558 1960 Amo.
571 1909 597 1961 1.
610 1920 635 1961 c.
648 1904 730 1961 Codd.
742 1910 825 1977 ομιτ..
837 1904 869 1960 Ζ.
881 1910 1026 1977 negarent.

25 1980 27 2057 ζ
130 1988 208 2061 Cep.
220 1991 280 2048 VIL
310 1995 336 2050 8.
350 1990 506 2060 Quomodo.
524 1988 570 2045 Sic
580 1989 680 2046 Bamb.
694 2006 719 2045 e.
733 1989 815 2046 Codd.
827 1995 891 2060 optt.
898 2011 909 2052 ,-
919 1988 951 2043 Ζ.
965 1988 999 2044 do
1008 1990 1084 2059 conj.

26 2064 27 2069 ’
54 2071 133 2146 Repii
150 2073 183 2128 ld
198 2074 348 2145 quomodo.
361 2105 399 2117 -
415 2081 458 2134 11.
467 2072 675 2129 iuduounturin
686 2075 810 2146 laqueos.
831 2073 909 2132 θον..
924 2071 1086 2135 Gemtrord3

54 2155 142 2212 Booti.
152 2175 200 2229 pr.
211 2175 247 2214 m.
262 2159 430 2215 inducuntur
440 2159 469 2213 in
480 2159 595 2229 laquem
613 2157 695 2214 Codd.
707 2164 771 2230 optt.
785 2156 952 2213 inducuntur
963 2157 992 2211 in
1002 2157 1086 2211 latus.

26 2250 27 2291 i
54 2245 140 2299 -13.
151 2243 236 2297 multo
254 2244 353 2315 magis.
375 2242 473 2298 Bamd.
489 2258 515 2298 e.
530 2241 613 2298 Codd.
627 2240 693 2312 fere
702 2258 773 2298 omn.
779 2263 791 2306 ,-
810 2241 842 2297 Ζ.
857 2242 941 2296 inser.
960 2244 1029 2296 tum.
1042 2268 1086 2281 —

27 2382 28 2389 ¹
55 2327 91 2380 14.
99 2327 314 2396 perseverarint.
336 2327 434 2382 Bomb.
446 2341 501 2382 see.
510 2343 546 2380 m.
558 2341 583 2381 e.
596 2325 679 2383 Codd.
691 2332 774 2398 optt;
787 2324 820 2380 Z.
831 2324 1085 2397 perseveraverint.

27 2408 736 2564 ..ε1..5.1..5...15.’11...
752 2409 855 2549 dt
870 2408 1086 2552 {turtur

55 2572 143 2630 Bomd.
157 2591 182 2632 e.
194 2576 278 2635 codd.
289 2582 354 2649 optt.
360 2600 369 2640 ,·
378 2577 411 2635 Z.
423 2593 474 2633 om.
487 2583 593 2635 ..1.,·-
601 2581 647 2638 ud.
657 2583 777 2649 pugnat,
789 2576 927 2633 mode'stia
936 2576 1084 2648 mitigatur.

57 2654 97 2713 Sic
106 2658 186 2715 Codd.
203 2666 267 2733 optt.
285 2664 445 2718 assentiente
455 2658 570 2723 Bamb.‚·
590 2660 623 2718 Z.
634 2661 1030 2734 pugnassent-mitigantur.
1043 2686 1086 2699 --

57 2743 95 2799 it.
104 2743 246 2814 perducat.
269 2745 367 2801 Bomb.
377 2760 432 2802 reo.
443 2761 479 2801 m.
490 2761 516 2801 e.
529 2745 613 2801 Godd.
625 2750 707 2817 ομιτ..
722 2744 755 2800 Ζ.
766 2744 911 2817 perducet.
922 2772 965 2783 -
986 2747 1029 2801 31.
1043 2747 1087 2798 est

58 2826 170 2896 smptus.
196 2828 294 2885 Romo.
311 2845 337 2886 c.
356 2829 438 2888 codd.
459 2834 536 2893 ναί..
553 2828 585 2884 Ζ.
603 2844 656 2884 om.
673 2833 725 2885 est.
739 2856 782 2869 -
807 2833 851 2887 32.
872 2828 953 2884 dictis
969 2832 1084 2882 tautum.

58 2907 124 2965 mn.
132 2914 159 2966 1.
175 2927 200 2968 e.
214 2912 299 2970 Godd.
313 2918 394 2986 optt.;
413 2913 444 2969 Z.
460 2918 565 2969 tuntum
576 2912 726 2969 .diotis.-
749 2916 794 2972 34.
814 2919 878 2968 sunt
895 2918 930 2972 et.
951 2911 1029 2967 Arno.
1042 2913 1086 2973 1..-

59 2988 141 3049 ΖΜ).
153 3001 188 3052 et.
200 3024 241 3038 -
263 3001 308 3055 35.
327 2998 352 3052 si
369 2997 426 3069 qui.
448 2997 547 3052 Bomb.
563 3010 588 3052 c.
600 2996 683 3053 codd.
695 2996 760 3070 fere
776 3013 865 3060 omn.‚·
880 2994 913 3052 Z.
924 2996 948 3050 si
960 2996 1087 3066 quis.—
1123 3004 1127 3015 ’

59 3083 172 3134 vocatur.
193 3079 292 3136 Bamb.
310 3095 335 3138 c.
349 3080 431 3138 Codd.
446 3079 511 3153 sere
526 3097 616 3144 οων..
635 3080 669 3138 Ζ.
681 3085 824 3138 vocentur.
835 3109 877 3122 -
898 3096 964 3135 esse
978 3093 1085 3134 eorum.

59 3155 143 3217 Boni.
160 3178 184 3218 c.
197 3163 280 3220 Codd.
296 3169 372 3229 vett:
394 3165 426 3221 Z.
444 3181 540 3221 eorum
556 3180 684 3221 esse-
706 3170 801 3236 partes
819 3164 1009 3221 divinationis.
1038 3159 1086 3216 Sic

59 3238 107 3296 lud
122 3244 223 3313 Τισίαν.
239 3248 272 3305 Ζ.
287 3249 321 3304 de
335 3249 410 3321 conj.
427 3254 535 3321 portem
555 3248 750 3316 divinationis3
775 3248 857 3307 eodo.
871 3248 959 3321 partis
978 3246 1086 3301 divine-

61 3324 159 3387 tionem

30 3418 31 3431 ¹
134 3410 207 3486 Cap.
218 3414 291 3472 VIII.
335 3419 502 3489 l.quomii.
531 3418 664 3474 Bomio.
676 3415 753 3473 Amo.
761 3433 809 3488 pr.
824 3413 1085 3477 m.‚·Z.ontii.-

62 3489 172 3555 deleniti.
196 3500 294 3561 Bomd.
310 3517 335 3558 e.
353 3501 430 3560 Ami.
449 3505 495 3564 2..
517 3502 608 3562 Turio.
625 3502 750 3571 Delenti;
766 3501 800 3559 Z.
813 3500 929 3558 deliniti.
940 3526 982 3537 -
1003 3496 1084 3554 zin-
