2434 3925
347 228 782 299 msmonnuonmamxm.
1022 224 1063 284 at

60 386 146 448 modi
161 387 303 466 exemplis
319 385 405 464 plena
420 393 485 445 sunt
503 385 612 459 omnia,
635 385 688 446 sed
711 404 795 447 unum
814 388 926 448 interim
941 390 1063 453 sollicite

20 536 23 547 ,
60 469 230 549 Equidem,
247 470 329 549 quod
343 471 448 531 adme
463 472 578 544 attinet,
594 486 654 546 qao
668 476 977 548 meoertammeecio.
1001 474 1064 538 Ne-

59 575 135 635 pem
147 554 245 633 fuisse
260 555 539 633 infantiammdicti
551 556 690 632 corrupti
704 564 734 614 et
756 564 864 615 cetera.
901 555 965 618 Hoc
982 562 1107 626 etiamad
1131 614 1134 617 .

61 641 93 700 in
111 640 299 718 praeteritum
315 638 405 713 valet,
420 655 485 696 nam
500 646 531 696 et
547 637 695 696 dubitasse
711 655 764 697 nos
781 639 921 716 fingimus.

151 722 179 781 A
204 740 262 802 qno
287 722 435 781 schemate
460 739 518 780 non
542 720 647 798 procul
674 721 757 782 abest
776 722 841 799 illa,
867 742 941 802 qnae
962 726 1066 788 dicitur

63 808 377 887 communicatio,
404 823 468 864 enm
495 814 543 864 aut
568 807 651 885 ipsos
672 807 855 867 adversarios
878 810 1064 889 consulimus,

62 901 96 950 ut
113 889 256 950 Domitius
273 890 347 950 Afer
361 906 414 967 pro
431 888 592 949 Domitilla:
608 887 715 952 Nescit
729 892 867 970 trepida,
885 895 960 970 quid
974 896 1067 957 liceat

62 976 209 1051 femineae,
225 976 300 1054 qaid
315 975 472 1052 eooicpem
486 972 614 1043 deceat,·
631 975 713 1053 torte
732 993 787 1036 aas
806 978 838 1036 ia
852 976 908 1037 illa
923 980 1064 1040 solticitu-

63 1061 140 1121 dioe
154 1061 257 1122 odaiae
271 1078 364 1121 casas
380 1061 512 1119 miserae
527 1058 784 1128 mulieri-obtulit·
800 1067 847 1135 ta,
865 1061 982 1139 frater,
999 1082 1064 1138 aas,

62 1145 189 1224 patema
207 1145 314 1219 amici,
340 1144 423 1221 qaod
443 1142 602 1203 eonsilium
630 1144 732 1204 datis?
760 1152 807 1203 aut
833 1163 897 1203 cum
922 1146 1063 1206 iudicibus
1072 1163 1105 1216 21

64 1229 149 1307 quasi
161 1227 364 1303 deliberamus,
374 1227 452 1307 quod
464 1236 509 1285 est
520 1223 797 1305 frequentissimum:
812 1226 894 1300 aare
904 1232 1064 1292 suadetis?

64 1321 95 1371 et
119 1310 179 1373 Vos
197 1315 371 1390 interropo,
402 1313 477 1389 qaid
503 1313 627 1372 tandem
653 1312 723 1390 fieri
745 1315 899 1390 aportuit?
920 1322 951 1373 ut
974 1312 1062 1374 Cato:

66 1394 168 1473 Cedo,
194 1399 223 1457 ei
235 1415 290 1458 aaa
305 1398 338 1456 ire
356 1415 391 1456 eo
406 1396 473 1457 loeo
489 1397 612 1472 essetis,
635 1399 709 1473 qaid
724 1398 812 1477 aliud
822 1397 995 1475 fecieeetie?
1026 1397 1066 1458 llt

65 1479 150 1539 alibi:
179 1478 371 1542 Communem
389 1499 455 1541 rem
470 1482 523 1558 api
540 1488 678 1561 putatote
696 1500 736 1542 ac
756 1500 811 1542 aaa
825 1482 896 1543 daie
910 1485 958 1543 rei
969 1502 1064 1562 prae-

62 1564 180 1644 positae
199 1583 277 1626 esee.
312 1563 371 1624 Sed
388 1580 589 1642 nonnunquam
606 1566 848 1626 communicantes
862 1565 969 1644 aliquid
984 1570 1107 1636 inex-22

64 1655 213 1727 pectatnm
234 1648 449 1725 subiungimus,
481 1648 559 1724 quod
581 1656 611 1706 et
631 1665 686 1726 per
707 1666 740 1707 se
764 1648 882 1709 schema
902 1659 961 1710 est:
982 1660 1013 1710 nt
1035 1653 1064 1710 in

63 1731 188 1791 Verrem
204 1729 326 1807 Cicero,
344 1730 427 1804 Quid
441 1732 575 1792 danae?
596 1733 673 1809 qaid
693 1735 841 1794 censetis?
863 1735 981 1812 fartam
997 1737 1064 1815 for·
1122 1774 1131 1787 κ

64 1824 148 1877 tasse
168 1825 222 1877 ant
234 1818 389 1894 praedam
410 1817 567 1893 aliquam?
592 1814 715 1891 Deinde,
728 1834 792 1875 eum
807 1817 853 1875 diu
865 1819 1066 1896 suspendisset

62 1898 189 1959 iudicum
207 1902 327 1976 animos,
344 1900 484 1976 subiecit,
504 1898 580 1979 quod
595 1900 685 1960 multo
704 1909 785 1958 esset
801 1901 969 1980 improbius.
1001 1902 1066 1963 Hoc

65 1982 171 2044 Celsus
197 1987 514 2045 sustentationem
535 1994 632 2044 vocat.
671 1982 725 2044 Est
749 1993 844 2044 autem
860 1986 984 2065 duplex;
1001 2002 1106 2057 names

64 2077 167 2130 eontra
182 2069 366 2148 frequenter,
395 2071 459 2131 cum
482 2069 717 2148 expectationem
739 2070 973 2145 gravissimorum
992 2070 1064 2131 ieci·

63 2171 146 2231 mne,
164 2154 200 2217 ad
215 2156 339 2235 aliquid,
366 2155 443 2235 quod
460 2155 497 2213 sii
519 2154 585 2214 leve
607 2163 656 2214 ant
670 2153 750 2213 nullo
766 2155 852 2214 modo
870 2155 1063 2232 criminosum,

64 2240 275 2301 descendimus.
299 2240 357 2301 Sed
376 2240 442 2318 quia
453 2255 511 2297 non
523 2247 629 2298 tantum
640 2255 694 2317 per
706 2240 990 2299 communicationem
1001 2239 1064 2299 lieri

63 2324 157 2385 solet:
172 2319 342 2405 παράδοξον
356 2324 404 2384 alii
419 2324 597 2382 nominarunt
612 2323 640 2382 id
659 2331 704 2382 est
718 2324 902 2401 inopinatum.
931 2322 993 2384 lllis
1008 2337 1107 2392 nonan

63 2408 187 2484 accedo,
204 2412 253 2487 qui
269 2409 386 2468 schema
398 2425 465 2466 esse
479 2408 642 2466 existimant
658 2409 753 2481 etiam,
769 2409 793 2467 si
814 2407 975 2486 quidnobis
992 2408 1064 2486 ipsis

64 2492 192 2552 dicamus
216 2495 432 2570 inexpectatum
449 2491 608 2552 accidisse:
630 2500 661 2551 ut
680 2491 792 2568 Pollio,
816 2491 979 2570 Nunquam
996 2494 1065 2571 fore

64 2578 197 2653 credidi,
213 2579 344 2653 iudices,
359 2584 406 2653 ot,
429 2593 483 2637 reo
503 2575 643 2650 Scauro,
659 2595 698 2637 ne
720 2578 796 2654 qaid
813 2579 846 2637 ia
866 2579 932 2637 eice
949 2575 1065 2638 iudicio

61 2662 168 2740 pratia
182 2663 309 2737 caleret,
325 2678 487 2739 precarer.
526 2660 622 2720 Paene
637 2660 713 2721 idem
734 2660 800 2720 ions
816 2671 861 2720 est
873 2661 963 2735 illius,
980 2676 1064 2736 qnam
1071 2672 1106 2726 25

64 2747 355 2823 permissionem
376 2754 499 2820 vocant,
519 2746 566 2825 qni
590 2747 865 2821 communicationis,
887 2759 949 2804 cum
968 2742 1064 2819 aliqua
1165 2814 1168 2820 Ι

63 2829 136 2906 ipsis
166 2830 306 2891 iudicibus
333 2828 520 2906 relinquimus
546 2829 722 2889 aestimanda
748 2830 844 2906 aliqua
864 2842 1065 2902 nonnunquam

64 2912 239 2973 adversariis
257 2930 389 2991 qnoque:
405 2922 436 2971 ut
454 2911 560 2971 Calvus
575 2912 702 2989 Vatinio,
724 2911 867 2991 Perfriea
884 2911 1015 2990 frontem
1035 2916 1065 2974 et

64 2996 161 3059 dicte
176 2999 354 3076 dipaiorem,
372 2999 423 3074 qai
437 3004 566 3075 praetor
578 2996 680 3075 fleres,
699 3014 789 3074 qaam
806 2993 959 3058 Catonem.

149 3079 231 3155 Quae
267 3098 339 3141 vero
375 3089 442 3140 snnt
470 3080 610 3156 augendis
646 3079 797 3141 affectibus
829 3077 1107 3149 accommodatae26

66 3163 189 3241 figurae,
207 3174 340 3225 constant
354 3165 477 3224 maxime
501 3164 752 3224 simulatione.
788 3162 917 3241 Namque
934 3173 963 3222 et
977 3164 1066 3223 irasci

64 3259 120 3307 nos
140 3258 169 3308 et
184 3249 314 3326 gaudere
339 3258 369 3308 et
384 3250 485 3308 timere
510 3258 539 3307 et
561 3249 693 3308 admirari
715 3257 743 3307 et
762 3247 864 3308 dolere
880 3255 909 3306 et
923 3247 1064 3324 indignari

64 3340 97 3391 et
120 3341 238 3411 optare,
261 3341 482 3412 quaequesunt
500 3333 602 3392 similia
624 3332 686 3408 his,
711 3331 852 3409 fingimus.
895 3330 978 3391 Unde
999 3338 1065 3389 sunt

63 3414 131 3476 illa:
153 3414 317 3479 liberatus
335 3429 420 3479 som:
445 3419 620 3495 resptrcoi;
641 3425 670 3475 et
689 3413 774 3477 Beae
794 3418 901 3487 tabet,-
922 3424 952 3474 et
977 3413 1065 3488 Quae

65 3503 198 3562 ommate
213 3510 258 3562 eet
272 3501 371 3562 tneo?
406 3499 432 3563 0
451 3509 603 3580 tempera,
627 3519 645 3564 o
664 3502 779 3565 mares!
798 3508 828 3561 et
841 3497 987 3643 llispram
1000 3496 1065 3561 mei

109 3604 140 3643 n.
150 3605 174 3643 r.
188 3605 301 3655 aarum.
313 3588 348 3645 11.
