2434 3925
171 209 211 271 22
481 220 838 282 munumentum

168 378 244 454 quod
265 379 302 436 sit
323 378 433 455 potius:
456 386 551 436 tamen
572 378 722 437 ineadem
747 377 797 435 tris
817 376 912 436 babeo
936 376 1016 437 velut
1031 377 1165 455 species.

139 460 237 521 9Nam
258 463 368 520 interim
391 463 524 520 convenit
546 461 638 520 solum
654 479 812 539 quaerere,
832 458 881 521 Aa
900 462 957 523 ltoc
980 463 1040 521 alt?
1060 470 1094 520 ut
1113 459 1166 520 Au

167 545 382 606 adulterium
370 565 402 605 ιιι
419 546 585 623 lupanari?
615 543 685 604 Cum
705 545 761 604 boo
777 562 932 644 negamus:
955 562 1011 603 non
1036 561 1164 603 necesse

167 637 211 686 est
234 629 347 716 dicere,
372 629 438 707 quid
463 629 491 688 id
515 639 652 704 vocetur,
675 630 740 707 quia
763 637 851 687 totum
872 631 979 689 crimen
999 628 1162 688 infitiamur.

165 705 291 771 Interim
303 714 462 791 quaeritur,
484 712 549 774 Hoc
565 731 607 773 au
630 714 710 774 bae?
733 710 857 773 Furtum
878 731 920 773 uu
943 713 1163 790 sacrilegium?

165 812 223 853 non
243 798 309 873 quin
331 797 470 869 sufficiat,
491 814 548 856 uon
564 815 630 856 esse
651 797 852 896 sacrilegium,
876 797 928 856 sed
948 798 1012 874 quia
1036 813 1161 854 necesse

166 881 202 938 sit
223 880 337 954 dicere,
359 881 425 959 quid
447 882 483 939 sit
506 881 598 948 aliud;
621 898 677 958 quo
699 883 727 942 in
748 881 815 940 loeo
839 889 988 958 utrumque
1008 880 1159 938 liniendun

125 966 220 1022 litest.
251 963 366 1023 Interim
386 966 531 1041 quaeritur
550 967 578 1023 in
600 964 687 1023 rebus
708 965 808 1042 specie
833 964 971 1038 diversis,
993 982 1028 1022 an
1053 973 1084 1023 et
1104 964 1159 1023 hoc

166 1047 269 1106 eodem
290 1050 374 1108 modo
396 1050 434 1107 sit
457 1049 672 1127 appellandum,
695 1067 758 1107 oum
775 1065 823 1106 res
840 1057 961 1125 utraque
975 1046 1062 1107 habet
1080 1063 1159 1106 suurn

165 1148 284 1207 nomen,
307 1141 337 1191 ut
357 1134 536 1208 amatorium,
558 1150 708 1191 venenum.
749 1131 780 1190 In
807 1132 935 1190 omnibus
963 1140 1056 1190 autem
1078 1131 1158 1191 huius
1206 1139 1207 1188 t

165 1217 282 1291 generis
304 1215 400 1275 litibus
423 1219 585 1294 quaeritur,
606 1214 655 1277 Au
677 1217 767 1276 etiam
788 1215 866 1277 buc?
892 1217 956 1293 quia
979 1232 1102 1291 nomen,
1125 1214 1158 1273 de

166 1316 223 1377 quo
250 1299 414 1376 ambigitur,
438 1303 584 1377 utiquam
605 1301 711 1360 aliare
734 1309 842 1359 certum
865 1309 918 1358 est
957 1297 1160 1377 Sacrilegium

165 1391 225 1458 est,
247 1403 311 1444 rem
332 1402 457 1444 sacram
478 1387 517 1445 ale
537 1386 644 1463 templo
664 1386 840 1461 surripere:
868 1403 909 1445 au
929 1392 958 1445 et
981 1383 1158 1481 priuataml

164 1463 370 1542 Adulterium,
392 1486 460 1528 cum
480 1469 582 1528 alicua
602 1487 701 1529 uuare
715 1470 795 1529 domi
810 1469 909 1529 coire:
930 1487 971 1528 uu
984 1469 1039 1528 el
1027 1487 1058 1527 ιιι
1073 1467 1159 1544 lupa·

164 1552 257 1609 uari?
283 1549 548 1629 Tyrannicidium,
570 1553 713 1613 occidere
735 1560 912 1627 tyranuum:
934 1569 976 1611 au
988 1554 1043 1612 et
1032 1570 1064 1611 ιιι
1079 1569 1158 1610 mor-
1206 1555 1207 1560 ’

122 1646 156 1698 11
164 1643 222 1694 lem
239 1636 438 1712 compellere?
453 1634 581 1714 Ideoque
597 1628 802 1715 συλλογισμὸς,
819 1637 855 1695 de
871 1652 928 1713 quo
940 1644 1042 1714 postea
1055 1635 1156 1708 dicam,

164 1717 244 1776 velut
259 1718 394 1777 infirmior
414 1728 459 1778 est
473 1720 578 1795 finitio,
597 1721 662 1797 quia
680 1722 708 1778 in
728 1718 784 1778 hac
798 1721 964 1798 quaeritur,
982 1737 1017 1778 an
1033 1719 1109 1777 idem
1123 1718 1157 1776 sit

164 1801 247 1861 huius
261 1803 304 1861 rei
322 1820 425 1862 nomen
440 1803 517 1881 quod
538 1803 671 1879 alterius,
688 1803 758 1878 illo,
782 1822 817 1862 an
834 1803 955 1881 proinde
975 1802 1106 1862 habenda
1123 1801 1157 1860 sit

124 1885 237 1949 lthaec
257 1896 342 1965 etque
362 1887 421 1947 illa.
457 1887 510 1946 Est
532 1896 562 1946 et
581 1888 645 1948 talis
672 1888 828 1946 finitionum
851 1888 1017 1963 diversitas,
1039 1895 1070 1944 ut
1084 1886 1157 1945 iden

164 1973 314 2046 sentiant,¹
332 1989 389 2031 non
411 1973 511 2032 iisdem
532 1973 629 2034 verbis
657 1972 913 2050 comprehendant:
944 1981 975 2030 ut
996 1971 1157 2045 rlretonce,

164 2056 240 2115 bene
260 2058 384 2117 dicendi
403 2059 550 2131 seleutia,
571 2065 599 2115 et
619 2056 719 2116 eadem
742 2057 817 2116 beue
831 2057 1023 2129 inveniendi,
1041 2063 1071 2113 et
1086 2055 1157 2115 leue

162 2142 357 2214 enuntiandi,
375 2149 404 2199 et
418 2142 542 2200 dlceudt'
554 2143 721 2201 secuudum
735 2142 874 2200 ulrtrutem
888 2141 1050 2213 orationis,
1068 2147 1097 2197 et
1112 2139 1156 2198 di·

165 2224 270 2293 cendi,
288 2225 368 2300 quod
390 2225 430 2284 sit
448 2224 551 2305 oflicii.
590 2224 687 2303 Atque
710 2224 932 2301 providendum,
952 2233 997 2299 ut,
1023 2224 1047 2280 si
1074 2239 1157 2280 sensu

165 2323 222 2363 non
237 2316 379 2384 pugnant,
397 2308 655 2385 comprehensione
666 2308 843 2368 dissentiant.
880 2308 937 2367 Sed
953 2308 989 2367 de
1004 2307 1048 2365 his
1063 2306 1156 2383 dispu·

123 2406 157 2457 13
165 2397 257 2464 tatur,
275 2407 332 2448 non
353 2390 487 2466 litigatur.
532 2390 611 2469 Opus
635 2401 680 2450 est
697 2391 849 2468 aliquando
865 2391 992 2450 linitione
1010 2389 1156 2469 ohscurio-

165 2473 243 2531 ribus
257 2483 285 2531 et
299 2474 487 2549 ignotioribus
501 2475 614 2548 verbiS,
629 2484 674 2550 ut,
692 2476 758 2553 quid
774 2477 810 2533 sit
821 2477 982 2554 clarigatio
998 2475 1074 2534 ercli
1090 2474 1157 2542 citi,⁸

165 2557 277 2615 interim
291 2559 365 2616 notis
383 2556 511 2633 nomine,
526 2559 663 2619 videlicet
679 2558 745 2637 quid
762 2560 798 2617 sit
810 2578 924 2636 penus,
947 2559 1013 2637 quid
1032 2559 1112 2617 litus.
1206 2556 1207 2615 l

249 2639 329 2713 Quae
349 2645 473 2701 varietas
491 2642 595 2718 eitioit,
620 2650 650 2701 ut
671 2660 734 2701 eam
755 2643 867 2719 quidam
882 2645 1082 2716 coniecturae,
1098 2642 1157 2718 qui·

166 2725 229 2784 dam
252 2726 397 2803 qualitati,
431 2725 543 2802 quidam
568 2727 703 2803 legitimis
730 2726 945 2803 quaestionibus
974 2725 1155 2784 subiecerint.
1206 2738 1207 2789 t

125 2807 339 2881 14Quibusdam
364 2827 400 2867 ne
427 2809 533 2887 placuit
558 2810 672 2887 quidem
700 2812 813 2868 omuino
835 2809 948 2870 subtilis
972 2810 1045 2869 baec
1071 2817 1100 2867 et
1124 2806 1156 2867 ad
1206 2796 1207 2883 l

164 2910 273 2952 morem
288 2893 502 2953 dialecticorum
517 2894 637 2952 formata
655 2894 822 2968 conclusio,
838 2903 868 2952 ut
883 2895 911 2953 in
923 2890 1207 2971 disputationibus
1206 2930 1207 2933 =

164 2979 260 3052 potius
288 2986 387 3053 arguta
412 2977 564 3036 verborum
592 2977 752 3036 cavillatrix
782 2995 865 3055 quarn
892 2979 920 3037 in
948 2978 1070 3037 oratoris
1096 2975 1155 3035 offi-

166 3061 211 3118 cio
228 3060 347 3119 'multum
372 3060 491 3120 allatura
507 3064 651 3119 momenti.
687 3060 767 3120 Licet
784 3063 857 3120 enim
872 3062 967 3120 valeat
984 3062 1012 3120 in
1026 3076 1155 3119 sermone

165 3151 287 3218 tautum,
312 3153 342 3202 ut
362 3146 546 3204 constrictum
566 3144 687 3203 vinculis
711 3146 770 3203 suis
797 3163 876 3220 eum,
899 3146 947 3222 qui
968 3160 1155 3222 responsurus

168 3236 229 3301 est,
244 3227 293 3286 vel
313 3236 411 3287 tacere
431 3228 480 3287 vel
496 3230 580 3287 etiam
595 3229 711 3293 invitum
726 3229 771 3304 id,
789 3229 865 3306 quod
883 3230 919 3287 sit
934 3238 1050 3302 contra,
1073 3235 1156 3305 cogat

124 3311 265 3374 lofateri:
287 3328 343 3369 non
361 3313 461 3370 eadem
478 3320 521 3370 est
542 3320 636 3370 tamen
652 3314 713 3370 eius
735 3314 763 3370 in
781 3314 874 3372 causis
889 3312 1005 3371 utilitas.
1040 3312 1155 3373 Persua-

166 3393 288 3455 dendum
311 3396 384 3452 enim
410 3395 495 3455 iudici
522 3403 583 3469 est,
611 3397 659 3473 qui
682 3397 791 3455 etiamsi
812 3395 909 3455 verbis
932 3396 1079 3455 devinctus
1101 3404 1155 3468 est,

165 3489 275 3554 tamen,
302 3479 355 3537 nisi
379 3479 433 3556 ipsi
458 3480 501 3537 rei
527 3481 701 3554 accesserit,
727 3481 830 3539 tacitus
854 3479 1013 3540 dissentiet.
1054 3478 1156 3558 Ageutt'
