2434 3925
181 185 241 246 132
492 198 851 258 amnemamnem

178 353 247 415 editi
267 354 300 414 ia
320 355 541 432 competitores,
560 354 592 413 ia
613 351 647 415 1..
664 351 816 428 Pisonem,
843 355 874 414 ia
897 350 1035 415 Clodium
1056 363 1085 416 et
1107 353 1170 418 Co-

179 438 294 521 riquem
306 436 370 497 libri
383 439 619 515 vituperationem
631 440 775 497 continent
790 447 819 496 et
830 446 924 497 tamen
938 440 966 496 in
978 439 1084 497 Senatu
1097 439 1168 500 loco

152 519 347 583 asuntbabiti
362 524 530 581 sententiae.
560 521 662 597 Neque
686 522 788 581 iniitias
806 538 858 596 eo,
883 521 1019 599 quasdam
1040 540 1107 582 esse
1128 543 1171 584 ex

178 604 235 664 boc
253 622 362 681 genere
376 607 509 665 materias
526 605 561 664 ad
579 604 671 663 solam
688 606 862 683 compositas
878 606 1115 682 ostentationem,
1136 617 1171 667 ut

177 688 277 748 laudes
298 686 417 748 deorum
436 691 636 769 virorumque,
664 706 737 765 quos
757 691 853 767 priora
879 698 1010 767 tempora
1030 690 1167 751 tulerunt.

178 770 243 844 Quo
259 772 380 833 solvitur
397 774 527 849 quaestio
546 790 633 850 supra
646 780 784 848 tractata,
802 772 1037 850 manifestumque
1059 783 1104 832 est
1121 792 1168 833 er·

178 872 243 914 rare
264 873 333 932 eos,
355 858 402 934 qui
423 873 563 933 nunquam
585 863 728 914 oratorem
747 856 886 915 dicturum
906 857 960 915 nisi
982 856 1019 916 de
1034 876 1067 916 re
1082 857 1169 916 dubia

149 947 359 1016 iputaverunt.
390 940 436 998 An
450 939 551 1000 laudes
567 937 720 1016 Capitolini
735 939 829 1013 louis,
851 948 991 1018 perpetua
1010 942 1085 1000 sacri
1103 960 1168 1001 oer-

178 1025 288 1082 taminis
302 1025 431 1099 materia,
449 1023 498 1083 uel
513 1022 615 1082 dubiae
630 1032 695 1082 suut
711 1023 760 1082 vel
773 1040 831 1082 uon
848 1025 975 1082 oratorio
987 1042 1096 1100 genere
1109 1034 1168 1084 tra·

179 1104 310 1167 ctanturl
537 1156 539 1161 .
884 1128 886 1131 ·

261 1189 299 1250 Ut
314 1191 459 1250 desiderat
474 1199 568 1250 autem
582 1190 663 1265 laus,
679 1191 891 1267 quae'negotiis
908 1190 1073 1267 adhibetur,
1099 1209 1168 1269 pro-

178 1270 338 1333 bationem:
361 1277 403 1334 sio
417 1277 501 1333 etiam
516 1275 576 1349 illa,
590 1292 664 1351 quae
679 1275 863 1332 ostentationi
875 1278 1064 1352 componitur,
1079 1275 1169 1335 habet

149 1360 291 1418 tinteriuu
305 1358 427 1435 aliquam
443 1358 571 1436 speeiem
585 1356 776 1435 probationis:
793 1366 822 1416 ut
837 1359 885 1434 qui
903 1357 1052 1418 Romulum
1067 1357 1169 1426 blartis

178 1441 266 1499 lilium
278 1441 484 1517 educatumque
498 1460 513 1500 a
526 1443 592 1520 lupa
611 1440 703 1516 dicat,
722 1443 749 1499 in
762 1450 955 1516 argumentum
969 1442 1107 1501 coelestis
1120 1460 1167 1501 or-

177 1533 223 1584 tus
239 1533 333 1584 utatur
348 1524 402 1600 bis,
421 1525 496 1601 quod
508 1524 637 1585 abiectus
654 1525 682 1583 in
699 1523 887 1602 profluentem
904 1542 960 1585 non
972 1528 1097 1604 potuerit
1116 1544 1167 1585 ex·

178 1608 279 1683 tingui,
303 1607 379 1685 quod
404 1610 497 1667 omnia
518 1610 562 1668 sic
583 1609 693 1686 egerit,
716 1617 746 1667 ut
770 1609 894 1684 genitum
917 1610 1050 1687 praeside
1071 1610 1167 1669 bello-

178 1709 239 1750 rum
262 1691 318 1751 deo
339 1692 507 1752 incredibile
529 1709 585 1752 uon
607 1700 705 1766 esset,
728 1692 805 1769 quod
827 1694 919 1770 ipsum
940 1710 1056 1771 quoque
1079 1694 1167 1753 coelo

149 1783 327 1854 oreeeptum
354 1776 490 1854 temporis
515 1778 577 1835 eius
598 1776 728 1836 homiues
751 1792 808 1834 non
829 1775 1026 1836 dubitaverint.
1071 1776 1167 1849 Quae-

178 1859 322 1918 damvero
341 1861 464 1919 etiamin
479 1859 655 1920 defensionis
675 1861 803 1939 speciem
822 1860 934 1933 cadent,
954 1869 985 1919 ut
998 1862 1022 1919 si
1034 1860 1062 1919 in
1081 1860 1167 1920 laude

176 1942 309 2004 Herculis
332 1953 520 2023 permutatum
542 1964 604 2005 oum
626 1946 725 2022 regina
747 1943 854 2020 Lydiae
873 1943 998 2004 habitum
1025 1953 1055 2005 et
1076 1944 1167 2024 impe·

178 2037 251 2103 rata,
272 2037 304 2088 ut
324 2029 453 2104 traditur,
476 2047 566 2107 pensa
585 2038 683 2089 orator
701 2037 832 2089 excuset.
866 2027 925 2089 Sed
941 2031 1088 2108 proprium
1107 2030 1167 2089 lau·

177 2111 221 2172 dis
242 2120 288 2171 est
309 2130 356 2170 res
379 2111 617 2190 amplificare
639 2122 669 2182 et
691 2131 832 2173 ornare.

257 2194 342 2268 Quae
371 2197 489 2255 materia
515 2198 673 2275 praecipue
700 2197 814 2275 quidem
837 2197 865 2255 iu
885 2195 958 2257 deos
983 2204 1012 2255 et
1037 2195 1169 2255 homiues
1209 2263 1210 2268 .

178 2277 268 2352 cadit,
292 2287 446 2339 esttamen
465 2286 494 2338 et
509 2279 630 2340 aliorum
647 2280 805 2340 animalium
822 2281 906 2340 etiam
930 2280 1085 2339 carentium
1108 2281 1168 2338 ani·

150 2369 231 2425 lma.
263 2360 371 2422 Verum
392 2363 420 2422 in
441 2363 518 2423 deis
541 2364 720 2439 generaliter
740 2366 858 2442 primum
880 2364 1058 2423 maiestatem
1076 2364 1168 2441 ipsius

178 2461 277 2503 eorum
298 2455 416 2506 naturae
438 2447 655 2523 venerabimur,
679 2447 782 2507 deinde
804 2450 922 2527 proprie
942 2449 999 2507 vim
1027 2448 1169 2523 cuiusque

148 2537 207 2591 Set
230 2529 361 2605 iuventa,
390 2548 464 2607 quae
491 2531 562 2590 utile
590 2531 697 2608 aliquid
724 2531 883 2591 bominibus
911 2531 1066 2591 attulerint.
1113 2529 1171 2589 Vis

178 2613 351 2689 ostenditur,
374 2622 404 2672 ut
425 2616 453 2673 in
469 2613 539 2674 love
556 2616 748 2691 regendorum
772 2616 903 2690 omnium,
926 2616 954 2674 in
970 2613 1061 2674 blarte
1082 2611 1167 2689 belli,

175 2696 204 2754 iu
224 2694 357 2775 Neptuno
379 2700 479 2765 maris:
499 2699 629 2773 inventa,
651 2708 682 2759 ut
698 2699 798 2758 artium
814 2700 842 2758 in
856 2698 999 2773 bliuerva,
1020 2696 1171 2757 Mercurio

176 2779 345 2855 litterarum,
363 2781 523 2841 medicinae
539 2782 687 2860 Apolline,
705 2780 815 2842 Cerere
831 2782 958 2859 frugum,
975 2781 1079 2840 Libero
1095 2781 1169 2839 viui

176 2861 247 2922 Tum
268 2865 293 2923 si
316 2882 371 2942 qua
391 2864 426 2925 ab
449 2864 493 2924 bis
514 2874 578 2925 aeta
599 2876 728 2926 vetustas
748 2866 879 2941 tradidit,
907 2864 1167 2925 commemoranda.

161 2947 290 3008 ,Addunt
310 2951 395 3009 etiarn
418 2948 471 3008 diis
489 2947 626 3008 bonorem
642 2958 789 3029 parentes,
811 2959 841 3009 ut
858 2951 961 3027 siquis
978 2950 1015 3008 sit
1031 2949 1106 3008 illius
1121 2947 1167 3006 lo·

175 3031 235 3099 vis;
258 3032 335 3092 addit
355 3033 525 3110 antiquitas,
547 3042 578 3092 ut
592 3033 652 3110 bis,
676 3034 723 3111 qui
744 3041 810 3092 suut
831 3052 869 3093 ex
891 3031 985 3098 Chao:
1009 3032 1168 3110 progenies

145 3122 308 3193 equoque,
330 3125 360 3175 ut
384 3115 493 3195 Apollo
516 3134 550 3176 ac
571 3116 662 3176 Diana
683 3117 819 3177 Latonae.
853 3116 1033 3177 laudandum
1055 3117 1083 3174 iu
1105 3117 1167 3196 qui·

63 3275 66 3282 ¹
174 3196 311 3274 busdam,
335 3200 410 3277 quod
432 3200 522 3277 geniti
537 3200 725 3276 immortales,
748 3201 931 3278 quibusdam,
955 3199 1032 3277 quod
1053 3201 1166 3258 immor·

174 3281 314 3363 talitatem
342 3285 447 3343 virtute
466 3285 524 3343 sint
545 3285 708 3351 consecuti;
738 3284 815 3362 quod
840 3286 933 3363 pietas
955 3284 1092 3363 principis
1115 3298 1166 3341 no·

175 3367 227 3425 stri
249 3368 442 3446 praesentium
459 3384 581 3445 quoque
602 3377 762 3445 temporum
783 3369 871 3428 decus
892 3368 971 3426 iecit.

134 3460 169 3512 10
257 3449 352 3550 llagis
374 3460 420 3511 est
441 3451 520 3512 uaria
536 3451 601 3512 laus
615 3452 808 3511 bominum.
842 3450 913 3511 Nam
930 3453 1049 3529 primum
1067 3448 1169 3509 dividi·
