<?xml version="1.0" encoding="UTF-8"?>
<!DOCTYPE html PUBLIC "-//W3C//DTD XHTML 1.0 Transitional//EN"
    "http://www.w3.org/TR/xhtml1/DTD/xhtml1-transitional.dtd">
<html xmlns="http://www.w3.org/1999/xhtml" xml:lang="en" lang="en">
 <head>
  <title>
</title>
<meta http-equiv="Content-Type" content="text/html;charset=utf-8" />
  <meta name='ocr-system' content='tesseract 3.04.00' />
  <meta name='ocr-capabilities' content='ocr_page ocr_carea ocr_par ocr_line ocrx_word'/>
</head>
<body>
  <div class='ocr_page' id='page_1' title='image "./mfabiiquintilia08bonngoog_0176.png"; bbox 0 0 2434 3925; ppageno 0'>
   <div class='ocr_carea' id='block_1_1' title="bbox 152 221 825 314">
    <p class='ocr_par' dir='ltr' id='par_1_1' title="bbox 152 221 825 314">
     <span class='ocr_line' id='line_1_1' title="bbox 152 221 825 314; baseline -0.004 -9"><span class='ocrx_word' id='word_1_1' title='bbox 152 243 212 305; x_wconf 80' lang='lat'><strong>124</strong></span> <span class='ocrx_word' id='word_1_2' title='bbox 461 221 825 314; x_wconf 65' lang='grc' dir='ltr'>ιιιιιιοιιιιιιιιιιιιι</span> 
     </span>
    </p>
   </div>
   <div class='ocr_carea' id='block_1_2' title="bbox 68 408 1157 3519">
    <p class='ocr_par' dir='ltr' id='par_1_2' title="bbox 68 408 1157 3519">
     <span class='ocr_line' id='line_1_2' title="bbox 149 408 1152 491; baseline -0.001 -18"><span class='ocrx_word' id='word_1_3' title='bbox 149 430 230 488; x_wconf 89' lang='lat' dir='ltr'><strong>uem,</strong></span> <span class='ocrx_word' id='word_1_4' title='bbox 251 410 433 489; x_wconf 77' lang='lat' dir='ltr'><strong>qualitatem,</strong></span> <span class='ocrx_word' id='word_1_5' title='bbox 454 412 655 488; x_wconf 74' lang='lat' dir='ltr'><strong>quantitatem,</strong></span> <span class='ocrx_word' id='word_1_6' title='bbox 678 410 714 471; x_wconf 92' lang='lat' dir='ltr'><strong>ad</strong></span> <span class='ocrx_word' id='word_1_7' title='bbox 728 410 846 487; x_wconf 88' lang='lat' dir='ltr'><strong>aliquid.</strong></span> <span class='ocrx_word' id='word_1_8' title='bbox 884 408 1056 471; x_wconf 80' lang='lat' dir='ltr'><strong>Theodorus</strong></span> <span class='ocrx_word' id='word_1_9' title='bbox 1072 429 1152 491; x_wconf 93' lang='lat' dir='ltr'><strong>quo·</strong></span> 
     </span>
     <span class='ocr_line' id='line_1_3' title="bbox 150 493 1151 577; baseline -0.001 -21"><span class='ocrx_word' id='word_1_10' title='bbox 150 516 224 577; x_wconf 92' lang='lat' dir='ltr'><strong>que,</strong></span> <span class='ocrx_word' id='word_1_11' title='bbox 246 506 277 555; x_wconf 92' lang='lat' dir='ltr'><strong>ut</strong></span> <span class='ocrx_word' id='word_1_12' title='bbox 298 495 372 570; x_wconf 86' lang='lat' dir='ltr'><strong>dixi,</strong></span> <span class='ocrx_word' id='word_1_13' title='bbox 400 495 502 554; x_wconf 91' lang='lat' dir='ltr'><strong>iisdem</strong></span> <span class='ocrx_word' id='word_1_14' title='bbox 523 494 710 571; x_wconf 77' lang='lat' dir='ltr'><strong>generalibus</strong></span> <span class='ocrx_word' id='word_1_15' title='bbox 733 494 875 572; x_wconf 77' lang='lat' dir='ltr'><strong>capitibus</strong></span> <span class='ocrx_word' id='word_1_16' title='bbox 894 497 995 571; x_wconf 86' lang='lat' dir='ltr'><strong>utitur,</strong></span> <span class='ocrx_word' id='word_1_17' title='bbox 1018 496 1065 555; x_wconf 85' lang='grc' dir='ltr'><strong>Αιι</strong></span> <span class='ocrx_word' id='word_1_18' title='bbox 1085 493 1151 555; x_wconf 82' lang='lat' dir='ltr'><strong>sit?</strong></span> 
     </span>
     <span class='ocr_line' id='line_1_4' title="bbox 150 575 1150 656; baseline -0.002 -15"><span class='ocrx_word' id='word_1_19' title='bbox 150 581 225 656; x_wconf 84' lang='lat' dir='ltr'><strong>Quid</strong></span> <span class='ocrx_word' id='word_1_20' title='bbox 240 576 297 639; x_wconf 82' lang='lat' dir='ltr'><strong>siti</strong></span> <span class='ocrx_word' id='word_1_21' title='bbox 320 578 414 652; x_wconf 82' lang='lat' dir='ltr'><strong>Quale</strong></span> <span class='ocrx_word' id='word_1_22' title='bbox 429 575 487 637; x_wconf 80' lang='lat' dir='ltr'><strong>sit?</strong></span> <span class='ocrx_word' id='word_1_23' title='bbox 523 578 664 652; x_wconf 89' lang='lat' dir='ltr'><strong>Quantum</strong></span> <span class='ocrx_word' id='word_1_24' title='bbox 685 575 743 637; x_wconf 87' lang='lat' dir='ltr'><strong>sitl</strong></span> <span class='ocrx_word' id='word_1_25' title='bbox 774 577 820 637; x_wconf 76' lang='lat' dir='ltr'><strong>ut</strong></span> <span class='ocrx_word' id='word_1_26' title='bbox 842 578 960 656; x_wconf 88' lang='lat' dir='ltr'><strong>aliquid.</strong></span> <span class='ocrx_word' id='word_1_27' title='bbox 998 579 1062 639; x_wconf 87' lang='lat' dir='ltr'><strong>Hoc</strong></span> <span class='ocrx_word' id='word_1_28' title='bbox 1078 579 1150 639; x_wconf 92' lang='lat' dir='ltr'><strong>ulti·</strong></span> 
     </span>
     <span class='ocr_line' id='line_1_5' title="bbox 148 664 1157 743; baseline 0.002 -19"><span class='ocrx_word' id='word_1_29' title='bbox 148 684 223 725; x_wconf 86' lang='lat' dir='ltr'><strong>murm</strong></span> <span class='ocrx_word' id='word_1_30' title='bbox 238 665 360 724; x_wconf 88' lang='lat' dir='ltr'><strong>maxime</strong></span> <span class='ocrx_word' id='word_1_31' title='bbox 376 665 405 721; x_wconf 92' lang='lat' dir='ltr'><strong>iu</strong></span> <span class='ocrx_word' id='word_1_32' title='bbox 423 664 619 741; x_wconf 87' lang='lat' dir='ltr'><strong>comparativo</strong></span> <span class='ocrx_word' id='word_1_33' title='bbox 639 680 750 739; x_wconf 82' lang='lat' dir='ltr'><strong>genere</strong></span> <span class='ocrx_word' id='word_1_34' title='bbox 764 664 876 722; x_wconf 84' lang='lat' dir='ltr'><strong>versari</strong></span> <span class='ocrx_word' id='word_1_35' title='bbox 892 672 988 740; x_wconf 90' lang='lat' dir='ltr'><strong>putat,</strong></span> <span class='ocrx_word' id='word_1_36' title='bbox 1011 666 1157 743; x_wconf 88' lang='lat' dir='ltr'><strong>quoniam</strong></span> 
     </span>
     <span class='ocr_line' id='line_1_6' title="bbox 150 746 1149 824; baseline -0.002 -16"><span class='ocrx_word' id='word_1_37' title='bbox 150 749 252 809; x_wconf 88' lang='lat' dir='ltr'><strong>melius</strong></span> <span class='ocrx_word' id='word_1_38' title='bbox 268 765 303 808; x_wconf 91' lang='lat' dir='ltr'><strong>ac</strong></span> <span class='ocrx_word' id='word_1_39' title='bbox 318 749 418 824; x_wconf 92' lang='lat' dir='ltr'><strong>peius,</strong></span> <span class='ocrx_word' id='word_1_40' title='bbox 441 748 530 805; x_wconf 90' lang='lat' dir='ltr'><strong>maius</strong></span> <span class='ocrx_word' id='word_1_41' title='bbox 549 755 579 805; x_wconf 94' lang='lat' dir='ltr'><strong>et</strong></span> <span class='ocrx_word' id='word_1_42' title='bbox 601 748 692 805; x_wconf 92' lang='lat' dir='ltr'><strong>minus</strong></span> <span class='ocrx_word' id='word_1_43' title='bbox 711 749 765 806; x_wconf 91' lang='lat' dir='ltr'><strong>uisi</strong></span> <span class='ocrx_word' id='word_1_44' title='bbox 783 746 840 806; x_wconf 90' lang='lat' dir='ltr'><strong>alio</strong></span> <span class='ocrx_word' id='word_1_45' title='bbox 856 746 947 807; x_wconf 89' lang='lat' dir='ltr'><strong>relata</strong></span> <span class='ocrx_word' id='word_1_46' title='bbox 963 765 1021 806; x_wconf 91' lang='lat' dir='ltr'><strong>non</strong></span> <span class='ocrx_word' id='word_1_47' title='bbox 1038 747 1149 807; x_wconf 91' lang='lat' dir='ltr'><strong>intelli·</strong></span> 
     </span>
     <span class='ocr_line' id='line_1_7' title="bbox 108 830 1149 911; baseline -0.007 -14"><span class='ocrx_word' id='word_1_48' title='bbox 108 844 142 897; x_wconf 82' lang='lat'><strong>52</strong></span> <span class='ocrx_word' id='word_1_49' title='bbox 150 841 263 911; x_wconf 85' lang='lat' dir='ltr'><strong>guntur.</strong></span> <span class='ocrx_word' id='word_1_50' title='bbox 299 831 358 891; x_wconf 89' lang='lat' dir='ltr'><strong>Sed</strong></span> <span class='ocrx_word' id='word_1_51' title='bbox 380 831 407 888; x_wconf 94' lang='lat' dir='ltr'><strong>in</strong></span> <span class='ocrx_word' id='word_1_52' title='bbox 430 830 496 889; x_wconf 91' lang='lat' dir='ltr'><strong>illas</strong></span> <span class='ocrx_word' id='word_1_53' title='bbox 518 847 636 908; x_wconf 91' lang='lat' dir='ltr'><strong>quoque</strong></span> <span class='ocrx_word' id='word_1_54' title='bbox 658 831 857 906; x_wconf 80' lang='lat' dir='ltr'><strong>translativas,</strong></span> <span class='ocrx_word' id='word_1_55' title='bbox 880 840 911 889; x_wconf 94' lang='lat' dir='ltr'><strong>ut</strong></span> <span class='ocrx_word' id='word_1_56' title='bbox 928 850 1015 911; x_wconf 94' lang='lat' dir='ltr'><strong>supra</strong></span> <span class='ocrx_word' id='word_1_57' title='bbox 1037 832 1149 909; x_wconf 86' lang='lat' dir='ltr'><strong>signib-</strong></span> 
     </span>
     <span class='ocr_line' id='line_1_8' title="bbox 152 913 1149 994; baseline -0.003 -17"><span class='ocrx_word' id='word_1_58' title='bbox 152 919 231 993; x_wconf 90' lang='lat' dir='ltr'><strong>cavi,</strong></span> <span class='ocrx_word' id='word_1_59' title='bbox 255 916 441 994; x_wconf 85' lang='lat' dir='ltr'><strong>quaestiones</strong></span> <span class='ocrx_word' id='word_1_60' title='bbox 461 915 576 989; x_wconf 90' lang='lat' dir='ltr'><strong>incidit,</strong></span> <span class='ocrx_word' id='word_1_61' title='bbox 599 913 645 973; x_wconf 85' lang='grc' dir='ltr'><strong>Αιι</strong></span> <span class='ocrx_word' id='word_1_62' title='bbox 665 915 732 974; x_wconf 90' lang='lat' dir='ltr'><strong>huic</strong></span> <span class='ocrx_word' id='word_1_63' title='bbox 750 916 794 973; x_wconf 89' lang='lat' dir='ltr'><strong>ius</strong></span> <span class='ocrx_word' id='word_1_64' title='bbox 810 915 914 991; x_wconf 88' lang='lat' dir='ltr'><strong>agendi</strong></span> <span class='ocrx_word' id='word_1_65' title='bbox 937 913 994 975; x_wconf 86' lang='lat' dir='ltr'><strong>sit?</strong></span> <span class='ocrx_word' id='word_1_66' title='bbox 1015 917 1080 990; x_wconf 86' lang='lat' dir='ltr'><strong>vel,</strong></span> <span class='ocrx_word' id='word_1_67' title='bbox 1104 915 1149 975; x_wconf 87' lang='lat' dir='ltr'><strong>ia-</strong></span> 
     </span>
     <span class='ocr_line' id='line_1_9' title="bbox 152 996 1150 1078; baseline -0.003 -16"><span class='ocrx_word' id='word_1_68' title='bbox 152 1018 220 1062; x_wconf 89' lang='lat' dir='ltr'><strong>cere</strong></span> <span class='ocrx_word' id='word_1_69' title='bbox 236 1000 343 1078; x_wconf 92' lang='lat' dir='ltr'><strong>aliquid</strong></span> <span class='ocrx_word' id='word_1_70' title='bbox 359 996 532 1058; x_wconf 78' lang='lat' dir='ltr'><strong>conveniat?</strong></span> <span class='ocrx_word' id='word_1_71' title='bbox 555 999 601 1058; x_wconf 86' lang='grc' dir='ltr'><strong>Αιι</strong></span> <span class='ocrx_word' id='word_1_72' title='bbox 617 1008 717 1058; x_wconf 88' lang='lat' dir='ltr'><strong>contra</strong></span> <span class='ocrx_word' id='word_1_73' title='bbox 734 996 830 1058; x_wconf 85' lang='lat' dir='ltr'><strong>hunc‘l</strong></span> <span class='ocrx_word' id='word_1_74' title='bbox 857 998 903 1058; x_wconf 86' lang='grc' dir='ltr'><strong>Αιι</strong></span> <span class='ocrx_word' id='word_1_75' title='bbox 918 999 975 1060; x_wconf 92' lang='lat' dir='ltr'><strong>boc</strong></span> <span class='ocrx_word' id='word_1_76' title='bbox 991 996 1150 1078; x_wconf 74' lang='lat' dir='ltr'><strong>tenpore?</strong></span> 
     </span>
     <span class='ocr_line' id='line_1_10' title="bbox 109 1081 1149 1160; baseline -0.007 -11"><span class='ocrx_word' id='word_1_77' title='bbox 109 1086 198 1149; x_wconf 82' lang='lat' dir='ltr'><strong>53An</strong></span> <span class='ocrx_word' id='word_1_78' title='bbox 213 1082 278 1144; x_wconf 86' lang='lat' dir='ltr'><strong>sio?</strong></span> <span class='ocrx_word' id='word_1_79' title='bbox 300 1083 393 1143; x_wconf 92' lang='lat' dir='ltr'><strong>omnia</strong></span> <span class='ocrx_word' id='word_1_80' title='bbox 409 1084 483 1142; x_wconf 89' lang='lat' dir='ltr'><strong>euim</strong></span> <span class='ocrx_word' id='word_1_81' title='bbox 497 1085 552 1143; x_wconf 89' lang='lat' dir='ltr'><strong>ista</strong></span> <span class='ocrx_word' id='word_1_82' title='bbox 568 1081 672 1142; x_wconf 89' lang='lat' dir='ltr'><strong>relerri</strong></span> <span class='ocrx_word' id='word_1_83' title='bbox 687 1082 723 1143; x_wconf 92' lang='lat' dir='ltr'><strong>ad</strong></span> <span class='ocrx_word' id='word_1_84' title='bbox 738 1083 845 1160; x_wconf 92' lang='lat' dir='ltr'><strong>aliquid</strong></span> <span class='ocrx_word' id='word_1_85' title='bbox 860 1101 985 1142; x_wconf 87' lang='lat' dir='ltr'><strong>necesse</strong></span> <span class='ocrx_word' id='word_1_86' title='bbox 1001 1092 1055 1144; x_wconf 90' lang='lat' dir='ltr'><strong>est</strong></span> <span class='ocrx_word' id='word_1_87' title='bbox 1087 1084 1149 1143; x_wconf 82' lang='lat' dir='ltr'><strong>Alii</strong></span> 
     </span>
     <span class='ocr_line' id='line_1_11' title="bbox 152 1166 1148 1265; baseline -0.004 -35"><span class='ocrx_word' id='word_1_88' title='bbox 152 1189 218 1230; x_wconf 85' lang='lat' dir='ltr'><strong>sex</strong></span> <span class='ocrx_word' id='word_1_89' title='bbox 239 1177 331 1227; x_wconf 88' lang='lat' dir='ltr'><strong>status</strong></span> <span class='ocrx_word' id='word_1_90' title='bbox 353 1175 469 1245; x_wconf 89' lang='lat' dir='ltr'><strong>putant,</strong></span> <span class='ocrx_word' id='word_1_91' title='bbox 491 1169 702 1242; x_wconf 89' lang='lat' dir='ltr'><strong>coniecturam,</strong></span> <span class='ocrx_word' id='word_1_92' title='bbox 729 1184 812 1265; x_wconf 94' lang='lat' dir='ltr'><strong>quam</strong></span> <span class='ocrx_word' id='word_1_93' title='bbox 835 1166 949 1246; x_wconf 72' lang='grc' dir='ltr'>γένεσιν</span> <span class='ocrx_word' id='word_1_94' title='bbox 969 1176 1090 1234; x_wconf 76' lang='lat' dir='ltr'><strong>vocant:</strong></span> <span class='ocrx_word' id='word_1_95' title='bbox 1117 1177 1148 1226; x_wconf 92' lang='lat' dir='ltr'><strong>et</strong></span> 
     </span>
     <span class='ocr_line' id='line_1_12' title="bbox 152 1244 1149 1333; baseline -0.003 -20"><span class='ocrx_word' id='word_1_96' title='bbox 152 1254 332 1333; x_wconf 66' lang='lat' dir='ltr'><strong>qualitatem</strong></span> <span class='ocrx_word' id='word_1_97' title='bbox 355 1260 384 1310; x_wconf 92' lang='lat' dir='ltr'><strong>et</strong></span> <span class='ocrx_word' id='word_1_98' title='bbox 399 1253 622 1329; x_wconf 81' lang='lat' dir='ltr'><strong>proprietatem,</strong></span> <span class='ocrx_word' id='word_1_99' title='bbox 639 1252 667 1311; x_wconf 94' lang='lat' dir='ltr'><strong>id</strong></span> <span class='ocrx_word' id='word_1_100' title='bbox 684 1260 729 1311; x_wconf 91' lang='lat' dir='ltr'><strong>est</strong></span> <span class='ocrx_word' id='word_1_101' title='bbox 745 1244 887 1329; x_wconf 78' lang='grc' dir='ltr'>ἰδιότητα,</span> <span class='ocrx_word' id='word_1_102' title='bbox 904 1269 961 1329; x_wconf 93' lang='lat' dir='ltr'><strong>quo</strong></span> <span class='ocrx_word' id='word_1_103' title='bbox 976 1251 1068 1311; x_wconf 88' lang='lat' dir='ltr'><strong>verbo</strong></span> <span class='ocrx_word' id='word_1_104' title='bbox 1084 1251 1149 1310; x_wconf 89' lang='lat' dir='ltr'><strong>liui-</strong></span> 
     </span>
     <span class='ocr_line' id='line_1_13' title="bbox 151 1332 1148 1414; baseline -0.004 -15"><span class='ocrx_word' id='word_1_105' title='bbox 151 1342 192 1399; x_wconf 93' lang='lat' dir='ltr'><strong>tio</strong></span> <span class='ocrx_word' id='word_1_106' title='bbox 211 1335 385 1402; x_wconf 87' lang='lat' dir='ltr'><strong>ostenditur,</strong></span> <span class='ocrx_word' id='word_1_107' title='bbox 407 1343 436 1394; x_wconf 90' lang='lat' dir='ltr'><strong>et</strong></span> <span class='ocrx_word' id='word_1_108' title='bbox 452 1338 654 1413; x_wconf 86' lang='lat' dir='ltr'><strong>quantitatem,</strong></span> <span class='ocrx_word' id='word_1_109' title='bbox 675 1354 758 1414; x_wconf 90' lang='lat' dir='ltr'><strong>quam</strong></span> <span class='ocrx_word' id='word_1_110' title='bbox 774 1332 860 1408; x_wconf 75' lang='grc' dir='ltr'><em>ἀξίαν</em></span> <span class='ocrx_word' id='word_1_111' title='bbox 882 1335 993 1404; x_wconf 86' lang='lat' dir='ltr'><strong>dicuut;</strong></span> <span class='ocrx_word' id='word_1_112' title='bbox 1018 1344 1047 1395; x_wconf 92' lang='lat' dir='ltr'><strong>et</strong></span> <span class='ocrx_word' id='word_1_113' title='bbox 1068 1352 1148 1395; x_wconf 91' lang='lat' dir='ltr'><strong>com·</strong></span> 
     </span>
     <span class='ocr_line' id='line_1_14' title="bbox 152 1419 1148 1502; baseline -0.004 -20"><span class='ocrx_word' id='word_1_114' title='bbox 152 1423 347 1502; x_wconf 67' lang='lat' dir='ltr'><strong>parationem</strong></span> <span class='ocrx_word' id='word_1_115' title='bbox 367 1428 396 1478; x_wconf 92' lang='lat' dir='ltr'><strong>et</strong></span> <span class='ocrx_word' id='word_1_116' title='bbox 411 1419 640 1495; x_wconf 83' lang='lat' dir='ltr'><strong>translationem,</strong></span> <span class='ocrx_word' id='word_1_117' title='bbox 658 1422 738 1479; x_wconf 90' lang='lat' dir='ltr'><strong>cuius</strong></span> <span class='ocrx_word' id='word_1_118' title='bbox 754 1420 847 1479; x_wconf 87' lang='lat' dir='ltr'><strong>adbuc</strong></span> <span class='ocrx_word' id='word_1_119' title='bbox 862 1437 968 1479; x_wconf 89' lang='lat' dir='ltr'><strong>novum</strong></span> <span class='ocrx_word' id='word_1_120' title='bbox 985 1437 1089 1479; x_wconf 89' lang='lat' dir='ltr'><strong>nomeu</strong></span> <span class='ocrx_word' id='word_1_121' title='bbox 1106 1422 1148 1478; x_wconf 92' lang='lat' dir='ltr'><strong>iu·</strong></span> 
     </span>
     <span class='ocr_line' id='line_1_15' title="bbox 152 1496 1150 1602; baseline -0.004 -36"><span class='ocrx_word' id='word_1_122' title='bbox 152 1515 268 1566; x_wconf 86' lang='lat' dir='ltr'><strong>ventum</strong></span> <span class='ocrx_word' id='word_1_123' title='bbox 283 1512 327 1563; x_wconf 91' lang='lat' dir='ltr'><strong>est</strong></span> <span class='ocrx_word' id='word_1_124' title='bbox 342 1496 526 1602; x_wconf 54' lang='grc' dir='ltr'>μετάστασις,</span> <span class='ocrx_word' id='word_1_125' title='bbox 544 1521 648 1563; x_wconf 82' lang='lat' dir='ltr'><strong>uorum</strong></span> <span class='ocrx_word' id='word_1_126' title='bbox 656 1506 811 1581; x_wconf 93' lang='lat' dir='ltr'><strong>,inquam,</strong></span> <span class='ocrx_word' id='word_1_127' title='bbox 831 1504 859 1561; x_wconf 90' lang='lat' dir='ltr'><strong>in</strong></span> <span class='ocrx_word' id='word_1_128' title='bbox 877 1513 952 1563; x_wconf 90' lang='lat' dir='ltr'><strong>statu</strong></span> <span class='ocrx_word' id='word_1_129' title='bbox 960 1505 1094 1582; x_wconf 84' lang='lat' dir='ltr'><strong>,alioqui</strong></span> <span class='ocrx_word' id='word_1_130' title='bbox 1110 1503 1150 1563; x_wconf 90' lang='lat' dir='ltr'><strong>ab</strong></span> 
     </span>
     <span class='ocr_line' id='line_1_16' title="bbox 111 1587 1149 1666; baseline -0.002 -16"><span class='ocrx_word' id='word_1_131' title='bbox 111 1597 146 1650; x_wconf 82' lang='lat' dir='ltr'><strong>st</strong></span> <span class='ocrx_word' id='word_1_132' title='bbox 153 1590 329 1666; x_wconf 83' lang='lat' dir='ltr'><strong>Hermagora</strong></span> <span class='ocrx_word' id='word_1_133' title='bbox 344 1590 419 1647; x_wconf 93' lang='lat' dir='ltr'><strong>iuter</strong></span> <span class='ocrx_word' id='word_1_134' title='bbox 434 1590 550 1665; x_wconf 90' lang='lat' dir='ltr'><strong>species</strong></span> <span class='ocrx_word' id='word_1_135' title='bbox 563 1588 738 1648; x_wconf 85' lang='lat' dir='ltr'><strong>iuridiciales</strong></span> <span class='ocrx_word' id='word_1_136' title='bbox 752 1590 894 1648; x_wconf 90' lang='lat' dir='ltr'><strong>usitatum.</strong></span> <span class='ocrx_word' id='word_1_137' title='bbox 917 1587 1002 1648; x_wconf 81' lang='lat' dir='ltr'><strong>Aliis</strong></span> <span class='ocrx_word' id='word_1_138' title='bbox 998 1596 1149 1666; x_wconf 87' lang='lat' dir='ltr'><strong>septem</strong></span> 
     </span>
     <span class='ocr_line' id='line_1_17' title="bbox 154 1671 1147 1751; baseline -0.003 -17"><span class='ocrx_word' id='word_1_139' title='bbox 154 1692 221 1735; x_wconf 89' lang='lat' dir='ltr'><strong>esse</strong></span> <span class='ocrx_word' id='word_1_140' title='bbox 237 1673 359 1751; x_wconf 88' lang='lat' dir='ltr'><strong>placuit;</strong></span> <span class='ocrx_word' id='word_1_141' title='bbox 381 1690 396 1731; x_wconf 91' lang='lat' dir='ltr'><strong>a</strong></span> <span class='ocrx_word' id='word_1_142' title='bbox 412 1671 514 1750; x_wconf 86' lang='lat' dir='ltr'><strong>quibus</strong></span> <span class='ocrx_word' id='word_1_143' title='bbox 532 1691 587 1731; x_wconf 86' lang='lat' dir='ltr'><strong>uec</strong></span> <span class='ocrx_word' id='word_1_144' title='bbox 602 1673 752 1732; x_wconf 89' lang='lat' dir='ltr'><strong>translatio</strong></span> <span class='ocrx_word' id='word_1_145' title='bbox 769 1691 824 1731; x_wconf 89' lang='lat' dir='ltr'><strong>nec</strong></span> <span class='ocrx_word' id='word_1_146' title='bbox 840 1674 981 1750; x_wconf 88' lang='lat' dir='ltr'><strong>quantitas</strong></span> <span class='ocrx_word' id='word_1_147' title='bbox 997 1691 1052 1731; x_wconf 90' lang='lat' dir='ltr'><strong>neo</strong></span> <span class='ocrx_word' id='word_1_148' title='bbox 1068 1689 1147 1731; x_wconf 93' lang='lat' dir='ltr'><strong>com·</strong></span> 
     </span>
     <span class='ocr_line' id='line_1_18' title="bbox 154 1756 1148 1838; baseline -0.003 -20"><span class='ocrx_word' id='word_1_149' title='bbox 154 1760 264 1838; x_wconf 90' lang='lat' dir='ltr'><strong>paratio</strong></span> <span class='ocrx_word' id='word_1_150' title='bbox 290 1765 410 1834; x_wconf 90' lang='lat' dir='ltr'><strong>recepta</strong></span> <span class='ocrx_word' id='word_1_151' title='bbox 436 1765 497 1830; x_wconf 89' lang='lat' dir='ltr'><strong>est,</strong></span> <span class='ocrx_word' id='word_1_152' title='bbox 522 1757 574 1816; x_wconf 92' lang='lat' dir='ltr'><strong>sed</strong></span> <span class='ocrx_word' id='word_1_153' title='bbox 600 1759 630 1815; x_wconf 91' lang='lat' dir='ltr'><strong>in</strong></span> <span class='ocrx_word' id='word_1_154' title='bbox 654 1756 755 1816; x_wconf 91' lang='lat' dir='ltr'><strong>borum</strong></span> <span class='ocrx_word' id='word_1_155' title='bbox 781 1758 864 1815; x_wconf 94' lang='lat' dir='ltr'><strong>trium</strong></span> <span class='ocrx_word' id='word_1_156' title='bbox 890 1757 986 1817; x_wconf 89' lang='lat' dir='ltr'><strong>locum</strong></span> <span class='ocrx_word' id='word_1_157' title='bbox 1013 1756 1148 1816; x_wconf 90' lang='lat' dir='ltr'><strong>subditae</strong></span> 
     </span>
     <span class='ocr_line' id='line_1_19' title="bbox 111 1839 1149 1922; baseline -0.004 -18"><span class='ocrx_word' id='word_1_158' title='bbox 111 1849 290 1922; x_wconf 72' lang='lat' dir='ltr'><strong>etquattuor</strong></span> <span class='ocrx_word' id='word_1_159' title='bbox 310 1839 634 1918; x_wconf 87' lang='lat' dir='ltr'><strong>legalesadiectaeque</strong></span> <span class='ocrx_word' id='word_1_160' title='bbox 656 1841 746 1899; x_wconf 90' lang='lat' dir='ltr'><strong>tribus</strong></span> <span class='ocrx_word' id='word_1_161' title='bbox 767 1840 826 1900; x_wconf 90' lang='lat' dir='ltr'><strong>illis</strong></span> <span class='ocrx_word' id='word_1_162' title='bbox 852 1840 1051 1900; x_wconf 88' lang='lat' dir='ltr'><strong>rationalibus.</strong></span> <span class='ocrx_word' id='word_1_163' title='bbox 1088 1840 1149 1900; x_wconf 79' lang='lat' dir='ltr'><strong>Alii</strong></span> 
     </span>
     <span class='ocr_line' id='line_1_20' title="bbox 153 1924 1147 2008; baseline -0.003 -20"><span class='ocrx_word' id='word_1_164' title='bbox 153 1935 347 2008; x_wconf 88' lang='lat' dir='ltr'><strong>pervenerunt</strong></span> <span class='ocrx_word' id='word_1_165' title='bbox 367 1925 512 2003; x_wconf 90' lang='lat' dir='ltr'><strong>usquead</strong></span> <span class='ocrx_word' id='word_1_166' title='bbox 533 1934 637 2002; x_wconf 90' lang='lat' dir='ltr'><strong>octo,</strong></span> <span class='ocrx_word' id='word_1_167' title='bbox 658 1924 845 1985; x_wconf 87' lang='lat' dir='ltr'><strong>translatione</strong></span> <span class='ocrx_word' id='word_1_168' title='bbox 869 1924 903 1985; x_wconf 91' lang='lat' dir='ltr'><strong>ad</strong></span> <span class='ocrx_word' id='word_1_169' title='bbox 926 1934 1038 2004; x_wconf 90' lang='lat' dir='ltr'><strong>septem</strong></span> <span class='ocrx_word' id='word_1_170' title='bbox 1060 1942 1147 2004; x_wconf 90' lang='lat' dir='ltr'><strong>supe·</strong></span> 
     </span>
     <span class='ocr_line' id='line_1_21' title="bbox 153 2009 1149 2088; baseline -0.004 -16"><span class='ocrx_word' id='word_1_171' title='bbox 153 2015 247 2072; x_wconf 91' lang='lat' dir='ltr'><strong>riores</strong></span> <span class='ocrx_word' id='word_1_172' title='bbox 263 2012 385 2071; x_wconf 91' lang='lat' dir='ltr'><strong>adiecta.</strong></span> <span class='ocrx_word' id='word_1_173' title='bbox 417 2010 443 2069; x_wconf 85' lang='grc' dir='ltr'>Α</span> <span class='ocrx_word' id='word_1_174' title='bbox 461 2009 629 2088; x_wconf 91' lang='lat' dir='ltr'><strong>quibusdam</strong></span> <span class='ocrx_word' id='word_1_175' title='bbox 644 2009 747 2070; x_wconf 89' lang='lat' dir='ltr'><strong>deiude</strong></span> <span class='ocrx_word' id='word_1_176' title='bbox 763 2010 854 2069; x_wconf 87' lang='lat' dir='ltr'><strong>divisa</strong></span> <span class='ocrx_word' id='word_1_177' title='bbox 869 2012 942 2070; x_wconf 93' lang='lat' dir='ltr'><strong>ratio</strong></span> <span class='ocrx_word' id='word_1_178' title='bbox 958 2019 1019 2085; x_wconf 91' lang='lat' dir='ltr'><strong>est,</strong></span> <span class='ocrx_word' id='word_1_179' title='bbox 1042 2017 1073 2068; x_wconf 87' lang='lat' dir='ltr'><strong>et</strong></span> <span class='ocrx_word' id='word_1_180' title='bbox 1089 2017 1149 2069; x_wconf 90' lang='lat' dir='ltr'><strong>sta-</strong></span> 
     </span>
     <span class='ocr_line' id='line_1_22' title="bbox 154 2093 1149 2177; baseline -0.004 -20"><span class='ocrx_word' id='word_1_181' title='bbox 154 2107 199 2157; x_wconf 93' lang='lat' dir='ltr'><strong>tus</strong></span> <span class='ocrx_word' id='word_1_182' title='bbox 208 2096 376 2157; x_wconf 79' lang='lat' dir='ltr'><strong>rationales</strong></span> <span class='ocrx_word' id='word_1_183' title='bbox 384 2094 577 2172; x_wconf 86' lang='lat' dir='ltr'><strong>appellarunt,</strong></span> <span class='ocrx_word' id='word_1_184' title='bbox 583 2096 778 2177; x_wconf 78' lang='lat' dir='ltr'><strong>quaestiones</strong></span> <span class='ocrx_word' id='word_1_185' title='bbox 791 2093 1044 2172; x_wconf 86' lang='lat' dir='ltr'><strong>(quemadmodum</strong></span> <span class='ocrx_word' id='word_1_186' title='bbox 1059 2110 1149 2171; x_wconf 91' lang='lat' dir='ltr'><strong>supra</strong></span> 
     </span>
     <span class='ocr_line' id='line_1_23' title="bbox 155 2178 1147 2258; baseline -0.005 -18"><span class='ocrx_word' id='word_1_187' title='bbox 155 2181 228 2258; x_wconf 85' lang='lat' dir='ltr'><strong>dixi)</strong></span> <span class='ocrx_word' id='word_1_188' title='bbox 246 2180 375 2257; x_wconf 80' lang='lat' dir='ltr'><strong>legales,</strong></span> <span class='ocrx_word' id='word_1_189' title='bbox 395 2186 425 2236; x_wconf 95' lang='lat' dir='ltr'><strong>ut</strong></span> <span class='ocrx_word' id='word_1_190' title='bbox 445 2178 545 2237; x_wconf 90' lang='lat' dir='ltr'><strong>inillis</strong></span> <span class='ocrx_word' id='word_1_191' title='bbox 561 2178 598 2238; x_wconf 93' lang='lat' dir='ltr'><strong>de</strong></span> <span class='ocrx_word' id='word_1_192' title='bbox 613 2197 645 2238; x_wconf 94' lang='lat' dir='ltr'><strong>re</strong></span> <span class='ocrx_word' id='word_1_193' title='bbox 661 2180 689 2238; x_wconf 93' lang='lat' dir='ltr'><strong>in</strong></span> <span class='ocrx_word' id='word_1_194' title='bbox 704 2179 748 2239; x_wconf 94' lang='lat' dir='ltr'><strong>bis</strong></span> <span class='ocrx_word' id='word_1_195' title='bbox 766 2179 803 2238; x_wconf 90' lang='lat' dir='ltr'><strong>de</strong></span> <span class='ocrx_word' id='word_1_196' title='bbox 819 2181 929 2257; x_wconf 90' lang='lat' dir='ltr'><strong>scripto</strong></span> <span class='ocrx_word' id='word_1_197' title='bbox 946 2185 1147 2255; x_wconf 81' lang='lat' dir='ltr'><strong>quaereretur</strong></span> 
     </span>
     <span class='ocr_line' id='line_1_24' title="bbox 156 2260 1149 2340; baseline -0.003 -18"><span class='ocrx_word' id='word_1_198' title='bbox 156 2263 295 2336; x_wconf 83' lang='lat' dir='ltr'><strong>Quidam</strong></span> <span class='ocrx_word' id='word_1_199' title='bbox 287 2281 315 2321; x_wconf 92' lang='grc' dir='ltr'><strong>ιιι</strong></span> <span class='ocrx_word' id='word_1_200' title='bbox 327 2263 471 2321; x_wconf 89' lang='lat' dir='ltr'><strong>diversum</strong></span> <span class='ocrx_word' id='word_1_201' title='bbox 486 2260 539 2320; x_wconf 90' lang='lat' dir='ltr'><strong>hos</strong></span> <span class='ocrx_word' id='word_1_202' title='bbox 556 2270 646 2323; x_wconf 82' lang='lat' dir='ltr'><strong>status</strong></span> <span class='ocrx_word' id='word_1_203' title='bbox 661 2281 739 2338; x_wconf 93' lang='lat' dir='ltr'><strong>esse,</strong></span> <span class='ocrx_word' id='word_1_204' title='bbox 758 2262 824 2323; x_wconf 89' lang='lat' dir='ltr'><strong>illas</strong></span> <span class='ocrx_word' id='word_1_205' title='bbox 841 2265 1026 2340; x_wconf 88' lang='lat' dir='ltr'><strong>quaestiones</strong></span> <span class='ocrx_word' id='word_1_206' title='bbox 1038 2260 1149 2320; x_wconf 90' lang='lat' dir='ltr'><strong>malue</strong></span> 
     </span>
     <span class='ocr_line' id='line_1_25' title="bbox 113 2341 1150 2426; baseline -0.004 -19"><span class='ocrx_word' id='word_1_207' title='bbox 113 2352 147 2407; x_wconf 82' lang='lat'><strong>56</strong></span> <span class='ocrx_word' id='word_1_208' title='bbox 155 2347 229 2406; x_wconf 76' lang='lat' dir='ltr'><strong>rum</strong></span> <span class='ocrx_word' id='word_1_209' title='bbox 260 2345 318 2405; x_wconf 89' lang='lat' dir='ltr'><strong>Sed</strong></span> <span class='ocrx_word' id='word_1_210' title='bbox 334 2346 382 2406; x_wconf 89' lang='lat' dir='ltr'><strong>alii</strong></span> <span class='ocrx_word' id='word_1_211' title='bbox 397 2346 553 2406; x_wconf 89' lang='lat' dir='ltr'><strong>rationales</strong></span> <span class='ocrx_word' id='word_1_212' title='bbox 570 2355 631 2406; x_wconf 87' lang='lat' dir='ltr'><strong>tres</strong></span> <span class='ocrx_word' id='word_1_213' title='bbox 647 2355 835 2426; x_wconf 82' lang='lat' dir='ltr'><strong>putaverunt,</strong></span> <span class='ocrx_word' id='word_1_214' title='bbox 854 2347 900 2405; x_wconf 82' lang='lat' dir='ltr'><strong>lln</strong></span> <span class='ocrx_word' id='word_1_215' title='bbox 917 2343 975 2405; x_wconf 77' lang='lat' dir='ltr'><strong>sit?</strong></span> <span class='ocrx_word' id='word_1_216' title='bbox 998 2344 1074 2417; x_wconf 91' lang='lat' dir='ltr'><strong>Quid</strong></span> <span class='ocrx_word' id='word_1_217' title='bbox 1089 2341 1150 2404; x_wconf 80' lang='lat' dir='ltr'><strong>sit?</strong></span> 
     </span>
     <span class='ocr_line' id='line_1_26' title="bbox 155 2426 1149 2508; baseline -0.003 -19"><span class='ocrx_word' id='word_1_218' title='bbox 155 2430 249 2505; x_wconf 91' lang='lat' dir='ltr'><strong>Quale</strong></span> <span class='ocrx_word' id='word_1_219' title='bbox 270 2426 328 2490; x_wconf 79' lang='lat' dir='ltr'><strong>sit?</strong></span> <span class='ocrx_word' id='word_1_220' title='bbox 350 2429 543 2507; x_wconf 84' lang='lat' dir='ltr'><strong>Hermagoras</strong></span> <span class='ocrx_word' id='word_1_221' title='bbox 564 2431 645 2493; x_wconf 88' lang='lat' dir='ltr'><strong>solus</strong></span> <span class='ocrx_word' id='word_1_222' title='bbox 667 2439 817 2508; x_wconf 92' lang='lat' dir='ltr'><strong>quattuor,</strong></span> <span class='ocrx_word' id='word_1_223' title='bbox 844 2432 1056 2503; x_wconf 88' lang='lat' dir='ltr'><strong>coniecturam,</strong></span> <span class='ocrx_word' id='word_1_224' title='bbox 1079 2444 1149 2506; x_wconf 94' lang='lat' dir='ltr'><strong>pro·</strong></span> 
     </span>
     <span class='ocr_line' id='line_1_27' title="bbox 155 2513 1148 2615; baseline -0.002 -41"><span class='ocrx_word' id='word_1_225' title='bbox 155 2516 324 2594; x_wconf 90' lang='lat' dir='ltr'><strong>prietatem,</strong></span> <span class='ocrx_word' id='word_1_226' title='bbox 326 2513 576 2615; x_wconf 88' lang='lat' dir='ltr'><strong>translationem,</strong></span> <span class='ocrx_word' id='word_1_227' title='bbox 599 2515 781 2593; x_wconf 89' lang='lat' dir='ltr'><strong>qualitatem,</strong></span> <span class='ocrx_word' id='word_1_228' title='bbox 805 2533 889 2593; x_wconf 89' lang='lat' dir='ltr'><strong>quam</strong></span> <span class='ocrx_word' id='word_1_229' title='bbox 904 2533 958 2592; x_wconf 92' lang='lat' dir='ltr'><strong>per</strong></span> <span class='ocrx_word' id='word_1_230' title='bbox 973 2513 1148 2587; x_wconf 87' lang='lat' dir='ltr'><strong>accidentia,</strong></span> 
     </span>
     <span class='ocr_line' id='line_1_28' title="bbox 154 2589 1151 2678; baseline -0.006 -17"><span class='ocrx_word' id='word_1_231' title='bbox 154 2599 184 2661; x_wconf 85' lang='lat' dir='ltr'><strong>itl</strong></span> <span class='ocrx_word' id='word_1_232' title='bbox 199 2607 244 2658; x_wconf 88' lang='lat' dir='ltr'><strong>est</strong></span> <span class='ocrx_word' id='word_1_233' title='bbox 263 2619 339 2658; x_wconf 80' lang='grc' dir='ltr'><strong><em>κατα</em></strong></span> <span class='ocrx_word' id='word_1_234' title='bbox 326 2589 552 2677; x_wconf 78' lang='grc' dir='ltr'><strong>συμβεβηκὸς,</strong></span> <span class='ocrx_word' id='word_1_235' title='bbox 570 2608 675 2674; x_wconf 86' lang='lat' dir='ltr'><strong>vocat,</strong></span> <span class='ocrx_word' id='word_1_236' title='bbox 697 2599 753 2659; x_wconf 91' lang='lat' dir='ltr'><strong>bac</strong></span> <span class='ocrx_word' id='word_1_237' title='bbox 770 2600 1024 2678; x_wconf 87' lang='lat' dir='ltr'><strong>interpretatione,</strong></span> <span class='ocrx_word' id='word_1_238' title='bbox 1042 2595 1089 2655; x_wconf 78' lang='lat' dir='ltr'><strong>Aa</strong></span> <span class='ocrx_word' id='word_1_239' title='bbox 1104 2596 1151 2656; x_wconf 91' lang='lat' dir='ltr'><strong>illi</strong></span> 
     </span>
     <span class='ocr_line' id='line_1_29' title="bbox 155 2680 1151 2759; baseline -0.005 -15"><span class='ocrx_word' id='word_1_240' title='bbox 155 2682 268 2744; x_wconf 91' lang='lat' dir='ltr'><strong>accidat</strong></span> <span class='ocrx_word' id='word_1_241' title='bbox 281 2684 344 2742; x_wconf 83' lang='lat' dir='ltr'><strong>viro</strong></span> <span class='ocrx_word' id='word_1_242' title='bbox 362 2682 439 2741; x_wconf 90' lang='lat' dir='ltr'><strong>bono</strong></span> <span class='ocrx_word' id='word_1_243' title='bbox 457 2701 541 2759; x_wconf 90' lang='lat' dir='ltr'><strong>esse,</strong></span> <span class='ocrx_word' id='word_1_244' title='bbox 563 2683 613 2743; x_wconf 87' lang='lat' dir='ltr'><strong>vel</strong></span> <span class='ocrx_word' id='word_1_245' title='bbox 627 2680 724 2744; x_wconf 85' lang='lat' dir='ltr'><strong>malol</strong></span> <span class='ocrx_word' id='word_1_246' title='bbox 754 2683 835 2743; x_wconf 91' lang='lat' dir='ltr'><strong>Hauc</strong></span> <span class='ocrx_word' id='word_1_247' title='bbox 851 2685 890 2743; x_wconf 88' lang='lat' dir='ltr'><strong>ita</strong></span> <span class='ocrx_word' id='word_1_248' title='bbox 906 2682 1020 2756; x_wconf 88' lang='lat' dir='ltr'><strong>dividit,</strong></span> <span class='ocrx_word' id='word_1_249' title='bbox 1043 2681 1079 2740; x_wconf 89' lang='lat' dir='ltr'><strong>de</strong></span> <span class='ocrx_word' id='word_1_250' title='bbox 1097 2697 1151 2759; x_wconf 90' lang='lat' dir='ltr'><strong>ap·</strong></span> 
     </span>
     <span class='ocr_line' id='line_1_30' title="bbox 155 2764 1151 2849; baseline -0.004 -21"><span class='ocrx_word' id='word_1_251' title='bbox 155 2767 288 2847; x_wconf 90' lang='lat' dir='ltr'><strong>petendis</strong></span> <span class='ocrx_word' id='word_1_252' title='bbox 311 2774 341 2826; x_wconf 91' lang='lat' dir='ltr'><strong>et</strong></span> <span class='ocrx_word' id='word_1_253' title='bbox 362 2767 521 2849; x_wconf 86' lang='lat' dir='ltr'><strong>fugiendis,</strong></span> <span class='ocrx_word' id='word_1_254' title='bbox 545 2785 620 2845; x_wconf 88' lang='lat' dir='ltr'><strong>quae</strong></span> <span class='ocrx_word' id='word_1_255' title='bbox 641 2777 687 2827; x_wconf 90' lang='lat' dir='ltr'><strong>est</strong></span> <span class='ocrx_word' id='word_1_256' title='bbox 708 2785 775 2846; x_wconf 90' lang='lat' dir='ltr'><strong>pars</strong></span> <span class='ocrx_word' id='word_1_257' title='bbox 799 2766 1002 2834; x_wconf 88' lang='lat' dir='ltr'><strong>deliberativa;</strong></span> <span class='ocrx_word' id='word_1_258' title='bbox 1025 2764 1061 2824; x_wconf 90' lang='lat' dir='ltr'><strong>de</strong></span> <span class='ocrx_word' id='word_1_259' title='bbox 1081 2783 1151 2843; x_wconf 91' lang='lat' dir='ltr'><strong>per·</strong></span> 
     </span>
     <span class='ocr_line' id='line_1_31' title="bbox 113 2851 1149 2929; baseline -0.007 -14"><span class='ocrx_word' id='word_1_260' title='bbox 113 2860 243 2951; x_wconf 76' lang='lat' dir='ltr'><strong>stsona,</strong></span> <span class='ocrx_word' id='word_1_261' title='bbox 267 2869 302 2911; x_wconf 90' lang='lat' dir='ltr'><strong>ea</strong></span> <span class='ocrx_word' id='word_1_262' title='bbox 325 2852 485 2910; x_wconf 89' lang='lat' dir='ltr'><strong>ostenditur</strong></span> <span class='ocrx_word' id='word_1_263' title='bbox 510 2851 668 2921; x_wconf 87' lang='lat' dir='ltr'><strong>laudativa;</strong></span> <span class='ocrx_word' id='word_1_264' title='bbox 690 2852 881 2929; x_wconf 83' lang='lat' dir='ltr'><strong>negotialem,</strong></span> <span class='ocrx_word' id='word_1_265' title='bbox 904 2868 988 2929; x_wconf 90' lang='lat' dir='ltr'><strong>quam</strong></span> <span class='ocrx_word' id='word_1_266' title='bbox 1013 2870 1149 2928; x_wconf 78' lang='grc' dir='ltr'><em>πραγμα-</em></span> 
     </span>
     <span class='ocr_line' id='line_1_32' title="bbox 155 2927 1151 3014; baseline -0.006 -17"><span class='ocrx_word' id='word_1_267' title='bbox 155 2927 240 3014; x_wconf 77' lang='grc' dir='ltr'>τικὴν</span> <span class='ocrx_word' id='word_1_268' title='bbox 256 2943 357 3011; x_wconf 88' lang='lat' dir='ltr'><strong>vocat,</strong></span> <span class='ocrx_word' id='word_1_269' title='bbox 381 2938 409 2995; x_wconf 90' lang='lat' dir='ltr'><strong>in</strong></span> <span class='ocrx_word' id='word_1_270' title='bbox 431 2953 486 3013; x_wconf 91' lang='lat' dir='ltr'><strong>qua</strong></span> <span class='ocrx_word' id='word_1_271' title='bbox 503 2934 540 2995; x_wconf 91' lang='lat' dir='ltr'><strong>de</strong></span> <span class='ocrx_word' id='word_1_272' title='bbox 562 2935 678 2995; x_wconf 93' lang='lat' dir='ltr'><strong>rebus</strong></span> <span class='ocrx_word' id='word_1_273' title='bbox 669 2939 741 3014; x_wconf 81' lang='lat' dir='ltr'><strong>ipsis</strong></span> <span class='ocrx_word' id='word_1_274' title='bbox 763 2937 925 3014; x_wconf 86' lang='lat' dir='ltr'><strong>quaeritur,</strong></span> <span class='ocrx_word' id='word_1_275' title='bbox 947 2942 1061 2993; x_wconf 88' lang='lat' dir='ltr'><strong>remoto</strong></span> <span class='ocrx_word' id='word_1_276' title='bbox 1082 2951 1151 3012; x_wconf 89' lang='lat' dir='ltr'><strong>per·</strong></span> 
     </span>
     <span class='ocr_line' id='line_1_33' title="bbox 155 2980 1151 3098; baseline -0.004 -19"><span class='ocrx_word' id='word_1_277' title='bbox 155 3038 290 3080; x_wconf 88' lang='lat' dir='ltr'><strong>sonarum</strong></span> <span class='ocrx_word' id='word_1_278' title='bbox 313 2980 483 3098; x_wconf 87' lang='lat' dir='ltr'><strong>cobrplexu,</strong></span> <span class='ocrx_word' id='word_1_279' title='bbox 506 3027 552 3094; x_wconf 92' lang='lat' dir='ltr'><strong>ut,</strong></span> <span class='ocrx_word' id='word_1_280' title='bbox 576 3020 656 3080; x_wconf 89' lang='lat' dir='ltr'><strong>Sitne</strong></span> <span class='ocrx_word' id='word_1_281' title='bbox 679 3020 753 3080; x_wconf 91' lang='lat' dir='ltr'><strong>liber</strong></span> <span class='ocrx_word' id='word_1_282' title='bbox 773 3022 821 3098; x_wconf 92' lang='lat' dir='ltr'><strong>qui</strong></span> <span class='ocrx_word' id='word_1_283' title='bbox 844 3029 890 3079; x_wconf 88' lang='lat' dir='ltr'><strong>est</strong></span> <span class='ocrx_word' id='word_1_284' title='bbox 913 3021 942 3078; x_wconf 93' lang='lat' dir='ltr'><strong>in</strong></span> <span class='ocrx_word' id='word_1_285' title='bbox 965 3013 1151 3078; x_wconf 73' lang='lat' dir='ltr'><strong>assertione?</strong></span> 
     </span>
     <span class='ocr_line' id='line_1_34' title="bbox 155 3101 1151 3203; baseline -0.005 -39"><span class='ocrx_word' id='word_1_286' title='bbox 155 3104 201 3164; x_wconf 79' lang='lat' dir='ltr'><strong>Aa</strong></span> <span class='ocrx_word' id='word_1_287' title='bbox 218 3103 334 3163; x_wconf 89' lang='lat' dir='ltr'><strong>divitiae</strong></span> <span class='ocrx_word' id='word_1_288' title='bbox 350 3102 515 3182; x_wconf 90' lang='lat' dir='ltr'><strong>superbiam</strong></span> <span class='ocrx_word' id='word_1_289' title='bbox 535 3101 668 3181; x_wconf 78' lang='lat' dir='ltr'><strong>pariant?</strong></span> <span class='ocrx_word' id='word_1_290' title='bbox 699 3103 745 3163; x_wconf 81' lang='lat' dir='ltr'><strong>An</strong></span> <span class='ocrx_word' id='word_1_291' title='bbox 762 3106 866 3163; x_wconf 91' lang='lat' dir='ltr'><strong>iustum</strong></span> <span class='ocrx_word' id='word_1_292' title='bbox 887 3102 971 3203; x_wconf 89' lang='lat' dir='ltr'><strong>quid,</strong></span> <span class='ocrx_word' id='word_1_293' title='bbox 992 3120 1028 3161; x_wconf 92' lang='lat' dir='ltr'><strong>au</strong></span> <span class='ocrx_word' id='word_1_294' title='bbox 1043 3101 1151 3161; x_wconf 88' lang='lat' dir='ltr'><strong>bouum</strong></span> 
     </span>
     <span class='ocr_line' id='line_1_35' title="bbox 155 3184 1150 3266; baseline -0.003 -18"><span class='ocrx_word' id='word_1_295' title='bbox 155 3184 213 3248; x_wconf 86' lang='lat' dir='ltr'><strong>sitl</strong></span> <span class='ocrx_word' id='word_1_296' title='bbox 238 3187 464 3263; x_wconf 85' lang='lat' dir='ltr'><strong>Iuridicialem,</strong></span> <span class='ocrx_word' id='word_1_297' title='bbox 456 3207 484 3248; x_wconf 91' lang='grc' dir='ltr'><strong>ιιι</strong></span> <span class='ocrx_word' id='word_1_298' title='bbox 500 3206 555 3266; x_wconf 94' lang='lat' dir='ltr'><strong>qua</strong></span> <span class='ocrx_word' id='word_1_299' title='bbox 571 3187 634 3246; x_wconf 90' lang='lat' dir='ltr'><strong>iere</strong></span> <span class='ocrx_word' id='word_1_300' title='bbox 651 3189 751 3248; x_wconf 88' lang='lat' dir='ltr'><strong>eadem</strong></span> <span class='ocrx_word' id='word_1_301' title='bbox 766 3188 819 3249; x_wconf 92' lang='lat' dir='ltr'><strong>sed</strong></span> <span class='ocrx_word' id='word_1_302' title='bbox 837 3189 924 3247; x_wconf 87' lang='lat' dir='ltr'><strong>certis</strong></span> <span class='ocrx_word' id='word_1_303' title='bbox 941 3187 1150 3262; x_wconf 88' lang='lat' dir='ltr'><strong>destinatisque</strong></span> 
     </span>
     <span class='ocr_line' id='line_1_36' title="bbox 105 3265 1151 3351; baseline -0.003 -21"><span class='ocrx_word' id='word_1_304' title='bbox 105 3266 107 3269; x_wconf 67' lang='grc'><em>’</em></span> <span class='ocrx_word' id='word_1_305' title='bbox 156 3273 289 3351; x_wconf 91' lang='lat' dir='ltr'><strong>personis</strong></span> <span class='ocrx_word' id='word_1_306' title='bbox 309 3281 496 3349; x_wconf 89' lang='lat' dir='ltr'><strong>quaerantur:</strong></span> <span class='ocrx_word' id='word_1_307' title='bbox 530 3271 575 3330; x_wconf 89' lang='grc' dir='ltr'><strong>Αιι</strong></span> <span class='ocrx_word' id='word_1_308' title='bbox 595 3273 647 3332; x_wconf 91' lang='lat' dir='ltr'><strong>ille</strong></span> <span class='ocrx_word' id='word_1_309' title='bbox 667 3275 742 3339; x_wconf 87' lang='lat' dir='ltr'><strong>iuste</strong></span> <span class='ocrx_word' id='word_1_310' title='bbox 763 3273 820 3332; x_wconf 88' lang='lat' dir='ltr'><strong>boc</strong></span> <span class='ocrx_word' id='word_1_311' title='bbox 841 3273 960 3346; x_wconf 89' lang='lat' dir='ltr'><strong>iecerit,</strong></span> <span class='ocrx_word' id='word_1_312' title='bbox 981 3269 1030 3329; x_wconf 89' lang='lat' dir='ltr'><strong>vel</strong></span> <span class='ocrx_word' id='word_1_313' title='bbox 1051 3265 1151 3328; x_wconf 79' lang='lat' dir='ltr'><strong>bene?</strong></span> 
     </span>
     <span class='ocr_line' id='line_1_37' title="bbox 68 3353 1151 3434; baseline -0.009 -14"><span class='ocrx_word' id='word_1_314' title='bbox 68 3429 70 3433; x_wconf 22' lang='lat'><strong><em>¹</em></strong></span> <span class='ocrx_word' id='word_1_315' title='bbox 115 3355 439 3430; x_wconf 62' lang='lat' dir='ltr'><strong>substinentiam</strong></span> <span class='ocrx_word' id='word_1_316' title='bbox 460 3358 551 3434; x_wconf 90' lang='lat' dir='ltr'><strong>primo</strong></span> <span class='ocrx_word' id='word_1_317' title='bbox 571 3353 721 3416; x_wconf 82' lang='lat' dir='ltr'><strong>Oicerouis</strong></span> <span class='ocrx_word' id='word_1_318' title='bbox 738 3357 886 3424; x_wconf 88' lang='lat' dir='ltr'><strong>rhetorico</strong></span> <span class='ocrx_word' id='word_1_319' title='bbox 902 3356 987 3415; x_wconf 90' lang='lat' dir='ltr'><strong>aliam</strong></span> <span class='ocrx_word' id='word_1_320' title='bbox 1005 3371 1074 3413; x_wconf 88' lang='lat' dir='ltr'><strong>esse</strong></span> <span class='ocrx_word' id='word_1_321' title='bbox 1091 3353 1151 3413; x_wconf 88' lang='lat' dir='ltr'><strong>loai</strong></span> 
     </span>
     <span class='ocr_line' id='line_1_38' title="bbox 156 3435 1152 3519; baseline -0.005 -17"><span class='ocrx_word' id='word_1_322' title='bbox 156 3440 310 3519; x_wconf 90' lang='lat' dir='ltr'><strong>negotialis</strong></span> <span class='ocrx_word' id='word_1_323' title='bbox 326 3442 621 3518; x_wconf 90' lang='lat' dir='ltr'><strong>interpretationem,</strong></span> <span class='ocrx_word' id='word_1_324' title='bbox 626 3459 688 3500; x_wconf 92' lang='lat' dir='ltr'><strong>cum</strong></span> <span class='ocrx_word' id='word_1_325' title='bbox 703 3443 742 3500; x_wconf 89' lang='lat' dir='ltr'><strong>ita</strong></span> <span class='ocrx_word' id='word_1_326' title='bbox 757 3440 894 3519; x_wconf 86' lang='lat' dir='ltr'><strong>scriptum</strong></span> <span class='ocrx_word' id='word_1_327' title='bbox 909 3440 961 3498; x_wconf 91' lang='lat' dir='ltr'><strong>sit:</strong></span> <span class='ocrx_word' id='word_1_328' title='bbox 983 3435 1152 3516; x_wconf 72' lang='lat' dir='ltr'><strong>Negotialis</strong></span> 
     </span>
    </p>
   </div>
   <div class='ocr_carea' id='block_1_3' title="bbox 157 3521 1150 3605">
    <p class='ocr_par' dir='ltr' id='par_1_3' title="bbox 157 3521 1150 3605">
     <span class='ocr_line' id='line_1_39' title="bbox 157 3521 1150 3605; baseline -0.007 -16"><span class='ocrx_word' id='word_1_329' title='bbox 157 3535 217 3605; x_wconf 83' lang='lat' dir='ltr'><strong>eat,</strong></span> <span class='ocrx_word' id='word_1_330' title='bbox 244 3527 277 3588; x_wconf 81' lang='lat' dir='ltr'><strong>ia</strong></span> <span class='ocrx_word' id='word_1_331' title='bbox 297 3541 377 3604; x_wconf 85' lang='lat' dir='ltr'><strong>quc,</strong></span> <span class='ocrx_word' id='word_1_332' title='bbox 405 3526 480 3603; x_wconf 81' lang='lat' dir='ltr'><strong>quid</strong></span> <span class='ocrx_word' id='word_1_333' title='bbox 504 3525 584 3586; x_wconf 72' lang='lat' dir='ltr'><strong>iuris</strong></span> <span class='ocrx_word' id='word_1_334' title='bbox 604 3543 645 3586; x_wconf 81' lang='lat' dir='ltr'><strong>ea</strong></span> <span class='ocrx_word' id='word_1_335' title='bbox 665 3527 747 3588; x_wconf 76' lang='lat' dir='ltr'><strong>cicili</strong></span> <span class='ocrx_word' id='word_1_336' title='bbox 766 3532 900 3587; x_wconf 81' lang='lat' dir='ltr'><strong>moreat</strong></span> <span class='ocrx_word' id='word_1_337' title='bbox 921 3524 1075 3601; x_wconf 77' lang='lat' dir='ltr'><strong>aequitate</strong></span> <span class='ocrx_word' id='word_1_338' title='bbox 1098 3521 1150 3598; x_wconf 80' lang='lat' dir='ltr'><strong>tit,</strong></span> 
     </span>
    </p>
   </div>
   <div class='ocr_carea' id='block_1_4' title="bbox 0 0 1225 3925">
    <p class='ocr_par' dir='ltr' id='par_1_4' title="bbox 0 0 1225 3925">
     <span class='ocr_line' id='line_1_40' title="bbox 0 0 1225 3925; baseline 0 0"><span class='ocrx_word' id='word_1_339' title='bbox 0 0 1225 3925; x_wconf 95' lang='lat' dir='ltr'><strong> </strong></span> 
     </span>
    </p>
   </div>
  </div>
 </body>
</html>
