2434 3925
138 207 200 272 228
451 224 819 290 normattrtrnurnmrrr⁸

95 375 263 456 doplurimie
283 374 415 438 versibus
435 395 493 438 non
512 378 702 440 fastidierunt.
744 377 848 457 Neque
864 387 909 440 est
930 379 1060 457 ignobile
1078 399 1131 440 ex·

138 461 277 539 emplum,
298 460 443 539 Megarios
458 462 494 522 ab
508 461 748 537 Atheniensibus,
771 480 835 521 cum
851 463 888 522 de
904 464 1047 524 Salamine
1061 482 1132 525 con·

137 544 303 620 tenderent,
325 548 419 604 victos
433 542 553 605 llomeri
562 560 666 621 versu,
689 547 737 624 qui
751 555 846 605 tamen
859 547 924 624 ipse
937 565 995 607 non
1009 550 1037 606 in
1055 549 1133 608 omni

138 629 263 688 editione
276 630 434 706 reperitur,
455 629 636 706 significans,
653 628 772 689 Aiacem
787 647 876 690 naves
891 648 958 690 suas
973 631 1132 691 Athenien·

95 712 215 773 llsibus
235 712 371 770 iunxisse.
415 711 610 791 linquaque,
633 731 706 791 quae
721 713 810 789 vulgo
829 723 950 792 recepta
971 724 1051 790 sunt,
1073 716 1134 775 boc

138 796 220 873 ipso,
243 795 319 873 quod
338 797 476 856 incertum
497 806 644 856 auctorem
661 796 783 871 babent,
804 796 884 857 velut
906 800 1028 858 omnium
1046 799 1132 872 liunt:

137 879 223 957 quale
245 888 306 954 est,
341 877 399 940 Ubi
414 881 522 955 amici,
543 882 587 942 ibi
601 899 693 958 opem·
714 890 760 954 et,
785 878 975 943 Canetonum
990 883 1070 945 mille
1087 890 1133 946 tc·

136 970 216 1033 stem·
244 970 274 1021 et
295 963 369 1040 apud
392 960 577 1039 Ciceronem,
605 963 703 1025 Parce
723 971 823 1026 nutem
843 964 891 1043 (ut
912 975 958 1027 cst
977 967 1010 1026 in
1028 975 1134 1028 actare

133 1047 310 1126 proverbio)
340 1065 409 1107 cum
433 1049 566 1126 poribus
597 1050 730 1108 mommo
758 1057 1003 1127 antepropositam
1034 1068 1134 1129 neque

138 1130 212 1189 enim
232 1129 383 1190 durassent
402 1129 476 1190 haec
498 1133 527 1189 in
546 1140 710 1205 aeternnm,
732 1132 786 1190 nisi
806 1150 876 1191 vera
900 1133 1030 1193 omnibus
1050 1133 1133 1193 vide·

96 1213 242 1272 darentur.
287 1213 404 1273 Ponitur
424 1231 440 1274 a
456 1214 624 1291 quibusdam
639 1224 668 1274 et
683 1215 798 1293 quidem
812 1217 842 1274 in
855 1226 939 1294 parte
955 1219 1045 1295 prima
1060 1218 1133 1278 deo·

138 1315 198 1357 rum
218 1299 390 1372 auctoritas,
413 1315 486 1375 quae
508 1307 553 1357 est
577 1318 616 1358 ex
635 1300 800 1377 responsis,
822 1308 868 1375 ut,
891 1299 1042 1363 Socraten
1063 1320 1136 1362 eece

136 1383 400 1460 sapientissimum.
444 1381 476 1440 ld
496 1400 590 1441 rarum
605 1392 650 1442 est
665 1399 721 1441 non
737 1383 798 1442 siue
815 1401 869 1442 usu
888 1393 991 1443 tamen.
1035 1383 1135 1443 Utitur

138 1481 174 1523 eo
191 1462 295 1524 Cicero
310 1465 339 1523 in
354 1464 428 1524 libro
443 1466 479 1525 de
493 1468 656 1545 aruspicum
667 1485 715 1525 res
739 1467 817 1525 onsis
832 1475 861 1525 et
874 1469 903 1526 in
914 1469 1048 1527 contione
1060 1485 1133 1527 con·

136 1557 179 1607 tra
192 1545 357 1624 Catilinam,
380 1538 443 1608 cum
458 1551 568 1625 signum
582 1549 660 1609 lovis
677 1485 1003 1629 coddmnaedmpositum
1018 1550 1134 1629 populo

137 1632 277 1699 ostendit;
302 1640 330 1691 et
345 1649 399 1709 pro
412 1632 542 1709 Ligario,
563 1652 626 1693 oum
641 1650 755 1692 causam
772 1631 804 1693 Ο.
819 1631 953 1694 Caesaris
968 1635 1132 1710 meliorem,

137 1717 203 1792 qnia
218 1715 274 1774 boc
290 1715 327 1775 dii
343 1715 543 1792 iudicaverint,
563 1717 725 1776 confitetur.
754 1717 835 1791 Quae
852 1736 916 1777 cum
931 1720 1048 1796 propria
1063 1736 1132 1778 cau-

137 1816 187 1858 sae
203 1809 283 1874 sunt,
308 1800 400 1859 divina
416 1801 577 1860 testimonia
593 1809 747 1867 uocantum
770 1818 833 1859 cum
848 1802 963 1861 aliunde
979 1820 1133 1860 arcessun-

94 1890 197 1957 43tnr,
220 1892 396 1959 argumenta.
440 1881 647 1963 Nonnunquam
669 1885 807 1961 contingit
827 1886 928 1945 iudicis
951 1902 1066 1965 quoque
1083 1893 1135 1944 aut

135 1968 292 2027 adversarii
310 1977 357 2027 aut
379 1969 457 2043 eius,
481 1970 529 2046 qui
551 1988 589 2028 ex
608 1970 725 2029 diverso
740 1972 815 2046 agit,
839 1967 944 2029 dictum
959 1970 1066 2047 aliquid
1080 1967 1136 2028 but

135 2049 240 2111 lactum
258 2069 405 2110 assumere
423 2052 459 2112 ad
475 2061 589 2128 eorum,
613 2071 687 2130 quae
703 2052 888 2128 intendimus,
912 2053 1006 2113 iidem.

218 2134 342 2212 Propter
359 2136 435 2212 quod
452 2136 582 2212 luerunt,
607 2139 656 2214 qui
671 2135 805 2214 exempla
822 2145 852 2196 et
869 2136 921 2197 bas
942 2137 1133 2197 auctoritates

135 2217 352 2278 inartificialium
374 2218 571 2297 probationum
593 2238 661 2279 esse
682 2220 902 2295 arbitrarentur,
928 2220 1005 2298 quod
1021 2236 1056 2279 ea
1073 2236 1134 2278 non

93 2302 275 2361 etinveniret
290 2311 389 2362 orator
405 2304 456 2362 sed
474 2305 632 2381 acciperet.
662 2304 814 2364 Plurimum
828 2313 922 2363 autem
933 2304 1033 2363 refert.
1058 2303 1135 2363 Nam

135 2387 218 2443 testis
234 2394 263 2443 et
278 2386 409 2463 quaestio
425 2396 455 2446 et
469 2387 513 2446 bis
528 2389 630 2447 similia
642 2387 753 2465 daipsa
765 2405 813 2462 re,
830 2404 905 2466 quae
916 2388 945 2446 in
956 2388 1061 2447 iudicio
1073 2396 1134 2462 est,

134 2470 330 2545 pronuntiant:
348 2479 429 2530 extra
440 2472 546 2549 petita,
563 2472 617 2530 nisi
628 2472 664 2531 ad
675 2471 798 2549 aliquam
809 2473 973 2549 praesentis
986 2472 1134 2549 discepto·

135 2553 221 2611 tionis
236 2551 386 2628 utilitatem
400 2556 516 2632 ingenio
532 2555 723 2633 applicantur,
745 2554 814 2614 nihil
828 2573 883 2633 per
897 2573 932 2614 se
945 2555 1053 2614 valent.

420 2706 464 2755 DE
481 2705 545 2757 USU
561 2706 852 2762 cudunturoutttt„

218 2800 281 2862 ΧΠ.
325 2802 406 2863 llaec
428 2803 491 2863 iere
513 2804 548 2864 de
569 2804 740 2883 probatione
762 2803 811 2864 vel
834 2802 869 2864 ab
884 2802 948 2863 aliis
964 2802 1067 2861 tradita
1080 2801 1136 2861 vel

133 2902 186 2945 usu
209 2896 349 2965 percepta
370 2888 398 2945 in
418 2886 475 2946 boc
500 2897 612 2966 tempus
637 2888 775 2949 sciebam.
820 2886 923 2965 Neque
944 2886 1010 2946 mibi
1027 2884 1137 2946 liducia

133 2979 195 3044 est,
218 2979 249 3029 ut
271 2988 305 3029 ea
322 2970 385 3030 sola
401 2989 468 3031 esse
483 2972 670 3048 contendam,
690 2974 758 3050 quin
772 2972 857 3031 immo
873 2971 974 3030 bortor
991 2969 1026 3028 ad
1042 2986 1136 3047 quae·

133 3053 251 3112 rendum
267 3063 295 3112 et
312 3055 431 3113 inveniri
447 3072 536 3133 posse
552 3055 661 3121 fateor:
685 3074 760 3136 quae
776 3065 871 3115 tamen
885 3053 998 3114 adiecta
1013 3052 1135 3128 fuerint,

55 3135 65 3154 '
133 3153 190 3195 non
213 3137 329 3196 multum
354 3138 389 3198 ab
414 3138 459 3198 his
485 3138 689 3199 abhorrebunt.
739 3138 822 3199 Nunc
846 3138 984 3211 breviter,
1009 3153 1136 3213 qnem-

106 3219 317 3281 2admodum
339 3223 385 3281 sit
406 3224 575 3283 utendum
597 3224 667 3298 eis,
691 3222 869 3300 subiungam.
907 3220 1052 3280 Traditum
1067 3219 1136 3279 lere

133 3313 194 3377 est,
216 3313 412 3380 argumentum
428 3316 565 3385 oportere
583 3324 651 3366 esse
666 3306 846 3373 confessum
865 3304 958 3365 dubiis
974 3304 1047 3362 enim
1062 3320 1133 3381 pro·

132 3386 194 3447 bari
210 3387 294 3447 dubia
310 3389 358 3466 qui
373 3387 514 3466 possunt?
537 3390 684 3463 Quaedam
698 3399 808 3464 tamen,
825 3406 900 3468 quae
913 3389 941 3446 in
954 3387 1072 3448 alterins
1087 3387 1134 3445 rei

132 3470 334 3549 probationem
349 3471 492 3548 ducimus,
514 3474 578 3553 ipsa
591 3473 741 3554 probanda
756 3481 830 3534 sunt
858 3470 1007 3535 Occidisti
1019 3470 1133 3546 amm,
