2434 3925
146 201 204 262 150
456 214 815 274 u.aua.onmummu1

101 369 240 449 ltplures
261 368 460 429 iudicationes.
479 366 590 442 Quid?
610 386 668 428 non
689 370 718 429 in
739 387 827 429 causa
847 368 960 430 llilonis
980 371 1045 449 ipsa
1060 390 1131 433 con·
1214 408 1215 423 t

142 454 253 512 iectura
267 454 392 513 refertur
409 454 443 512 ad
459 450 645 529 qualitatem?
659 471 723 513 nam
738 456 763 512 si
777 462 822 512 est
837 454 984 514 insidiatus
999 454 1131 532 Clodius,

142 538 288 616 sequitur,
311 545 341 596 ut
363 546 444 596 recte
464 537 501 594 sit
521 539 646 596 occisus.
696 534 765 596 Cum
786 555 857 596 vero
879 539 907 596 in
927 538 1051 616 aliquam
1069 558 1133 600 rem

142 624 229 680 missa
252 638 337 680 causa
356 637 505 680 recessum
526 629 571 679 est
593 622 812 697 aquaestione,
838 638 913 700 qnae
932 631 1008 682 erat:
1034 633 1062 683 et
1084 625 1134 683 bic

142 707 296 764 constituta
312 706 459 783 quaestio,
479 702 527 763 ubi
544 704 678 763 iudicatio
694 713 747 763 est.

101 797 135 852 18
223 788 340 848 Paulam
359 790 388 847 in
408 788 452 846 bis
474 805 572 847 secum
595 790 679 847 ctiam
700 786 806 847 Cicero
827 789 966 850 dissentit.
1007 787 1080 849 llam
1102 793 1133 849 in

142 871 306 931 Rhetoricis
328 871 583 950 (quemadmodum
599 889 685 949 supra
705 872 786 952 dixi)
807 872 1004 950 Hermagoran
1022 882 1067 932 est
1085 892 1132 933 se·

143 966 239 1023 cutus;
263 958 291 1015 in
306 956 424 1034 Topicis
440 973 477 1014 ex
492 962 567 1014 statu
580 956 713 1015 effectam
731 958 942 1016 contentionem
959 951 1134 1038 κρινόμενον

140 1040 302 1115 existimat,
323 1039 409 1117 idque
429 1038 582 1114 Trebatio,
597 1041 645 1118 qui
660 1041 729 1098 iuris
746 1049 809 1099 erat
824 1041 982 1116 consultus,
999 1040 1133 1101 alludens

142 1139 205 1201 quo
220 1125 259 1185 de
276 1127 428 1201 scopitur
444 1123 586 1201 appellat;
602 1122 704 1200 quibus
721 1123 750 1183 id
766 1126 960 1200 contineatur,
975 1126 1133 1186 coutinen-

141 1209 196 1284 tia,
210 1209 301 1285 quasi
313 1207 505 1285 firmamento
519 1208 713 1284 defensionis,
728 1208 838 1285 quibus
850 1209 979 1270 sublatis
994 1206 1134 1287 defensio

100 1293 224 1361 lonella
237 1292 295 1362 sit,·
310 1299 337 1350 at
352 1293 380 1349 in
393 1290 593 1350 Partitionibus
606 1292 741 1351 oratoriis
756 1291 1034 1367 firmamentum,
1052 1292 1134 1369 quod

143 1375 298 1454 opponitur
320 1374 498 1443 defensioni3
527 1376 592 1451 quia
614 1376 822 1458 continens,
844 1375 921 1454 quod
941 1377 1060 1455 primum
1081 1377 1132 1452 sit,

142 1457 178 1520 ab
200 1466 371 1520 accusatore
391 1458 516 1533 dicatur,
538 1460 613 1518 rati
620 1475 637 1518 0
657 1477 674 1518 a
694 1475 763 1533 reo,
788 1478 826 1519 ex
846 1462 965 1519 rationis
989 1468 1018 1519 et
1037 1458 1149 1519 lirma·=

141 1544 228 1603 menti
241 1545 414 1621 quaestione
437 1543 666 1620 disceptatio
687 1544 724 1601 sit
747 1543 1026 1603 iudicationem.

224 1627 330 1687 Verius
349 1629 435 1704 igitur
456 1635 484 1685 et
499 1625 616 1686 brevius
630 1626 674 1702 hi,
698 1627 748 1704 qui
767 1635 870 1687 statum
889 1636 919 1686 et
937 1628 1086 1687 continens
1102 1636 1135 1685 et

141 1712 343 1771 iudicationem
365 1729 433 1770 esse
452 1710 620 1779 voluerunt;
645 1712 794 1770 continens
813 1712 951 1770 autemid
968 1728 1052 1786 esse,
1073 1727 1132 1788 quo

105 1795 253 1855 20sublato
269 1795 304 1854 lis
323 1812 390 1854 esse
405 1811 462 1853 uon
476 1795 579 1873 possit.
607 1793 671 1854 Hoc
684 1794 751 1853 mibi
764 1794 894 1854 videntur
904 1804 1052 1872 utramque
1064 1812 1132 1854 cau·

91 1932 96 1958 ,
142 1897 202 1938 sam
225 1878 384 1957 complexi,
402 1887 431 1938 et
447 1878 524 1957 quod
542 1875 662 1937 Orestes
679 1887 798 1937 matrem
812 1887 841 1937 et
858 1877 933 1955 quod
951 1875 1133 1952 Clytaemne-

141 1973 201 2024 stra
216 1966 460 2041 Agamemnonem
474 1963 623 2023 occiderit.
660 1961 748 2023 lidem
767 1963 966 2023 iudicationem
986 1970 1015 2021 et
1029 1971 1135 2022 statum

142 2049 307 2131 consentire
321 2066 437 2127 semper
452 2047 665 2124 existimarunt,
679 2065 774 2126 neque
794 2049 868 2107 enim
882 2046 959 2107 aliud
974 2062 1072 2106 eorum
1087 2064 1133 2105 ra·

141 2133 212 2191 tioni
229 2133 405 2191 conveniens
423 2131 536 2189 luisset.

99 2228 133 2281 21
223 2215 332 2274 Verum
348 2214 422 2273 haec
437 2214 570 2274 affectata
588 2213 730 2274 subtilitas
748 2214 826 2273 circa
840 2215 953 2273 nomina
967 2229 1062 2273 rerum
1075 2230 1132 2271 am·

140 2298 246 2358 bitiose
267 2297 394 2373 laborat,
416 2316 433 2357 a
455 2297 537 2356 nobis
560 2298 589 2356 in
609 2297 666 2357 boo
686 2306 829 2375 assumpta
844 2298 953 2372 solum,
973 2315 1011 2357 ne
1034 2314 1134 2374 parum

142 2382 296 2458 diligenter
310 2382 465 2459 inquisisse
479 2381 515 2441 de
532 2397 634 2460 opere,
651 2382 728 2459 quod
743 2382 877 2458 aggressi
893 2398 1001 2458 snmus,
1018 2380 1133 2439 nidere·

141 2484 219 2533 mur;
243 2466 400 2543 simplicius
423 2475 517 2524 autem
537 2465 694 2525 instituenti
715 2482 771 2524 non
793 2474 838 2524 est
857 2483 980 2524 necesse
1002 2481 1055 2543 per
1075 2472 1136 2522 tam

100 2551 262 2615 naminutas
281 2566 376 2608 rerum
398 2548 555 2627 particulas
573 2550 712 2608 rationem
729 2548 851 2608 docendi
867 2549 1031 2609 concidere.
1067 2545 1134 2618 Quo

142 2634 212 2693 uitio
227 2633 307 2692 multi
323 2632 437 2712 quidem
455 2633 631 2708 laborarunt,
647 2634 804 2710 praecipue
818 2641 912 2694 tamen
927 2631 1134 2708 Hermagoras,

142 2719 190 2777 uin
201 2717 310 2794 alioqui
325 2715 437 2775 subtilis
454 2725 482 2775 et
496 2718 524 2775 in
538 2715 667 2794 plurimis
683 2715 873 2790 admirandus,
889 2725 996 2775 tantum
1013 2715 1135 2791 diligen·

142 2802 200 2861 tiae
216 2802 329 2860 nimium
344 2799 504 2873 sollicitae,
529 2807 560 2857 ut
574 2801 637 2876 ipsa
654 2801 715 2858 eius
732 2798 921 2878 reprehensio
938 2799 1022 2859 laude
1038 2798 1136 2874 aliqua

101 2895 200 2948 23non
220 2886 335 2961 indigna
358 2884 406 2946 sit.
451 2882 531 2943 llaec
553 2891 647 2941 autem
666 2882 784 2942 brevior
805 2891 833 2942 et
853 2883 902 2942 vel
924 2883 989 2942 ideo
1012 2880 1137 2941 lucidior

144 2969 233 3027 multo
249 2971 295 3028 via
309 2985 405 3047 neque
420 2967 577 3027 discentem
593 2985 647 3045 per
662 2965 798 3043 ambages
813 2966 943 3043 fatigabit
957 2979 1013 3025 nec
1028 2981 1135 3043 corpus

145 3053 282 3111 orationis
303 3053 331 3110 in
353 3069 441 3129 parua
461 3058 603 3109 momenta
631 3050 762 3110 ducendo
789 3058 947 3109 consumet.
989 3048 1061 3109 Nam
1087 3048 1136 3126 qui

144 3135 264 3210 uiderit,
286 3134 352 3212 quid
368 3136 420 3210 sit,
443 3133 519 3212 quod
537 3134 565 3191 in
580 3135 807 3193 controversiam
821 3135 936 3209 veniat,
957 3133 1024 3211 quid
1047 3133 1079 3214 iu
1098 3150 1135 3193 eo

146 3227 175 3280 et
191 3236 245 3296 per
265 3235 339 3296 quae
354 3217 424 3276 velit
439 3217 558 3277 efficere
572 3234 640 3293 pars
656 3216 786 3292 diuersa,
804 3217 871 3296 quid
885 3226 998 3290 nostra,
1015 3217 1093 3294 quod
1108 3220 1136 3276 in

145 3303 244 3381 primis
261 3310 305 3360 est
318 3302 494 3361 intuendum:
515 3299 583 3358 nihil
599 3317 697 3360 eorum
712 3301 863 3377 ignorare,
880 3300 916 3360 de
931 3299 1033 3378 quibus
1048 3318 1135 3380 supra

105 3386 278 3460 addiximus,
294 3385 412 3464 poterit.
442 3383 544 3462 Neque
561 3393 605 3443 est
618 3384 683 3443 iere
698 3386 848 3461 quisquam
861 3384 946 3444 modo
959 3400 1015 3442 non
1030 3385 1135 3444 stultns

149 3479 234 3549 atque
252 3467 288 3530 ab
304 3468 379 3529 omni
399 3484 518 3547 prorsus
534 3485 586 3527 usu
607 3467 720 3528 dicendi
739 3476 883 3546 remotus,
909 3468 977 3547 quin
996 3469 1085 3545 sciat,
1106 3475 1136 3526 et
