2434 3925
151 171 211 233 192
478 183 836 244 n.ran.onrur1u1arr1

148 339 287 400 affuturos
311 337 401 397 luisse
424 348 596 416 proponunt.
640 337 713 424 llam
735 347 765 398 et
785 339 865 398 inviti
893 340 1004 400 iudices
1029 340 1165 401 audiunt

148 431 379 501 praesumentem
393 431 492 501 partes
508 441 591 498 suas,
614 440 669 482 nec
685 423 741 483 hoc
757 425 864 482 oratori
881 427 1051 499 contingere
1074 427 1164 484 inter

147 507 330 566 adversarios
351 507 429 585 quod
450 506 631 583 Pythagorae
655 508 730 565 inter
745 507 906 584 discipulos
929 516 1043 587 potest:
1078 507 1162 586 Ipse

147 592 235 651 dimi.
271 589 331 650 Sed
354 590 428 649 istud
449 593 541 666 magis
562 593 691 650 minusve
712 591 847 650 vitiosum
867 599 913 649 esi
933 609 987 670 pro
1008 594 1160 669 personis

103 675 310 734 28dicentium.
346 673 518 734 Defenditur
545 676 620 734 enim
647 674 827 753 aliquatenus
854 683 966 750 aetate,
993 675 1157 751 dignitate,

30 773 36 777 ’
146 759 332 825 auctoritate3
355 776 429 837 quae
446 767 541 818 tamen
555 760 606 818 vix
620 760 649 817 in
662 758 722 817 ullo
738 767 814 818 tanta
829 758 952 833 inerint,
968 768 1077 818 utnon
1097 760 1158 819 lroc

146 842 342 902 affirmationis
355 860 446 919 genus
458 843 674 921 temperandum
689 838 734 900 *sit
744 842 840 920 aliqua
854 843 1055 913 moderatione
1074 846 1158 903 sicut

146 928 255 1001 omnia,
284 928 311 985 iu
337 926 440 1005 quibus
466 936 604 1004 patronus
627 934 823 1002 argumentum
847 945 885 985 ex
906 944 940 985 se
962 927 1026 1005 ipso
1049 937 1154 1005 petet.

145 1009 261 1070 Fuisset
275 1011 422 1084 tumidius,
444 1014 468 1068 si
491 1011 691 1090 accipiendum
711 1011 835 1068 criminis
857 1010 924 1069 loco
943 1021 1088 1087 negasset
1107 1010 1155 1070 Ci-

146 1112 233 1168 cero,
259 1092 372 1172 Equitis
393 1093 513 1154 Romani
535 1113 602 1154 esse
626 1094 730 1168 lilium,
758 1112 791 1152 se
813 1094 998 1154 defendente.
1034 1095 1077 1159 At
1101 1095 1155 1156 ille

144 1179 215 1238 iecit
230 1177 288 1237 hoc
303 1179 387 1238 etiam
403 1178 564 1241 favorabile
593 1178 795 1254 coniungendo
813 1195 878 1237 oum
895 1178 1036 1238 iudicibus
1053 1177 1154 1255 digni·

144 1271 230 1322 tatem
251 1280 345 1340 suam:
378 1260 499 1342 Equitis
520 1272 622 1324 antem
639 1263 769 1323 Romani
789 1280 857 1323 erae
874 1262 984 1340 liliam,
1005 1265 1155 1325 maante

106 1360 112 1375 ‘
143 1349 210 1408 loco
220 1347 295 1426 poni
310 1348 349 1408 ud
364 1349 607 1423 accusatoribus,
623 1364 720 1426 neque
733 1346 818 1408 nobis
830 1347 1041 1408 iudicantibus
1053 1365 1152 1425 opor·

144 1433 200 1492 tuit
219 1448 317 1509 nepae
337 1431 569 1509 defendentibus
586 1433 681 1494 nobis.

83 1512 136 1577 '29
228 1514 398 1592 lmpudens,
425 1516 614 1590 tumultuosa,
642 1514 775 1574 iracunda
801 1516 876 1574 actio
906 1513 1037 1574 omnibns
1064 1518 1149 1575 inde·

145 1616 229 1665 cora:
252 1598 305 1657 sed
321 1602 486 1678 utquisque
506 1609 620 1674 aetate,
637 1600 785 1676 dignitate,
801 1617 854 1657 usu
871 1599 1031 1676 praecedit,
1051 1603 1149 1676 magis
1203 1650 1204 1659 ,

144 1683 173 1741 in
199 1701 234 1742 ea
259 1684 528 1760 reprehendendus.
571 1683 681 1743 Videas
709 1692 803 1743 autem
832 1684 976 1743 rixatores
1003 1684 1147 1761 quosdam
1203 1682 1204 1721 ³

143 1785 239 1845 neque
255 1767 378 1827 iudicum
397 1770 561 1828 reverentia
582 1786 678 1847 neque
696 1767 800 1844 agendi
821 1785 902 1827 more
920 1786 955 1826 ac
972 1768 1060 1827 modo
1076 1786 1145 1827 oon·
1203 1768 1204 1771 ’

143 1852 244 1926 tineri,
272 1869 329 1930 quo
353 1852 476 1931 abipso
502 1855 604 1911 mentis
632 1853 729 1912 habitu
752 1851 933 1910 manifestum
957 1853 1010 1926 sit,
1037 1855 1145 1911 tamin

101 1935 337 2015 30suscipiendis
352 1955 434 2016 quam
450 1938 478 1996 in
495 1938 616 2014 agendis
632 1938 727 1996 causis
742 1935 812 1995 nihil
828 1937 910 2014 pensi
926 1934 1048 1996 habere.
1073 1935 1143 1997 Pro·

144 2020 201 2080 ieri
221 2022 297 2081 enirn
317 2040 415 2085 mures
436 2021 605 2101 plerumque
627 2023 719 2080 oratio
743 2030 773 2079 et
790 2023 873 2080 animi
889 2030 1005 2079 secreta
1020 2021 1141 2098 detegit.

143 2104 207 2164 Nec
223 2106 284 2165 sine
301 2125 387 2166 causa
400 2105 503 2166 Graeci
518 2107 715 2185 prodiderunt,
737 2104 876 2180 Utoioat,
894 2109 1041 2184 paremque
1054 2108 1143 2168 ctiam

144 2189 258 2249 dicere.
295 2190 450 2250 Humiliora
477 2191 525 2250 illa
552 2192 635 2249 vitia:
666 2191 814 2249 summissa
838 2189 978 2266 adulatio,
1007 2190 1142 2250 affectata

144 2273 318 2350 scurrilitas,
347 2276 375 2333 in
398 2274 487 2334 rebus
508 2293 543 2334 ac
569 2273 670 2333 verbis
689 2293 788 2353 parurn
811 2274 952 2333 modestis
973 2292 1008 2334 ac
1028 2273 1142 2353 pudicis

33 2435 36 2440 Δ
142 2356 208 2414 vilis
225 2358 332 2434 pudor,
355 2361 383 2417 in
407 2360 482 2418 omni
501 2361 618 2436 negotio
644 2359 779 2435 neglecta
795 2359 964 2425 auctoritem
986 2375 1061 2436 quae
1077 2357 1141 2418 lere

143 2440 274 2500 accidunt
289 2444 334 2518 iis,
351 2445 399 2522 qui
414 2445 527 2515 nimium
543 2453 590 2502 aut
604 2442 701 2502 blandi
717 2461 784 2501 esse
800 2452 848 2502 aut
861 2443 974 2502 ridiculi
989 2441 1098 2501 volunt.

100 2534 133 2587 31
224 2525 321 2604 lpsnm
338 2529 423 2585 etiam
442 2527 625 2606 eloquentiae
651 2545 744 2605 genus
761 2526 834 2586 alios
851 2526 928 2586 aliud
943 2528 1039 2588 decet.
1068 2526 1139 2586 Nam

144 2618 314 2690 aequatam
336 2610 451 2689 plenum
473 2622 502 2670 et
521 2621 649 2671 erectum
666 2620 694 2670 et
712 2611 805 2671 audax
826 2621 855 2671 et
871 2611 1049 2689 praecultum
1063 2612 1138 2670 seni·

53 2701 58 2721 ³
143 2693 208 2755 bus·
223 2696 393 2758 convenerit
414 2714 496 2774 quam
524 2715 657 2775 pressum
678 2704 707 2754 et
727 2696 794 2754 mite
816 2705 845 2755 et
867 2695 992 2756 limatum
1008 2704 1038 2754 et
1054 2696 1137 2773 quale

142 2778 265 2856 intelligi
286 2780 347 2840 vult
368 2778 491 2855 Cicero,
518 2799 581 2840 cum
604 2780 689 2856 dicit,
719 2781 879 2840 orationem
900 2799 979 2839 suam
1003 2780 1137 2857 coepisse

143 2883 327 2935 concavam
353 2867 428 2925 sicut
451 2865 581 2924 vestibus
607 2882 723 2944 quoque
750 2882 808 2923 non
837 2883 962 2943 purpura
988 2880 1136 2941 coccoque

100 2947 320 3025 autrigenibus
341 2949 390 3009 illa
411 2958 491 3008 aetas
507 2951 577 3009 satis
592 2959 659 3027 apta
676 2951 721 3008 sit.
752 2947 784 3007 ln
800 2948 952 3008 iuvenibus
969 2950 1054 3007 etiam
1069 2947 1135 3006 ube·

143 3033 219 3091 riora
248 3033 334 3112 paulo
361 3043 390 3093 et
413 3051 506 3111 paene
533 3034 724 3111 periclitantia
751 3032 890 3093 feruntur.
927 3032 966 3091 At
989 3033 1017 3091 in
1038 3031 1135 3091 iisdem

142 3116 251 3176 siccum
275 3126 305 3175 et
327 3117 479 3177 sollicitum
504 3127 534 3177 et
550 3127 726 3177 contractum
739 3118 854 3177 dicendi
876 3118 1055 3196 propositum
1076 3115 1134 3193 ple·

141 3217 260 3278 rumque
273 3201 455 3261 affectatione
470 3204 533 3279 ipsa
548 3203 714 3284 severitatis
725 3203 845 3261 invisum
860 3212 915 3277 est,
928 3202 1041 3280 quando
1054 3200 1136 3259 etiam

141 3300 249 3344 morum
266 3285 364 3343 senilis
380 3289 535 3346 auctoritas
550 3287 696 3346 immatura
711 3287 738 3344 in
753 3286 990 3346 adolescentibus
1002 3284 1133 3348 creditur.

87 3368 322 3446 ,aasmpliciom
340 3370 479 3429 militares
500 3369 615 3430 decent.
646 3370 860 3449 Philosophiam
882 3387 920 3429 ex
935 3370 1086 3449 professo,
1106 3376 1135 3426 ut

142 3453 255 3530 quidam
279 3452 401 3529 iaciunt,
428 3454 638 3515 ostentantibus
665 3472 765 3533 parum
790 3455 890 3516 decori
916 3464 981 3515 sunt
1005 3453 1133 3534 plerique
