2434 3925
314 206 780 277 msu.onaron.n1n.1v,1.n
989 194 1048 260 163

6 376 7 383 ’
53 363 237 447 rumores
257 362 347 442 licet,
368 380 432 425 cnm
452 364 539 424 index
560 362 736 443 occupatus,
757 381 820 425 cum
841 374 962 442 angusta
984 374 1049 425 sunt

6 476 7 479 ¹
52 458 205 528 tempora,
233 463 297 507 cum
312 449 413 508 maior
439 456 570 526 potestas
596 447 632 507 ab
659 448 722 525 ipse
747 466 779 507 re
803 451 882 526 cogit
906 449 1047 527 incipere.

6 514 9 633 l
54 531 165 593 contra
186 547 261 610 quae
281 540 328 591 εει
348 533 460 591 interim
478 533 621 611 prooemii
639 532 684 589 vis
700 532 785 591 etiam
799 549 857 591 non
871 534 900 591 in
915 532 1046 592 exordio.
1057 543 1092 599 73

53 615 129 676 Nam
148 615 260 674 iudices
284 621 314 674 et
333 616 362 674 in
375 615 539 675 narratione
555 631 754 693 nonnunquam
775 624 805 675 et
818 616 847 675 in
862 617 1048 692 argumentis,

53 709 86 759 nt
102 698 251 757 attendant
266 707 296 758 et
310 707 341 757 ut
354 698 479 772 lateant,
495 714 641 774 rogamus,
659 713 716 775 quo
732 697 871 758 Prodicus
885 699 967 759 velut
983 700 1048 759 dor·

53 784 191 842 uitantes
209 798 261 842 eos
282 782 402 841 excitari
416 780 546 859 putabam
571 781 657 860 quale
672 789 732 841 est:
760 780 834 843 Tum
846 780 880 842 0.
900 780 1093 859 Vorenos,ti

54 867 110 944 poi
124 884 146 926 a
165 865 285 944 familia
299 861 502 926 decimiana
519 868 642 928 occisos
656 872 708 925 est.
745 863 827 942 Hoc,
850 882 981 944 quaeso,
1001 868 1049 928 iat·

43 950 154 1024 dices,
171 949 331 1026 diligenter
345 951 501 1010 attendite.
536 946 643 1026 Utique
662 948 687 1006 si
707 948 859 1030 multiplex
880 967 967 1010 causa
993 958 1048 1025 est,

54 1050 109 1092 sua
125 1031 288 1110 quibusque
305 1031 433 1110 portibus
450 1031 541 1093 danda
551 1031 700 1109 ¹praelatio
716 1040 771 1107 est,
793 1042 824 1093 ut
837 1029 950 1094 Audite
966 1052 1050 1094 sono

54 1117 189 1193 relique,
206 1123 235 1174 et
251 1113 386 1177 Transeo
399 1134 482 1176 aune
498 1116 582 1176 iiiuc.
611 1115 680 1175 ‘Sed
702 1116 730 1175 in
750 1116 821 1193 ipsis
843 1118 928 1176 etiam
943 1115 1091 1195 proba-75

54 1198 182 1259 tionibus
199 1197 287 1259 multa
303 1198 457 1276 funguntur
471 1199 614 1277 prooemii
623 1199 706 1276 vice,
725 1207 756 1258 ut
777 1201 847 1260 lacit
869 1197 974 1260 Cicero
994 1216 1048 1279 pro

56 1281 209 1357 cluentio,
238 1282 365 1342 dicturus
393 1292 493 1343 contra
514 1292 680 1351 censorem·
696 1299 749 1361 pro
772 1283 906 1360 blurena,
929 1300 992 1344 cum
1015 1301 1049 1342 εε

56 1367 162 1445 Spurio
179 1374 307 1426 excusat.
344 1365 452 1427 Verum
469 1365 498 1427 ld
518 1366 698 1445 frequentius
722 1375 784 1444 est,
807 1386 891 1446 11111111
905 1377 936 1428 ut
951 1385 1049 1427 exem·

55 1450 115 1529 plis
131 1449 352 1509 confirmandum
372 1451 419 1509 sit.
465 1469 469 1479 ¹

144 1532 398 1606 Quotiensautem
419 1533 570 1613 prooemio
591 1531 729 1594 fuerimus
748 1534 810 1610 usi,
833 1543 907 1610 tum,
931 1535 993 1595 sive
1015 1534 1093 1597 adio

58 1618 272 1695 expositionem
295 1617 477 1677 transibimus
497 1619 561 1676 siue
577 1618 708 1694 protinus
729 1618 765 1676 ad
782 1618 998 1695 probationem,
1020 1618 1050 1678 id

57 1699 177 1761 debebit
207 1701 236 1759 in
262 1701 405 1779 principio
432 1710 611 1778 postremum
633 1717 715 1776 esse,
748 1702 794 1759 oui
819 1702 1050 1761 commodissime

56 1786 138 1861 iungi
150 1784 262 1853 initium
279 1785 459 1862 sequentium
473 1785 589 1862 poterit.
619 1782 673 1844 llla
686 1800 758 1842 vero
770 1783 873 1860 frigida
888 1793 917 1843 et
931 1785 1091 1863 puerilist?

58 1877 104 1928 εει
117 1870 147 1927 in
162 1867 271 1927 scholis
286 1868 443 1943 affectatio,
458 1876 490 1927 ut
504 1868 568 1946 lpse
582 1862 718 1926 transitus
733 1866 839 1927 efficiat
853 1867 977 1945 aliquem
997 1870 1050 1926 uti-

59 1971 116 2033 que
137 1952 321 2027 sententiam,
348 1960 377 2012 ει
399 1951 482 2012 buius
505 1950 586 2010 velut
609 1952 784 2029 praestigiae
807 1949 939 2029 plausum
960 1958 1050 2029 petat,

58 2045 89 2097 ut
110 2034 228 2095 Ovidius
245 2033 676 2116 lasciuireiubletamorpbosiu
687 2035 774 2110 solet,
791 2052 876 2113 quem
889 2044 983 2094 tamen
1001 2052 1050 2093 ex·

58 2135 163 2180 cusare
184 2122 343 2179 necessitas
366 2128 464 2198 potest
485 2137 533 2178 res
553 2119 763 2198 diversissimas
777 2120 805 2178 in
825 2120 953 2197 speciem
967 2121 1051 2178 unius

59 2204 192 2282 corporis
208 2203 402 2281 colligentem.
427 2259 428 2262 ,
450 2202 563 2263 Oratori
583 2218 655 2262 vero
678 2203 744 2279 quid
765 2211 811 2262 εει
824 2221 948 2263 necesse
964 2204 1094 2265 sumi-78

58 2304 131 2366 pere
146 2286 219 2346 banc
233 2288 492 2365 transgressionem
510 2295 540 2346 et
555 2286 678 2346 iudicem
698 2286 818 2362 fallere,
835 2289 898 2365 qui,
914 2296 945 2346 ut
959 2286 1051 2346 ordini

58 2389 154 2430 rerum
173 2372 294 2430 animum
314 2371 456 2446 intendat,
480 2373 565 2430 etiam
589 2371 812 2430 commonendus
836 2367 902 2429 estl
944 2369 1053 2431 Peribit

59 2456 133 2515 enim
147 2456 237 2534 prlma
251 2472 318 2532 pars
335 2455 543 2532 expositionis,
562 2455 587 2513 si
600 2454 688 2513 iudex
701 2455 811 2513 narrari
829 2453 952 2512 nondum
967 2455 1050 2513 sciet.

60 2537 262 2616 Quapropter,
285 2544 316 2597 ut
340 2540 400 2597 non'
418 2537 539 2617 abrupte
560 2537 666 2598 cadere
687 2539 715 2596 in
730 2540 921 2597 narrationem
941 2539 979 2596 ita
996 2541 1094 2614 nonii

59 2620 185 2680 obscure
202 2622 426 2697 transcendere,
448 2630 493 2681 est
508 2622 654 2701 optimum.
695 2622 725 2681 Si
739 2637 811 2681 vero
827 2622 943 2699 longior
957 2622 1053 2699 scqui-

58 2713 104 2763 tur
120 2722 156 2763 ac
170 2704 313 2784 perplexa
327 2707 418 2783 magis
430 2706 594 2783 expositio,
609 2704 644 2764 ad
660 2722 722 2764 cam
735 2707 826 2783 ipsam
838 2702 1053 2784 praeparandus

59 2790 113 2847 erit
127 2788 231 2865 iudex,
253 2799 284 2848 ut
301 2786 405 2849 Cicero
427 2790 544 2868 saepius
567 2788 620 2847 sed
641 2798 670 2847 et
686 2788 826 2848 hocloco
848 2790 937 2848 lecit:
958 2786 1054 2847 Ponto

57 2872 177 2950 impius
189 2874 349 2934 esordiom
362 2874 409 2934 rei
420 2874 679 2934 demonstrandae
691 2882 838 2951 repetam,
856 2872 946 2949 qood,
961 2887 1052 2948 qaae·

56 2972 101 3027 so,
122 2955 257 3031 iudices,
278 2975 318 3018 ne
334 2958 456 3019 moleste
473 2956 655 3035 potiamioi;
674 2957 836 3035 principiis
854 2956 933 3015 enim
949 2955 1053 3033 copsi-

6 3055 7 3074 t
57 3040 97 3099 tis
110 3040 203 3101 molto
216 3041 341 3119 facibus
354 3047 492 3104 extremo
506 3040 687 3118 intelligetis.
720 3039 799 3098 llaec
823 3038 886 3097 iere
908 3047 972 3097 sunt
987 3037 1054 3097 mibi

57 3120 95 3182 de
113 3123 235 3183 exordio
252 3134 409 3203 comperta.

418 3275 463 3327 bn
479 3273 700 3327 NARRATIONR.

143 3367 180 3429 11.
208 3364 332 3430 blanirne
348 3370 481 3430 'naturale
504 3377 549 3430 est
569 3379 600 3430 ει
624 3370 687 3429 lieri
703 3368 936 3448 frequentissime
955 3367 1052 3443 debet,

56 3460 89 3513 ut
103 3461 280 3532 praeparato
296 3469 351 3534 per
364 3453 454 3532 baec,
466 3471 550 3533 'qnae
564 3471 652 3533 snpra
672 3454 747 3513 dicta
763 3462 845 3595 suuti
853 3453 970 3594 1irpdice,
993 3466 1053 3527 res,

6 3805 9 3874 l
