2434 3925
310 212 399 262 msr.
414 212 562 261 oauron.
574 212 643 260 uns.
656 212 705 278 111,
716 210 742 265 6.
761 210 787 265 t.
988 199 1043 261 131

51 368 163 431 redire
178 368 288 436 liceat·
309 367 397 429 heres
409 385 485 432 eum.
527 364 606 426 ldem
620 374 721 442 status,
738 369 785 445 qui
801 369 830 427 in
844 368 1046 447 petitioneah·

51 452 159 519 dieati;
195 453 341 530 quaeritur
362 452 452 527 enim,
485 469 526 511 aa
547 451 643 529 possit
665 468 732 512 esse
755 453 845 513 heres
874 450 1045 513 abdicatus.

52 535 199 596 Ohiioitur
219 537 404 595 communiter
429 552 446 594 a
469 533 596 608 dnobus,
625 533 739 596 liedire
760 536 814 596 tihi
831 537 863 597 in
881 537 1090 614 fomdiomlttt
1129 595 1130 602 ,

51 640 115 683 nott
132 621 212 692 lieet,
228 639 288 680 mon
302 621 487 702 enimpoter
500 619 566 679 sine
580 618 684 677 liberis
698 620 837 680 decessit.
874 620 932 680 Sed
947 622 975 679 in
990 620 1048 679 hoo

51 706 176 783 propria
194 705 315 781 quisque
331 720 429 763 eornm
446 704 617 780 quaestione
630 703 743 760 nitetur.
776 701 860 762 Alter
871 706 945 763 enirn
959 704 1046 778 dicet,

52 787 219 848 abdicatum
240 804 356 864 quoqne
377 789 451 845 inter
467 786 576 846 liberos
594 803 678 860 esse,
701 794 730 844 et
752 797 947 863 argumentum
961 788 1048 848 ducet

52 890 92 931 ex
108 873 191 950 ipsa,
208 889 263 948 qna
279 870 448 948 repellitur,¹
463 869 546 946 lege;
563 886 771 945 supervacuum
786 872 860 930 enim
875 871 965 931 inisse
980 888 1046 950 pro·

52 955 150 1016 hiberi
167 956 255 1033 patris
276 954 359 1014 honis
381 953 559 1027 abdicatum,
583 954 607 1010 si
633 961 713 1012 esset
735 970 853 1014 nnmero
875 955 1048 1024 alienorum;

52 1057 133 1098 nuno
149 1040 215 1115 qnia
230 1038 280 1097 lilii
295 1041 356 1097 inre
374 1038 484 1096 iuturus
507 1036 592 1095 luerit
612 1037 739 1096 intestati
759 1037 864 1114 heres,
887 1042 1050 1117 oppositam

53 1140 125 1182 esse
142 1121 256 1199 legem,
278 1140 351 1200 quae
371 1130 465 1180 tannen
481 1138 538 1179 non
553 1120 581 1179 id
597 1120 719 1198 eiiciat,
741 1121 777 1181 n'e
796 1123 870 1182 lilius
886 1125 923 1182 sit
945 1124 996 1183 sed
1012 1140 1048 1180 ne

52 1207 155 1266 heres.
187 1207 283 1265 Status
300 1206 434 1280 finitivus,
452 1203 533 1279 Quid
547 1205 585 1265 sit
596 1204 701 1281 filios?
730 1204 841 1267 Rursus
857 1206 960 1266 nothus
978 1208 1092 1268 eis-103

54 1289 123 1350 dem
140 1289 251 1367 colligit
266 1290 457 1367 argumentis,
483 1305 539 1348 non
554 1290 616 1347 sine
632 1287 732 1348 liberis
748 1301 857 1367 patrem
874 1292 1049 1363 decessisse,

55 1373 162 1452 qnihns
178 1375 206 1432 in
222 1375 360 1451 petitione
375 1391 443 1431 usus
462 1382 517 1448 est,
532 1381 562 1432 ut
579 1372 717 1449 probaret
735 1392 847 1435 essese
862 1376 957 1435 illium.
988 1373 1050 1433 Nisi

54 1459 136 1518 forte
151 1466 181 1516 et
196 1456 243 1516 hio
260 1457 413 1516 finitionem
429 1465 542 1527 movet,
564 1453 613 1516 Art
633 1458 722 1520 liberi
741 1460 800 1519 sint
821 1461 910 1520 etiam
929 1477 989 1520 nort
1008 1460 1050 1519 le·

53 1542 176 1620 pilimi?
206 1539 316 1600 Cadent
338 1557 410 1617 ergo
431 1543 460 1599 in
483 1559 565 1599 unam
581 1544 808 1602 controversiam
822 1543 870 1602 vel
886 1542 1052 1620 specialiter

56 1625 116 1685 dno
145 1624 265 1701 legitimi
291 1634 380 1684 status
404 1626 506 1702 ,scripti
532 1633 561 1683 et
586 1627 743 1686 voluntatis
765 1635 794 1685 et
815 1626 1000 1703 syllogismos
1023 1633 1052 1684 et

57 1718 213 1787 praeterea
228 1708 327 1783 linitio,
345 1709 393 1768 vel
409 1717 468 1767 tres
484 1708 537 1783 illi,
555 1713 603 1788 qni
618 1721 717 1770 natura
729 1710 869 1783 solinunt,
886 1713 1051 1769 coniectura

56 1795 212 1870 inscripto
229 1802 257 1851 et
275 1793 434 1868 voluntate,
455 1793 578 1872 qualitas
594 1797 624 1854 in
639 1793 828 1870 syllogismo,
845 1802 890 1868 et,
907 1811 981 1870 qnae
998 1810 1051 1871 per
1157 1814 1160 1818 ’

58 1895 92 1936 se
108 1885 156 1935 est
172 1885 288 1954 aperta,
306 1878 406 1936 linitio.

146 1957 238 2021 (lausa
252 1978 367 2040 qnoque
383 1970 412 2020 et
424 1963 562 2024 iudicatio
579 1972 608 2022 et
621 1964 769 2023 continens
792 1970 836 2020 est
851 1961 880 2019 in
895 1961 969 2021 omni
983 1977 1033 2035 ge·
1044 1968 1095 2021 104

1 2046 3 2069 ⁸
58 2064 131 2106 nere
146 2063 303 2104 causarum.
334 2044 413 2107 Nihil
430 2050 503 2107 enim
515 2049 628 2121 dicitnr,
646 2048 690 2106 oui
705 2063 762 2105 non
776 2046 842 2104 insit
857 2046 930 2104 ratio
949 2053 978 2102 et
995 2061 1051 2121 qno

58 2131 194 2190 iudicium
209 2129 351 2189 referatur
368 2141 396 2192 et
413 2131 489 2210 qnod
510 2150 570 2191 rem
586 2134 708 2190 maxime
724 2132 877 2191 contineat.
913 2128 972 2188 Sed
987 2128 1052 2205 quia

59 2216 152 2292 magis
177 2212 250 2273 haee
276 2214 423 2275 variantur
443 2218 472 2275 in
495 2215 590 2275 litihns
616 2225 644 2275 et
664 2216 728 2274 iere
746 2214 849 2274 tradita
866 2221 931 2272 sunt
953 2211 988 2271 nh
1005 2212 1052 2286 iis,

61 2300 108 2376 qui
124 2297 162 2357 da
178 2296 360 2360 iudicialibus
376 2302 470 2359 nausis
488 2300 583 2377 aliqua
600 2307 833 2377 composuerunt,
852 2298 880 2355 in
895 2297 973 2356 illam
987 2312 1052 2373 par-

61 2389 117 2441 tem
139 2381 314 2442 differantur.
347 2382 439 2459 Nune,
461 2385 526 2461 qnia
540 2386 569 2443 in
583 2385 636 2443 tria
651 2400 760 2460 genera
775 2398 878 2443 oausas
893 2381 989 2454 divisi,
1006 2395 1052 2438 or·

62 2464 156 2526 dinem
172 2481 287 2544 sequar.
506 2483 508 2488 ·

238 2584 242 2592 ⁹
298 2620 341 2669 nn
359 2618 470 2670 neuun
488 2619 529 2668 nr
546 2617 818 2674 vmurnnnrronu.

140 2704 209 2776 Vll.
239 2715 284 2775 ho
300 2718 478 2794 potissimum
492 2716 625 2794 incipiam
641 2715 677 2774 ah
693 2733 744 2791 ea,
761 2731 834 2793 qnae
850 2720 963 2773 constat
978 2711 1054 2770 lan·

65 2798 105 2858 de
126 2817 160 2859 ao
185 2801 477 2878 vituperatione.
515 2797 599 2871 Quod
626 2817 718 2876 genna
746 2798 858 2858 videtur
878 2794 1055 2855 Aristoteles

64 2892 149 2961 atque
171 2900 235 2943 eum
255 2893 372 2943 sanutus
390 2882 607 2961 Theophrastus
627 2892 741 2961 aparte
756 2880 911 2958 negotiali,
934 2878 992 2938 hoo
1011 2887 1057 2937 est

63 2971 259 3049 πραγματικῇ,
268 2968 428 3026 removisse
440 2975 586 3044 totamque
595 2966 631 3026 ad
643 2966 724 3026 solos
736 2968 880 3027 auditores
892 2962 1056 3039 relegasse,

65 3059 95 3109 et
114 3050 142 3110 ld
162 3052 224 3109 eins
242 3052 380 3125 nominis,
404 3050 482 3129 qnod
503 3049 539 3108 ah
556 3052 749 3109 ostentatione
764 3049 885 3121 duoitnr,
908 3048 1057 3125 proprium

64 3143 116 3194 est.
150 3134 208 3193 Sed
226 3151 291 3194 mos
309 3134 455 3194 Romanus
476 3136 561 3194 etiam
582 3136 708 3211 negotiis
729 3133 786 3193 hoo
806 3148 905 3190 mnnns
925 3131 1084 3190 inseruitt

63 3216 134 3276 Nam
155 3227 183 3276 et
206 3218 344 3278 innehres
366 3217 546 3280 laudationes
566 3219 694 3297 pendent
714 3216 883 3294 frequenter
902 3232 940 3274 ex
957 3214 1056 3291 aliqno

63 3300 180 3379 publico
196 3301 293 3361 oilieio
310 3312 396 3380 atque
414 3320 451 3362 ex
466 3301 717 3362 senatusconsulto
737 3298 949 3377 magistratibus
965 3313 1057 3375 saepe

63 3385 245 3462 mandantur,
262 3395 291 3445 et
307 3385 425 3445 laudare
441 3395 545 3446 testem
560 3385 608 3444 vel
625 3393 724 3444 eontra
742 3385 868 3462 pertinet
883 3383 918 3443 ad
931 3397 1056 3440 momen·

15 3540 16 3561 3
64 3475 120 3528 tum
143 3468 329 3547 iudiciorum,
352 3479 381 3528 et
396 3470 466 3549 ipsis
483 3472 567 3529 etiarn
583 3470 643 3527 reis
659 3468 727 3528 dare
744 3467 910 3609 landatoqeq
925 3465 1011 3541 lieet,
1028 3470 1058 3526 et
