2434 3925
327 218 416 265 rusa.
434 215 582 265 carros.
600 217 670 264 urs.
689 217 736 283 11,
751 213 793 267 ιι.
1016 202 1054 265 81

58 393 117 454 que
142 371 275 452 perdite,
299 370 374 431 unde
397 373 499 430 evenit
515 388 733 449 nonnunquam,
763 380 793 430 ut
817 370 924 449 aliquid
945 369 1055 447 grande

57 458 203 531 iuveniat,
220 459 269 534 qui
285 473 402 533 semper
417 457 547 535 quaerit,
565 455 643 534 quod
659 457 773 513 nimium
789 464 849 524 est;
865 473 966 514 verum
980 455 1008 514 id
1026 462 1061 515 et

1 569 3 578 ι
56 558 126 602 raro
143 542 294 618 provenit,
319 548 349 598 et
370 549 450 598 certa
469 541 537 598 vitia
551 556 608 598 non
624 547 736 615 pensat.
777 537 899 615 Propter
913 540 969 598 hoc
984 546 1083 615 quo-6

59 643 117 703 que
133 625 275 686 interdum
288 623 421 682 uidentur
434 623 542 682 indocti
556 625 668 701 copiam
683 622 792 682 habere
806 624 958 697 maiorem,
977 621 1055 700 quod

58 710 158 769 dicunt
175 709 282 774 omnia;
304 706 398 766 doctis
421 716 466 766 est
487 717 517 766 et
537 707 644 767 electio
669 715 698 765 et
712 706 822 766 modus
865 705 916 765 llis
931 706 1054 781 accedit,

60 792 137 871 quod
153 810 169 849 a
185 809 252 851 cura
267 791 406 864 docendi,
430 791 506 869 quod
521 791 713 865 intenderunt,
729 789 877 860 recedunt.
907 789 1007 867 ltaque
1021 789 1055 849 il·

59 875 108 935 lud
124 877 324 954 quaestionum
339 883 369 934 et
388 884 620 951 argumentorum
641 874 715 953 apud
738 883 873 952 corrupta
888 874 991 934 iudicia
1005 874 1054 932 iri·

58 978 113 1037 gas
129 962 237 1019 evitant
250 959 379 1037 nihilque
393 958 485 1034 aliud,
502 976 585 1036 quam
602 958 680 1037 quod
691 958 740 1017 vel
751 960 848 1037 pravis
860 955 1054 1036 voluptatibus

59 1061 145 1102 aures
160 1044 352 1103 assistentium
367 1043 555 1121 permulceat,
572 1050 722 1121 quaerunt.
758 1044 923 1102 Sententiae
940 1047 1081 1119 quoque‘l

59 1130 158 1206 ipsae,
180 1145 251 1204 quas
273 1127 351 1186 solas
367 1136 485 1205 petunt,
505 1129 597 1204 magis
622 1129 762 1202 eminent,
787 1144 850 1186 cum
871 1128 962 1185 omnia
978 1127 1055 1185 circa

58 1212 123 1272 illas
148 1212 263 1272 sordida
279 1220 308 1270 et
330 1210 440 1271 abiecta
463 1221 540 1280 sunt;
561 1221 591 1270 ut
609 1212 712 1271 lumina
738 1228 795 1271 nou
817 1213 898 1272 inter
916 1210 1053 1285 ambros,

60 1295 296 1374 quemadmodum
318 1293 423 1355 cicero
447 1295 531 1370 dicit,
553 1296 605 1355 sed
631 1296 716 1374 plane
736 1297 765 1354 iu
785 1293 913 1355 tenebris
931 1294 1054 1377 clariora

59 1389 132 1439 sunt.
177 1378 278 1457 ltaque
299 1381 442 1456 ingeniosi
462 1378 620 1455 vocentur,
642 1389 673 1438 ut
687 1378 775 1455 libet,
799 1378 864 1438 dam
877 1387 971 1439 tamen
987 1395 1054 1438 cou-

58 1474 132 1539 stet‚
155 1464 364 1523 contumeliose
385 1457 430 1523 sic
448 1463 557 1523 laudari
572 1465 718 1523 disertum.
762 1462 950 1523 Nihilominus
967 1461 1083 1524 ocull-8

58 1548 174 1608 tendum
189 1550 333 1607 asteriam
348 1547 501 1607 detrahere
517 1550 675 1609 doctrinam
690 1546 815 1625 aliquid,
837 1556 869 1606 ut
894 1548 987 1608 limam
1007 1564 1053 1605 ru·

59 1632 141 1693 dibus
157 1641 187 1691 et
200 1641 283 1691 cotes
298 1631 450 1691 hebetibus
465 1641 494 1691 et
505 1635 573 1691 vino
595 1641 782 1700 vetustatem
804 1631 856 1690 sed
876 1634 944 1691 vitia
959 1631 1053 1689 detra·

58 1716 114 1790 hit,
132 1726 219 1793 atque
236 1733 272 1776 eo
287 1716 352 1775 solo
367 1718 457 1776 miuus
474 1725 533 1792 est,
551 1716 628 1793 quod
643 1716 756 1775 litterae
771 1716 981 1793 perpolieruut‚
997 1730 1053 1791 quo

56 1801 170 1860 melius.
201 1799 309 1860 Verum
323 1801 351 1860 hi
368 1802 598 1878 pronuntiatione
616 1817 732 1878 quoque
747 1799 848 1859 lamam
865 1799 978 1859 dicendi
995 1798 1082 1860 ior-9

57 1887 113 1944 tius
137 1893 286 1961 quaerunt.
330 1883 402 1944 Nam
423 1892 453 1943 et
467 1884 589 1943 clamant
603 1884 711 1961 ubique
726 1893 755 1943 et
769 1885 862 1942 omnia
881 1884 1000 1957 devoto,
1024 1888 1055 1939 ut

56 1971 113 2047 ipsi
128 1977 244 2045 vocant,
259 1987 351 2029 mauu
367 1971 523 2045 emugiunt,
537 1969 627 2028 multo
641 1969 791 2044 discursu,
807 1967 951 2041 anhelitu,
965 1968 1053 2026 iacta·

56 2056 137 2113 tione
160 2063 280 2130 gestus,
302 2061 380 2112 motu
399 2054 500 2131 capitis
518 2054 656 2112 furentes.
702 2051 760 2112 lam
781 2051 923 2112 collidere
945 2058 1096 2123 manus,10

55 2147 155 2197 terrae
169 2138 273 2215 pedem
287 2139 427 2211 incutere,
443 2137 545 2212 lemur,
561 2146 675 2215 pectus,
694 2137 821 2196 frontem
832 2135 967 2209 caedere,
983 2137 1053 2194 mire

55 2222 91 2281 ad
107 2221 247 2299 pullatum
263 2221 400 2280 circulum
414 2221 496 2289 iacit;
521 2239 585 2280 cum
602 2222 653 2281 ille
668 2222 814 2296 eruditus,
835 2229 866 2280 ut
879 2223 910 2280 in
923 2221 1054 2279 oratione

55 2306 146 2366 multa
165 2307 357 2380 summittere,
380 2306 508 2381 variare,
532 2306 704 2383 disponere,
726 2307 764 2365 ita
786 2307 870 2365 etiam
883 2306 913 2363 in
928 2320 1052 2382 pronun·

55 2390 154 2450 tiando
169 2407 251 2448 suum
265 2391 368 2468 cuique
383 2406 498 2465 eorum,
522 2407 596 2468 quae
608 2390 702 2465 dicet,
727 2390 819 2450 colori
835 2388 1053 2449 accommodare

57 2484 152 2534 actum
166 2477 257 2548 sciat,
283 2483 329 2547 et,
352 2476 377 2533 si
399 2473 466 2551 quid
483 2476 521 2532 sit
539 2483 681 2553 perpetua
703 2473 906 2533 observatione
927 2472 1051 2549 dignum,

57 2558 205 2618 modestus
221 2566 250 2617 et
262 2575 331 2617 esse
346 2567 375 2616 et
390 2557 482 2617 videri
496 2558 583 2617 malit.
622 2557 661 2617 Αι
676 2558 718 2618 illi
732 2558 806 2617 hanc
820 2559 880 2619 cim
895 2555 1052 2635 appellant,
1062 2559 1095 2612 11

59 2659 133 2719 quae
159 2649 205 2701 est
229 2644 325 2720 potius
350 2642 503 2709 uiolentia;
533 2660 596 2701 cum
617 2644 730 2701 interim
753 2659 810 2701 uon
831 2651 946 2701 actores
966 2638 1062 2699 modo,

58 2725 171 2804 aliquos
186 2727 314 2785 invenias
328 2726 399 2802 sed,
421 2726 499 2804 quod
519 2734 565 2785 est
583 2728 709 2804 turpius,
732 2735 941 2805 praeceptores
956 2726 1053 2798 etiarn,

59 2812 105 2887 qul
121 2809 239 2869 brevem
254 2809 367 2870 dicendi
383 2811 621 2870 exercitationem
634 2812 793 2885 consecuti,
809 2811 915 2869 omissa
930 2809 1053 2882 ratione,

58 2902 87 2952 ut
99 2894 165 2955 tulit
179 2896 318 2971 impetus,
338 2896 445 2972 passim
458 2894 663 2953 tumultuentur
678 2911 800 2972 eosque,
817 2896 865 2971 qui
880 2893 945 2971 plus
962 2892 1053 2951 bono·

56 2978 97 3036 ria
114 2976 217 3037 litteris
232 2978 406 3054 tribuerunt,
429 2980 544 3055 ineptos
566 2987 595 3037 et
617 2979 728 3038 ieiunos
745 2987 773 3038 et
788 2976 917 3055 trepidos
933 2985 963 3035 et
976 2975 1053 3036 inbr-

55 3077 139 3136 mos,
160 3070 191 3120 ιιι
213 3062 348 3140 quodque
370 3061 489 3121 verbum
505 3063 822 3122 contumeliosissimum
836 3063 978 3136 occurrit,
1002 3078 1052 3138 ap·

54 3144 179 3225 pellent.
224 3145 331 3205 Verum
351 3146 409 3205 illis
430 3146 545 3223 quidem
572 3146 750 3222 gratulemur
769 3147 831 3204 siue
851 3144 971 3219 labore,
990 3146 1094 3204 sinell

54 3231 181 3303 ratione,
197 3231 259 3289 siue
274 3229 426 3308 disciplina
441 3231 574 3297 disertis;
593 3247 663 3305 nos,
683 3229 796 3308 quando
812 3238 842 3288 et
856 3227 1052 3307 praecipiendi

53 3330 158 3373 munus
180 3314 236 3372 iam
261 3313 371 3392 pridem
396 3314 546 3391 deprecati
572 3331 669 3373 sumus
697 3323 726 3374 et
746 3315 775 3372 in
797 3312 862 3372 ioro
879 3329 995 3391 quoque
1010 3310 1052 3370 di·

53 3397 157 3472 cendi,
180 3399 247 3475 quia
261 3396 492 3458 honestissimum
507 3397 591 3456 iiuem
605 3407 735 3476 putamus
749 3397 898 3471 desinere,
924 3396 988 3456 dum
1002 3394 1050 3454 de·

52 3482 264 3542 sideraremar:
277 3483 445 3560 inquirendo
460 3480 673 3561 scribendoque
688 3483 755 3545 talia
767 3481 950 3544 consolemur
963 3480 1053 3539 otium

97 3588 129 3627 st
143 3586 168 3625 r.
185 3585 297 3634 Quturtn.
323 3558 330 3575 ’
881 3565 901 3625 6
