2434 3925
382 170 472 244 mer.
495 172 643 222 oauuon.
666 170 844 238 uun.1x,a.
1008 135 1012 144 ⁹
1042 162 1098 223 131

104 327 152 385 ier
172 325 230 385 hoc
251 325 393 386 ultimum:
414 327 505 385 minus
520 326 639 386 valebit.
683 327 754 386 Nam
773 330 860 386 totius
877 328 977 387 ductus
992 328 1040 388 hic
1061 340 1106 389 est

105 412 188 487 quasi
208 426 326 485 mucro,
348 417 379 467 ut
399 426 454 487 per
474 428 507 468 se
535 411 622 469 loeda
637 412 771 470 vomendi
787 414 947 470 necessitas
967 414 1023 471 iam
1037 413 1106 473 nihil

103 493 179 554 ultra
200 492 421 571 expectantibus
443 494 516 554 hane
537 511 653 572 quoque
673 495 812 554 adiiceret
827 495 1052 571 deformitatem,
1076 506 1107 556 ut

105 576 187 637 cibus
209 579 302 636 teneri
325 593 383 635 non
408 587 511 653 posset
533 578 684 656 postridie.
729 577 849 637 Solebat
872 578 946 637 Aler
965 579 1146 647 Domitiusal

103 663 240 720 traiicere
256 663 284 720 in
301 661 439 720 clausulis
459 659 549 720 verba
566 671 672 720 tactum
688 662 867 738 asperandae
889 666 1105 741 compositionis

102 745 198 821 gratia
213 754 243 803 et
266 747 388 804 maxime
410 747 438 804 in
459 747 632 823 prooemiis:
658 756 688 805 ut
712 763 770 824 pro
788 744 952 820 Domitilla,
982 748 1107 808 Gratiae

103 846 196 906 aqam
212 831 373 898 condatem,-
401 838 431 888 et
446 846 500 907 pro
519 829 631 903 Laelia,
649 827 705 889 Eis
723 833 859 908 atrisque
874 831 962 907 opud
981 840 1009 892 te
1027 833 1105 892 iadi-

104 931 171 973 ccm
190 915 383 989 periclitatur
403 911 519 974 Laelio.
564 912 648 972 Adeo
664 913 773 990 refugit
793 923 921 973 teneram
939 914 1105 973 delicatam·

105 1013 162 1074 que
183 995 347 1056 modulandi
366 996 561 1075 voluptatem,
585 1006 616 1055 ut
642 997 821 1056 currentibus
841 1016 894 1076 per
916 1015 949 1056 se
969 1000 1104 1073 numeris,

104 1080 183 1157 quod
205 1097 257 1139 eos
283 1079 443 1154 inhiberet,
468 1081 620 1139 obiiceret.
664 1079 876 1158 Amphiboliam
899 1098 1016 1159 quoque
1044 1081 1147 1141 berith

103 1165 209 1222 vitiosa
225 1164 371 1223 locatione
387 1165 558 1238 verborum,
574 1181 659 1223 nemo
676 1174 736 1239 est,
755 1167 803 1243 qui
818 1167 939 1225 nesciat.
965 1165 1045 1224 Haec
1061 1184 1104 1224 ar·

103 1247 212 1316 bitror,
230 1258 260 1307 ut
275 1249 303 1307 in
317 1248 417 1324 brevi,
440 1248 476 1308 de
493 1249 593 1309 ordine
614 1249 704 1308 fuisse
722 1249 857 1319 diceuda;
878 1251 926 1327 qui
942 1251 967 1308 si
983 1251 1104 1309 vitiosus

104 1341 166 1391 est:
189 1332 258 1392 licet
273 1341 303 1391 et
316 1333 411 1391 vincta
433 1333 470 1392 sit
488 1341 518 1391 et
537 1342 604 1411 apte
627 1334 733 1394 cadens
754 1336 862 1411 oratio,
887 1343 982 1393 tamen
1002 1335 1104 1392 merito

102 1418 295 1493 incomposita
316 1416 435 1476 dicatur.

189 1498 363 1559 Iunctura
385 1501 525 1577 sequitur.
569 1499 623 1560 Est
643 1503 672 1560 in
688 1500 801 1577 verbis,
822 1502 939 1577 incisis,
958 1501 1103 1576 membris,

103 1583 253 1662 periodis;
277 1587 370 1643 omnia
385 1603 507 1662 namque
522 1586 576 1644 ista
599 1593 629 1644 et
644 1588 763 1644 virtutes
780 1595 809 1644 et
822 1588 891 1645 vitia
907 1587 936 1644 in
951 1586 1104 1663 complexu

103 1667 222 1727 habent.
240 1718 243 1723 ,
262 1667 376 1746 atque,
401 1677 432 1727 ut
454 1669 583 1727 ordinem
601 1686 723 1746 sequar,
742 1671 861 1747 primum
879 1679 944 1729 sunt
965 1688 1039 1748 quae
1055 1672 1146 1728 ina-33

102 1753 207 1831 peritis
225 1769 341 1830 quoque
356 1751 392 1811 ad
410 1751 668 1829 reprehensionem
683 1752 821 1812 notabilia
837 1754 984 1830 videntur,
1002 1755 1031 1813 id
1049 1763 1104 1827 est,

104 1853 196 1914 quae,
216 1838 375 1895 commissis
392 1837 467 1895 inter
481 1855 514 1896 se
528 1836 627 1895 verbis
643 1835 769 1911 duobus,
787 1855 824 1907 ex
838 1837 935 1896 ultima
950 1838 1055 1915 prioris
1070 1855 1106 1896 ac

103 1922 195 1999 prima
218 1923 366 1998 sequentis
388 1919 502 1996 syllaba
529 1920 660 1980 deforme
691 1919 809 1998 aliquod
832 1938 935 1981 nomen
966 1920 1104 1981 efficiunt.

104 2004 176 2064 'lum
193 2005 337 2064 vocalium
353 2022 527 2073 concursus;
549 2008 596 2083 qui
613 2023 677 2063 cum
693 2006 813 2081 accidit,
831 2005 889 2065 hiat
910 2015 939 2064 et
956 2006 1106 2064 intersistit

105 2098 134 2148 et
151 2091 233 2167 quasi
248 2088 362 2149 laborat
377 2090 479 2149 oratio.
519 2089 649 2149 Pessime
664 2089 788 2165 longae,
805 2107 879 2167 quae
898 2090 1015 2149 easdem
1030 2091 1105 2147 inter
1215 2123 1216 2128 κ

104 2191 138 2231 se
161 2172 272 2232 litteras
296 2175 491 2248 committunt,
523 2172 675 2232 sonabunt.
729 2173 904 2251 Praecipuus
927 2182 1021 2233 tamen
1050 2175 1109 2232 erit

103 2256 197 2315 hiatus
218 2275 333 2332 earum,
358 2274 432 2335 quae
456 2274 528 2316 cavo
545 2266 593 2316 aut
607 2256 707 2334 patulo
722 2258 843 2316 maxime
865 2273 917 2317 ore
936 2258 1102 2317 efferuntur.

103 2339 129 2399 Ε
146 2340 262 2419 planior
276 2341 372 2401 littera
390 2350 454 2416 est,
476 2339 489 2399 Ι
510 2342 660 2417 angustior
674 2349 735 2416 est,
757 2340 883 2420 ideoque
903 2341 1055 2401 obscurius
1076 2343 1146 2401 in34

102 2424 147 2483 his
167 2425 275 2493 vitium.
320 2423 413 2484 illinus
429 2425 580 2503 peccabit,
605 2426 654 2502 qui
670 2424 765 2501 longis
780 2425 885 2485 breves
900 2425 1052 2500 subiiciet,
1076 2432 1105 2482 et
1141 2480 1143 2486 .

102 2508 211 2583 adhuc,
229 2512 277 2587 qui
293 2518 454 2587 praeponet
471 2507 577 2585 longae
589 2507 719 2568 brevem.
757 2508 868 2569 lllinima
886 2520 931 2570 est
951 2512 979 2568 in
995 2508 1104 2569 duabus

102 2591 239 2662 brevibus
256 2594 389 2652 offensio.
429 2592 526 2671 Atque
543 2610 606 2652 cum
621 2592 695 2654 aliae
710 2593 917 2671 subiunguntur
932 2593 1016 2667 aliis,
1036 2608 1104 2671 pro-

102 2675 169 2734 inde
196 2679 363 2754 asperiores
383 2686 481 2752 erunt,
507 2686 594 2755 prout
620 2679 679 2735 oris
695 2677 797 2737 habitu
820 2677 903 2738 simili
920 2688 968 2737 aut
988 2677 1103 2736 diverso

102 2761 369 2837 pronuntiabuntur.
413 2760 479 2820 Non
500 2770 596 2819 tamen
620 2760 663 2835 id,
690 2771 721 2820 ut
741 2765 848 2822 crimen
872 2764 989 2837 iugens,
1017 2764 1146 2836 expo-35

101 2845 279 2904 vescendum
304 2854 365 2917 est,
391 2862 425 2903 ac
447 2846 548 2903 nescio
565 2843 742 2919 negligentia
763 2847 791 2904 ia
810 2846 866 2905 hoc
881 2862 916 2904 an
938 2842 1103 2905 sollicitudo

102 2928 140 2986 sit
155 2929 249 3005 peior.
294 2928 425 2988 Inhibeat
449 2929 524 2987 enim
537 2945 663 2986 necesse
683 2937 728 2994 est
742 2928 789 2988 hic
805 2937 897 2987 metus
913 2929 1046 3005 impeturn
1064 2925 1104 2985 di-

102 3011 187 3070 cendi
216 3022 246 3071 et
269 3031 285 3071 a
305 3012 467 3090 potioribus
483 3019 603 3070 avertat.
649 3008 746 3083 Quare
767 3022 797 3071 ut
818 3011 1014 3087 negligentiae
1037 3028 1105 3089 pars

101 3094 160 3154 hoo
175 3098 259 3172 pati:
292 3098 331 3155 ita
359 3096 523 3155 humilitatis
546 3093 653 3171 ubique
675 3094 918 3173 perhorrescere,
945 3097 1105 3173 nimiosque

102 3180 320 3239 necimmerito
346 3181 374 3238 in
395 3178 450 3239 hnc
476 3196 545 3238 cura
568 3185 669 3257 putant
689 3193 789 3240 omnes
814 3178 964 3241 Isocraten
987 3189 1105 3238 secutos

103 3264 323 3341 praecipueque
337 3263 566 3342 Theopompum.
597 3261 636 3319 At
651 3260 863 3322 Demosthenes
881 3272 911 3322 et
927 3261 1032 3323 Cicero
1049 3269 1147 3324 ιιι-36

103 3345 169 3404 dice
184 3356 379 3426 respexerunt
394 3348 429 3407 ad
446 3347 518 3406 hauc
534 3354 656 3423 partem.
693 3343 764 3405 Nam
780 3356 809 3407 et
824 3356 963 3407 coeuntes
978 3348 1103 3421 litterae,

103 3446 178 3508 quae
193 3429 372 3507 concionanti
386 3431 532 3506 dicuntur,
553 3431 638 3487 etiarn
658 3428 796 3491 leviorem
812 3431 919 3492 iaciunt
934 3434 1104 3507 orationem,

793 3513 941 3575 ,Ψ
