2434 3925
167 249 208 312 90
486 263 849 324 transmundum

167 419 321 499 pertinent.
353 417 432 480 ldem
446 419 565 477 sentiret
580 418 644 477 finis
658 418 715 479 hoe
728 419 814 478 modo
831 419 1073 499 comprehensus,
1089 441 1165 500 per·

167 506 303 565 saedere
324 505 405 582 qood
426 510 580 581 oporteat,
601 505 655 561 nisi
672 503 748 580 quod
769 513 858 562 artem
876 504 911 563 ad
928 508 1033 565 exitum
1049 505 1162 583 alligat.

125 589 206 656 aoht
220 586 295 647 bene
310 587 428 646 Areus
452 588 557 648 dicere
568 590 737 647 secondum
751 590 892 650 virtutem
911 591 1065 650 motionis.
1103 591 1163 650 Ex-

168 672 284 733 cludunt
299 690 316 731 a
330 672 477 731 rhetorice
491 670 584 730 malos
601 680 631 729 et
645 671 704 745 illi,
727 673 776 748 qui
796 674 944 733 seientiam
959 674 1083 733 civilium
1097 676 1163 734 oili·

138 813 141 828 ‚
168 759 276 817 ciorum
291 774 354 818 eam
373 762 561 834 putaverunt,
585 757 610 813 si
626 757 774 814 scientiam
795 757 928 817 virtutem
948 758 1089 826 iudicant;
1109 759 1164 818 sed

167 849 288 917 anguste
304 842 376 900 intra
392 840 492 899 civiles
508 840 693 917 quaestiones
709 849 857 898 coercent.
894 840 1086 917 Albutius,
1104 861 1164 902 non

167 924 307 985 obscurus
333 924 486 1003 professor
511 931 596 1000 atque
622 932 739 999 auctor,
763 926 922 985 seientiam
941 927 1016 987 hene
1037 923 1164 988 dicendi

168 1027 234 1069 esse
262 1010 405 1068 consentit
432 1007 485 1068 sed
510 1006 731 1084 exceptionibus
752 1018 857 1085 peccat
890 1010 1050 1069 adiiciendo
1072 1013 1163 1071 circo

167 1095 271 1156 ciuiles
298 1095 492 1172 quaestiones
523 1100 553 1150 et
584 1092 793 1160 credibiliter,·
826 1110 943 1171 quarum
968 1096 1080 1172 utrique
1107 1096 1164 1154 iam

125 1192 158 1250 37
167 1194 338 1257 responsum
353 1186 408 1235 est·
445 1174 606 1235 Probabilis
627 1184 656 1234 et
676 1175 717 1236 illi
729 1176 900 1254 voluntatis,
922 1180 970 1255 qui
989 1190 1073 1240 recte
1093 1198 1162 1240 sen·

167 1264 225 1324 tire
246 1270 275 1325 et
296 1263 401 1323 dicere
419 1261 580 1320 rhetorices
599 1269 779 1336 putaverunt.

250 1344 287 1426 lli
307 1353 372 1404 sunt
391 1346 455 1404 lere
474 1345 546 1403 lines
566 1346 688 1403 maxime
707 1344 835 1403 illustres
856 1352 886 1403 et
899 1345 936 1405 de
952 1345 1054 1423 qulbus
1075 1364 1161 1424 prae·

168 1431 253 1509 cipue
267 1430 436 1507 disputatur.
466 1427 537 1487 Nam
552 1444 651 1486 omnes
667 1428 780 1505 quidem
796 1432 933 1506 persequi
948 1448 1043 1508 neque
1059 1433 1161 1490 attinet

167 1532 262 1593 neque
276 1531 413 1592 possum,
435 1530 498 1573 cum
513 1529 631 1591 pravum
647 1512 803 1589 quoddam,
827 1521 857 1571 ut
875 1514 1014 1590 arbitror,
1038 1515 1160 1575 studium

168 1601 245 1658 circa
262 1599 421 1676 scriptores
435 1596 547 1655 Artium
562 1597 706 1670 extiterit,
729 1596 797 1655 nihil
818 1596 926 1656 eisdem
943 1597 1060 1673 verbis,
1085 1616 1160 1676 quae

167 1684 247 1761 prior
263 1683 366 1760 aliquis
382 1689 572 1758 occupasset,
595 1681 727 1756 liniendi,
751 1698 825 1758 quae
842 1682 958 1740 ambitio
973 1681 1076 1761 procul
1091 1682 1159 1742 abe-

124 1769 203 1828 sarit
218 1784 235 1826 a
248 1785 303 1826 me.
342 1765 443 1826 Dicam
465 1766 539 1824 enim
560 1781 618 1822 non
637 1767 736 1842 utique
759 1783 832 1842 quae
854 1767 992 1825 invenero
1012 1766 1065 1825 sed
1085 1785 1160 1844 quae

167 1849 338 1930 placebunt,
361 1853 434 1910 sicut
454 1848 527 1924 hoc,
550 1849 768 1908 rhetoricen
791 1868 875 1909 esse
895 1850 989 1909 bene
1009 1850 1159 1911 dicendi

166 1936 370 2004 scientiam
400 1952 463 1995 cum
482 1942 599 2012 reperto
627 1933 703 2012 quod
726 1942 771 1994 est
797 1936 948 2013 optimum,
978 1936 1025 2014 qui
1047 1937 1160 2015 quaerit

165 2021 259 2096 aliud,
280 2023 363 2100 peius
378 2019 458 2080 velit.

249 2104 301 2165 His
328 2103 514 2183 approbatis,
547 2101 630 2162 simul
656 2101 838 2162 manifestum
861 2111 906 2161 eat
935 2104 1005 2163 illud
1030 2121 1157 2183 quoque,

167 2207 252 2269 quern
271 2189 355 2248 tinem
375 2188 424 2246 vel
442 2187 509 2265 quid
529 2203 666 2246 summum
688 2194 717 2245 et
739 2186 864 2245 ultimum
879 2187 984 2247 babeat
1000 2187 1158 2265 rhetorice,

167 2273 244 2351 quod
267 2270 347 2344 τέλος
368 2272 487 2346 dicitur,
512 2272 547 2331 ad
571 2271 648 2349 quod
671 2272 761 2330 omnis
785 2288 831 2328 ars
854 2272 958 2339 tendit;
982 2289 1045 2331 nam
1068 2275 1092 2332 si
1114 2282 1159 2332 est

165 2359 229 2435 ipsa
244 2355 320 2417 hene
337 2355 450 2416 dicendi
465 2357 600 2432 scientia,
623 2356 686 2415 huis
707 2356 769 2414 eius
792 2364 821 2415 et
840 2373 976 2415 summurn
998 2365 1043 2416 est
1065 2356 1158 2417 bene

167 2441 305 2504 dicere.
654 2452 657 2458 ’

552 2593 604 2646 sn
627 2591 771 2644 urruns.
847 2656 849 2660 ι

249 2689 327 2753 xvi.
355 2692 491 2768 Sequitur
505 2694 655 2769 quaestio,
678 2709 713 2750 an
732 2691 809 2751 utilis
825 2690 981 2750 rhetorice.
1010 2688 1081 2749 Nam
1097 2693 1158 2767 qui·

166 2779 230 2840 dam
244 2776 432 2837 vehementer
447 2777 475 2834 in
494 2794 556 2835 earn
571 2776 667 2835 invehi
682 2775 794 2850 solent,
811 2784 855 2850 et,
877 2775 954 2853 quod
971 2776 1007 2833 sit
1022 2775 1158 2851 indignls·

166 2865 281 2937 simum,
311 2862 340 2919 in
365 2862 577 2920 accusationem
605 2861 743 2919 orationis
767 2869 883 2918 utuntur
908 2858 1007 2917 orandi
1032 2859 1157 2918 viribus:

142 2944 368 3023 2Eloquentiam
396 2962 482 3019 esse,
515 2962 588 3022 quae
617 2945 720 3023 poenis
749 2946 853 3022 eripiat
880 2942 1043 3011 scelestos:
1077 2945 1158 3003 cuius

164 3028 265 3090 fraude
288 3029 453 3089 damnentur
477 3029 589 3087 interim
609 3028 693 3097 boni;
716 3027 835 3087 consilia
853 3028 990 3087 ducantur
1011 3029 1038 3086 in
1059 3029 1157 3104 peius;

164 3130 219 3173 nec
240 3112 397 3172 seditiones
420 3111 505 3171 modo
525 3112 684 3189 turbaeque
709 3111 866 3191 populares
893 3111 945 3171 sed
970 3110 1048 3171 bella
1074 3113 1158 3171 etiam

165 3195 349 3274 inexpiabilia
368 3199 543 3266 excitentur3
566 3200 646 3256 euius
663 3197 786 3274 denique
801 3205 858 3255 tum
873 3191 1012 3255 maximus
1026 3199 1063 3255 sit
1076 3215 1155 3271 usus,

141 3288 230 3342 iteum
245 3296 298 3359 pro
314 3279 395 3340 falsis
417 3290 516 3340 contra
530 3283 681 3341 veritatem
695 3281 783 3340 valet.
812 3279 884 3339 Nam
905 3288 935 3339 et
950 3279 1064 3340 Socrati
1087 3280 1156 3340 obii·

164 3368 242 3426 ciunt
257 3365 376 3439 comici,
396 3365 505 3424 docere
521 3383 600 3439 eum,
624 3365 912 3443 quomodo—peiorem
929 3381 1043 3423 causam
1058 3366 1155 3424 melio·

163 3469 223 3510 rem
239 3450 343 3524 iaciat,
366 3457 395 3507 et
408 3457 507 3507 contra
523 3448 619 3508 Tisian
634 3458 663 3508 et
681 3447 807 3525 Gorgian
822 3449 923 3507 similia
939 3449 1007 3506 dicit
1021 3449 1155 3526 polliceri

163 3534 254 3596 'tuto
285 3532 323 3594 Et
342 3532 387 3594 his
408 3533 543 3595 adiiciunt
565 3533 698 3612 exempla
718 3532 892 3595 Graecorum
907 3531 1155 3613 Romanorumque
