2434 3925
124 152 144 213 6
467 164 829 224 commemoramur

80 329 115 384 no
206 317 342 378 Solebam
362 327 393 378 et
407 305 586 397 excerpere,
611 318 680 396 quid
696 317 764 378 mihi
782 336 846 378 cnm
863 319 1029 380 adversario
1049 338 1134 383 con·

122 401 248 477 veniret,
272 403 296 461 si
317 402 402 462 modo
418 401 447 461 id
467 420 520 480 pro
536 420 582 461 me
600 411 677 477 erat,
699 420 754 462 nec
780 402 874 462 solum
893 422 1027 481 premere
1048 424 1131 465 con·

120 484 280 544 sessionem
294 486 347 545 sed
361 486 511 564 partiendo
526 486 734 565 multiplicare:
754 494 785 544 nt
799 487 827 544 in
841 486 890 546 iila
905 492 1130 566 controversia,

119 566 210 645 Duc,
231 571 284 647 qui
299 572 518 649 competitorem
538 579 659 649 petrem
680 571 712 631 in
728 572 886 649 supraque
902 572 1037 648 eiceret,
1064 593 1128 635 cu-

116 659 190 730 ptus
206 662 268 724 est;
289 663 392 715 euntes
406 655 450 716 ud
468 655 704 732 redemptionem
723 655 788 715 eius
801 655 894 733 lepoti
917 656 1037 717 oinium
1063 657 1129 719 ltu-

119 737 249 798 buerunt
260 747 381 816 putrem
395 746 594 799 revertentem
608 739 648 801 ab
668 737 811 799 hostibus.
850 736 885 798 is
898 740 1006 817 lepotis
1020 741 1129 802 dimit:

77 827 112 881 30
119 817 215 900 Sero,
233 824 293 883 itis,
338 819 549 882 Eneussesunt
561 823 606 883 illi
619 827 740 900 putrem
753 829 783 882 et
798 840 909 884 nurum
924 824 956 883 in
970 826 1040 884 unu
1052 828 1128 885 eius
1194 849 1197 858 ’

118 905 316 974 invenerunt,-
334 907 394 980 ipsi
405 907 722 983 perseveraremus,
738 921 797 982 quo
810 907 1021 976 intenderem
1035 910 1126 970 inve·

117 996 229 1050 nerunt
243 992 352 1050 ducem
372 991 460 1051 cruci
472 989 584 1067 ficum,
606 991 696 1050 cuius
709 1006 770 1049 ooo
781 990 857 1066 suit:
878 988 990 1052 Cavete
1006 994 1125 1068 prodi-

119 1081 223 1135 torem.
266 1072 351 1133 Reus
372 1080 417 1134 est
435 1080 535 1152 poter.
579 1073 654 1146 Quid
678 1070 832 1132 convenit?
875 1073 1009 1135 Proditis
1030 1077 1125 1138 nobis

116 1157 283 1235 proedicto
297 1163 342 1217 est
356 1165 385 1217 et
396 1158 562 1234 proedicto
578 1176 599 1218 u
620 1159 720 1226 duce,-
746 1158 908 1235 quaerimus
925 1158 1120 1235 proditorem.

122 1240 162 1302 Te
177 1243 239 1304 isse
258 1242 303 1301 od
318 1241 418 1302 testes
429 1241 540 1317 suteris
559 1249 588 1301 et
608 1241 670 1301 isse
681 1241 762 1302 ctum
776 1249 805 1302 et
821 1242 861 1302 ab
877 1242 923 1302 isis
937 1244 1123 1305 incolumem

77 1326 248 1400 toreutice,
264 1343 375 1385 curum
388 1324 528 1385 retulisse
539 1332 568 1385 et
578 1336 689 1385 nurum
700 1325 850 1386 occultum
859 1325 1007 1386 iobuisse.
1032 1324 1120 1402 Nam,

120 1406 198 1487 quod
209 1408 295 1483 iecit,
312 1408 340 1467 id
350 1424 551 1486 nonnunquam
562 1408 707 1485 potentins
720 1408 751 1469 iit
765 1409 793 1467 in
809 1410 1023 1486 propositiono;
1040 1428 1121 1488 quae

120 1494 144 1551 si
169 1493 277 1550 animos
298 1493 469 1569 occupavit,
488 1509 581 1570 prope
602 1509 688 1551 aures
708 1493 790 1571 ipsae
806 1492 967 1553 defensioni
981 1493 1118 1572 praeclu-

120 1577 245 1654 duntur„
276 1573 308 1633 ln
328 1583 417 1634 totum
438 1584 534 1634 autem
551 1578 740 1654 congregatio
764 1576 910 1635 cuminum
932 1585 1120 1636 accusantem

120 1658 250 1734 adiuvat,
271 1661 418 1736 separ‘atio
440 1659 651 1719 defendentem.
696 1658 833 1719 Solebam
848 1660 895 1735 id,
914 1660 990 1738 quod
1005 1660 1070 1718 fieri
1088 1669 1119 1720 et

119 1745 147 1802 in
157 1745 330 1818 argumentis
340 1743 416 1819 dixi,
432 1745 461 1803 in
472 1743 640 1805 totaiacere
650 1745 785 1817 materia,
801 1751 831 1801 ut
841 1746 1015 1821 propositis,
1034 1753 1117 1803 extre

121 1844 195 1905 quae
215 1827 283 1887 nihil
306 1836 401 1903 esset,
428 1827 558 1886 omnibus
574 1827 678 1887 deinde
694 1830 800 1887 ceteris
821 1829 956 1903 remotis,
979 1827 1074 1886 solum
1089 1828 1117 1888 id

77 1923 111 1977 32
120 1920 304 1990 superesset,
332 1911 410 1991 quod
430 1912 511 1972 credi
530 1911 674 1972 volebam.
724 1910 811 1972 Utin
840 1912 1117 1989 praevaricationum
1201 1986 1202 1993 ἵ

120 1996 300 2055 criminibus:
316 1994 353 2057 Ut
363 1997 539 2057 absolvetur
553 2015 642 2072 reus,
657 2003 711 2056 out
723 1997 896 2057 innocentio
909 1997 1006 2074 ipsius
1018 1995 1053 2073 tu
1061 2003 1117 2058 ont

117 2078 444 2157 intervenienteutiquo
450 2088 600 2159 potestate
611 2089 665 2141 out
674 2083 706 2142 oi
718 2087 772 2141 ont
782 2088 924 2157 corrupto
936 2081 1051 2141 iudicio
1061 2087 1116 2140 out

78 2195 87 2210 ·
119 2164 300 2242 difficultate
313 2164 503 2242 probatioris
519 2173 574 2225 out
590 2164 870 2242 praevaricatione.
891 2195 934 2212 -ι
952 2161 1114 2225 Nocentem

116 2248 214 2324 fuisse
225 2247 387 2324 confiteris,
399 2248 483 2308 nullu
492 2256 626 2326 potestus
634 2248 761 2323 obsunt,
771 2248 856 2308 nullo
866 2249 928 2321 oia,
939 2256 1114 2327 corruptum

20 2362 27 2384 ι
117 2332 266 2392 iudicium
275 2332 497 2407 nonquereu‘s,
511 2333 596 2393 nullo
607 2332 764 2409 probandi
775 2331 943 2410 difficultas
950 2333 1025 2409 suit:
1041 2330 1114 2408 quid

78 2423 277 2493 stuperes,
300 2416 361 2475 nisi
381 2423 415 2475 ut
432 2417 663 2493 praevaricatio
681 2417 796 2494 suerit?
838 2414 869 2474 Si
890 2417 983 2474 omnia
1004 2414 1113 2474 amoliri

119 2515 177 2557 non
196 2506 342 2577 poteram,
368 2506 462 2557 lamen
487 2499 569 2577 plura
595 2498 762 2559 amoliebar.
806 2496 961 2559 Hominem
981 2501 1112 2559 occisum

119 2602 186 2644 esse
201 2589 336 2649 emortum
355 2584 463 2643 nonin
483 2583 662 2658 solitudine,
682 2590 716 2644 ut
730 2601 752 2644 u
770 2583 940 2643 latronibus
953 2583 1111 2660 cuspium

118 2687 179 2729 non
192 2667 335 2745 praeclue
354 2668 474 2745 pretio,
498 2668 571 2745 puin
584 2667 767 2745 inspoliatus
789 2675 852 2735 est;
874 2685 935 2728 non
956 2667 1109 2727 heredito-

120 2754 158 2812 tis
177 2770 249 2830 spe,
275 2752 347 2827 puio
365 2769 489 2829 pauper
506 2751 581 2830 suit:
608 2751 712 2811 odium
729 2751 826 2827 ipitur
849 2751 882 2810 in
904 2766 1018 2826 cumo,
1044 2768 1109 2811 cum

77 2838 163 2898 escis
175 2837 325 2897 inimicus.
354 2834 436 2907 Quae
451 2853 499 2893 res
511 2843 605 2894 autem
620 2834 781 2894 faciliorem
795 2834 926 2897 divisioni
939 2836 1014 2893 viam
1028 2849 1108 2912 prae·

120 2928 192 2995 stat,
211 2919 312 2979 eadem
327 2919 483 2978 inventioni
498 2936 631 2997 quoque:
652 2926 806 2992 excutere,
823 2918 959 2996 quidquid
974 2918 1030 2977 dici
1047 2925 1108 2995 pot·
1201 2970 1202 2973 ,

28 3044 30 3048 .
121 3011 184 3077 est,
209 3012 239 3062 et
255 3003 336 3062 velut
357 3004 516 3064 reiectione
538 3003 615 3063 taeta
636 3002 672 3062 ad
690 3002 826 3079 optimum
842 3003 1005 3078 pervenire.
1048 2997 1107 3062 Ac·
1201 3010 1202 3015 ’

121 3095 247 3147 meatur
261 3084 349 3161 Milo,
373 3088 454 3164 quod
469 3083 607 3148 Clodium
623 3087 780 3147 occiderit.
822 3085 880 3144 Aut
895 3084 964 3144 iecit
981 3093 1028 3144 aut
1044 3101 1106 3144 non.

122 3169 263 3247 Optimum
279 3178 340 3229 erat
354 3188 478 3247 negare;
499 3170 621 3229 sednon
635 3177 748 3246 potest:
771 3169 877 3228 occidit
895 3186 966 3245 ergo
989 3178 1036 3227 aut
1049 3170 1106 3228 iure

102 3269 105 3275 ”
122 3263 169 3314 aut
183 3254 293 3313 iniuria.
336 3252 442 3332 Utique
457 3256 534 3313 iure:
557 3258 605 3313 aut
618 3252 766 3313 voluntate
781 3261 829 3312 aut
840 3253 1030 3318 necessitate;
1047 3269 1105 3310 nam

79 3339 279 3416 ttignorantia
300 3337 457 3414 praetendi,
470 3354 527 3395 non
544 3345 652 3414 potest.
695 3335 836 3395 Voluntas
850 3353 957 3413 anceps
976 3344 1037 3411 est,
1057 3336 1104 3397 seo

122 3424 188 3502 quia
207 3423 247 3482 ita
267 3422 397 3481 homines
414 3429 530 3500 pntant:
554 3419 719 3498 attingenda
735 3420 883 3497 defensio,
904 3428 935 3479 nt
954 3419 983 3481 id
1003 3435 1056 3498 pro
1073 3436 1104 3480 re
