2434 3925
343 227 432 276 mun.
446 228 756 292 oaxnoa.n1a.1‚a.
954 204 956 209 ’
1015 218 1051 279 tt

47 385 132 450 liciis
157 383 305 444 solvimus.
350 382 447 442 lllollis
473 383 521 442 illa
552 383 706 457 educatio,
739 402 823 461 quam
846 384 1052 460 indulgentiam

47 486 210 544 vocamus,
242 484 349 526 nervos
371 485 470 526 omnes
490 469 593 526 mentis
617 477 646 526 et
666 463 799 546 co'rporis
820 469 934 546 frangit.
977 469 1051 542 Quid

47 570 113 612 non
135 552 247 612 adultus
269 553 474 630 concupiscet,
503 554 551 628 qui
573 553 602 610 in
626 555 761 629 purpuris
781 550 878 631 repit?
920 552 1052 613 Nondum

47 639 146 715 prima
159 636 251 695 uerba
267 637 410 713 exprimit,
428 637 483 695 iam
499 653 622 713 coquum
636 636 786 712 intelligit,
802 639 857 696 iam
870 637 1052 712 conchylium

47 723 161 799 poscit.
201 719 287 790 Ante¹
302 720 427 798 palatum
454 736 553 779 eornm
575 738 659 797 quarn
684 738 781 780 mores
802 723 981 780 instituimus.
1021 721 1077 780 lni

48 805 169 866 lecticis
189 812 340 870 crescunt:
368 806 392 862 si
410 813 516 863 terram
537 800 703 880 attigerint,
730 823 747 862 e
768 805 896 864 manibus
919 808 1052 883 utrinque

47 890 255 949 sustinentium
271 888 406 964 pendent.
438 886 618 963 Gaudemns,
641 890 665 947 si
684 889 751 966 quid
768 889 901 948 licentius
917 891 1050 949 dixerint.

47 973 208 1033 verbane
231 971 433 1044 Alexandrinis
455 973 569 1049 quidem
590 973 781 1050 permittenda
805 973 918 1033 deliciis
941 977 1000 1033 risu
1024 984 1053 1033 et

49 1058 158 1117 osculo
185 1057 354 1133 excipimus.
398 1055 461 1136 blec
486 1058 600 1123 mirum;
631 1074 685 1115 nos
711 1057 878 1131 docuimus,
906 1076 944 1117 ex
968 1057 1051 1117 nobis

50 1142 182 1204 audiunt.
213 1140 335 1199 Nostros
356 1143 478 1214 amicus,
500 1150 617 1199 nostros
638 1140 815 1200 concubinos
836 1142 950 1216 vident,
969 1152 1077 1204 omness

50 1226 218 1285 convivium
237 1223 372 1283 obscenis
387 1226 505 1284 canticis
524 1225 642 1302 strepit,
666 1226 799 1302 pudenda
820 1227 896 1285 dictu
919 1235 1051 1303 spectan-

49 1319 109 1369 tur.
151 1308 198 1369 Fit
222 1327 259 1367 ex
281 1308 325 1367 his
351 1309 530 1368 consuetudo
553 1309 657 1367 deinde
679 1320 788 1368 natura.
832 1311 954 1370 Discunt
979 1311 1053 1370 haec

50 1395 170 1466 miseri,
193 1402 344 1470 antequam
366 1395 457 1451 sciant
477 1395 545 1451 vitia
567 1411 649 1459 esse;
671 1394 738 1452 inde
764 1395 852 1454 soluti
874 1412 909 1453 ac
930 1394 1052 1453 fluentes

50 1495 112 1537 non
133 1478 278 1555 accipiunt
299 1495 337 1535 ex
356 1477 465 1536 scholis
485 1478 559 1537 mala
580 1479 635 1536 ista
656 1478 708 1537 sed
729 1479 757 1536 in
779 1478 896 1538 scholas
918 1478 1049 1538 afferunt.

137 1561 247 1620 Verum
269 1563 297 1619 in
315 1562 415 1620 studiis
432 1564 524 1637 magis
545 1561 660 1620 vacabit
675 1580 747 1620 unus
768 1565 825 1621 uni.
861 1563 936 1621 Ante
959 1566 1075 1625 omnint)

51 1645 124 1705 nihil
139 1645 275 1723 prohibet
296 1664 363 1704 esse
385 1646 463 1704 illum
484 1646 584 1704 nescio
607 1663 692 1722 quem
712 1665 796 1705 arnum
817 1649 901 1706 etiam
924 1666 986 1706 cum
1002 1664 1049 1722 eo,

51 1731 103 1807 qui
124 1732 155 1789 in
176 1729 285 1788 scholis
312 1730 448 1789 eruditur.
468 1745 473 1750 ·
492 1729 551 1788 Sed
576 1731 687 1808 etiamsi
713 1733 791 1806 iungi
816 1741 967 1809 utromque
993 1749 1050 1790 non

50 1822 172 1892 posset,
198 1813 294 1872 lumen
314 1823 408 1874 tamen
429 1813 500 1872 illud
522 1814 681 1875 conventus
702 1814 897 1874 honestissimi
921 1816 1050 1874 tenebris

49 1916 86 1956 ac
101 1897 250 1956 solitudini
265 1898 476 1976 praetulissem.
507 1896 578 1956 Nam
595 1900 719 1975 optimus
735 1901 857 1976 quisque
874 1909 1050 1977 praeceptor

50 1982 217 2061 frequentia
231 1980 339 2058 gaudet
353 2001 387 2042 uc
401 1985 511 2043 maiore
526 2001 559 2040 se
574 1983 687 2041 theatro
704 1982 817 2059 dignum
833 1993 928 2060 putat,
947 1993 975 2041 at
988 1985 1050 2042 iere
1061 1992 1094 2043 10

49 2069 179 2139 minores
203 2085 240 2125 ex
263 2069 440 2127 conscientia
460 2085 530 2125 suae
552 2067 720 2124 infirmitatis
741 2067 863 2125 haerere
884 2067 1005 2143 singulis
1022 2078 1051 2126 et

50 2151 153 2210 oiiicio
175 2150 255 2227 iungi
279 2151 489 2228 quodammodo
514 2152 752 2228 paedagogorum
778 2168 835 2210 non
859 2152 1048 2228 indignantur.

50 2236 112 2294 Sed
133 2244 265 2313 praestet
286 2235 371 2294 alicui
392 2236 440 2293 vcl
460 2237 552 2312 gratia
572 2234 622 2294 vel
644 2237 767 2313 pecunia
787 2236 836 2294 vel
857 2237 996 2310 amicitia,
1019 2244 1092 2295 utll

51 2319 249 2378 doctissimum
271 2328 356 2397 atque
378 2319 631 2397 incomparabilem
650 2321 815 2394 magistrum
838 2320 913 2379 dorni
931 2319 1049 2379 habeat:

50 2421 117 2462 nom
137 2412 234 2461 tamen
253 2404 303 2462 ille
325 2413 414 2462 totum
435 2406 462 2461 in
484 2421 541 2461 nno
562 2404 636 2463 diem
657 2413 877 2481 consumpturus
899 2401 965 2463 est?
1003 2414 1051 2463 aut

51 2495 238 2564 potestesse
257 2488 317 2546 ulla
337 2497 393 2546 tam
414 2496 556 2565 perpetua
576 2489 714 2547 discentis
736 2489 872 2562 intentio,
897 2505 971 2565 quae
994 2506 1051 2546 non

52 2581 81 2630 ut
95 2573 177 2629 visus
192 2571 341 2631 oculorum
357 2570 457 2630 obtutu
474 2573 607 2630 continuo
624 2569 781 2646 fatigetur?
793 2573 865 2631 'cum
881 2575 1050 2648 praesertim

52 2655 143 2714 multo
166 2655 232 2732 plus
253 2657 361 2715 secreti
381 2658 520 2733 temporis
541 2656 634 2715 studia
653 2655 828 2715 desiderent.
859 2656 962 2733 Neque
979 2657 1092 2717 enimll

53 2739 208 2813 scribenti,
232 2739 390 2813 ediscenti,
419 2742 557 2816 cogitanti
579 2749 756 2817 praeceptor
779 2740 902 2814 assistit,
931 2757 1051 2817 quorum

53 2822 161 2900 aliquid
182 2823 335 2899 agentibus
357 2825 552 2901 cuiuscunque
571 2825 749 2882 interventus
772 2823 974 2901 impedimento
995 2833 1049 2882 est.

52 2905 152 2965 hectio
177 2924 293 2984 quoque
315 2924 372 2966 non
393 2910 483 2967 omnis
504 2926 559 2966 nee
579 2925 696 2985 semper
717 2917 876 2984 praeeunte
896 2908 945 2967 vel
963 2911 1050 2967 inter·

53 2998 186 3067 pretante
208 3001 285 3067 eget.
332 2991 454 3064 Quando
480 2994 553 3050 enim
579 3000 621 3049 tot
648 3001 796 3051 auratorum
821 2992 920 3050 notitia
942 2995 1050 3051 contin-

52 3071 158 3150 geret?
186 3074 331 3151 Modicum
347 3092 419 3151 ergo
435 3085 548 3153 tempus
568 3085 632 3150 est,
657 3093 713 3153 quo
729 3077 757 3134 in
777 3084 867 3134 totum
882 3076 956 3135 diem
971 3076 1051 3134 velut

53 3174 128 3235 opus
149 3160 306 3218 ordinetur.
335 3158 464 3236 Ideoque
480 3178 533 3237 per
554 3159 653 3235 plures
675 3163 718 3218 ire
734 3168 856 3236 possunt
877 3162 962 3218 etiam
977 3178 1050 3237 quae
1061 3159 1093 3212 13

53 3242 175 3318 singolis
200 3243 339 3302 tradenda
365 3252 439 3301 sunt.
489 3243 632 3319 Pleraque
657 3261 728 3302 vero
753 3243 827 3302 hano
852 3244 1051 3305 condicionem

52 3324 176 3401 habent,
197 3336 227 3385 ut
245 3327 346 3387 eadem
364 3344 439 3385 voce
459 3326 494 3399 ad
515 3344 616 3403 omnes
631 3327 715 3387 simul
731 3328 922 3404 perferantur.
952 3327 1049 3386 Taceo

52 3409 90 3467 de
107 3411 308 3486 partitionibus
330 3419 359 3469 et
381 3409 639 3470 declamationibus
660 3411 822 3486 rhetorum,
846 3411 948 3489 quibus
970 3419 1049 3469 certe

55 3503 292 3572 quantuscunque
316 3513 450 3585 numerus
469 3493 655 3571 abhibeatur,
678 3503 772 3554 tamen
792 3498 988 3572 unusquisqne
1006 3503 1049 3552 to
