2434 3925
143 175 184 238 50
461 129 822 247 musmqnnrmnrunr

141 340 281 421 prosequi
293 355 351 400 non
361 340 454 418 possit
467 342 604 417 intentio,
620 358 676 401 neo
687 339 856 400 traiectione
871 339 1071 402 ultramodum
1086 341 1146 420 by·

141 425 254 505 perbati
269 425 332 484 linis
346 426 407 483 eius
425 424 582 486 differatur.
622 424 733 499 Quibus
750 423 843 485 adbuc
857 425 942 503 peior
957 433 1002 484 est
1014 428 1148 488 mixtura

141 510 311 584 verborum,
328 508 419 586 qualis
432 509 461 567 in
473 510 524 569 illo
538 527 626 569 vorsu

223 591 315 653 Soeo
328 600 438 653 oocoot
447 591 539 667 Itali,
554 594 662 655 mediis
676 609 755 671 quoe
768 589 973 670 tudertibus,
987 608 1075 653 oros.

100 676 233 738 15Etiam
253 677 452 735 interiectione
474 677 595 754 (quaet
616 686 748 737 oratores
769 684 798 736 et
819 675 950 736 historici
969 676 1145 755 frequenter

141 770 271 836 utuntur,
295 768 326 819 ut
341 760 435 819 medio
453 777 586 820 sermone
604 761 729 838 aliquem
748 763 876 834 inserant
897 762 1028 840 sensum)
1046 763 1141 841 impe·

141 845 194 904 diri
217 844 294 906 solet
318 844 501 920 intellectus,
532 846 601 919 uisi,
631 845 708 923 quod
732 846 939 922 interponitur,
966 843 1056 904 breve
1082 855 1141 907 est.

140 927 213 988 Nam
226 926 373 1005 Vergilius
387 929 439 988 illo
451 929 536 1003 loco,
554 945 612 1007 quo
629 928 738 1007 pullum
754 929 887 1007 equinum
903 928 1056 1006 describit,
1074 948 1143 991 cnm

140 1011 272 1088 dixisset,

398 1092 464 1158 Nec
483 1114 579 1157 nomos
598 1096 702 1159 borret
720 1096 876 1175 strepitus,
916 1125 928 1133 -

140 1179 335 1260 compluribus
351 1180 465 1239 insertis
484 1180 539 1240 alia
553 1180 644 1256 ligura
660 1181 757 1258 quinto
773 1179 885 1240 demum
899 1199 986 1240 versu
1001 1181 1090 1258 redit,

222 1296 264 1309 —
280 1298 318 1309 -
338 1262 427 1339 Tum,
449 1264 479 1324 si
492 1281 554 1341 quo
573 1282 680 1325 somam
690 1264 803 1345 procul
815 1282 907 1326 ormo
926 1266 1051 1343 dedere,

221 1344 315 1408 Stare
332 1348 398 1409 loco
411 1349 517 1412 nescit.
539 1363 541 1366 ’

96 1430 260 1493 16Vitanda
273 1432 302 1490 in
317 1431 414 1509 primis
430 1430 616 1509 ambiguitas,
637 1447 695 1491 non
711 1431 784 1491 baec
799 1431 911 1507 solum,
932 1431 968 1492 de
987 1433 1067 1492 cuius
1084 1452 1140 1510 gc-

139 1532 210 1574 nero
228 1523 316 1594 supra
336 1514 441 1574 dictum
462 1524 523 1591 est,
544 1533 619 1592 quae
634 1516 772 1575 incertum
795 1515 973 1575 intellectum
993 1515 1078 1575 iacit:
1108 1528 1142 1578 ut

139 1595 324 1661 Chremetem
344 1599 451 1661 audior
470 1600 664 1680 percussisse
682 1599 838 1668 Demeam,-
864 1599 917 1660 sed
935 1599 985 1659 illa
1005 1616 1139 1679 quoque,

138 1700 228 1760 quae,
242 1684 351 1743 etiamsi
366 1682 482 1742 turbare
497 1700 554 1742 non
568 1692 668 1762 potest
682 1701 815 1758 sensum,
830 1684 859 1741 in
869 1684 945 1744 idern
959 1693 1054 1743 tamen
1068 1702 1138 1745 ver·

136 1765 239 1826 borum
254 1769 352 1827 vitium
366 1767 480 1844 incidit,
496 1777 527 1827 ut
541 1770 566 1829 si
582 1768 646 1845 quis
665 1767 757 1841 dicat,
779 1768 878 1828 cisum
894 1786 926 1829 a·
936 1786 970 1828 sc
985 1768 1139 1830 bominem

137 1850 246 1913 librum
268 1852 458 1914 scribentem.
499 1851 571 1911 Nam
590 1851 701 1911 etiamsi
724 1850 826 1910 librum
847 1851 882 1910 ab
907 1850 1021 1911 bomine
1047 1853 1138 1913 scribi

136 1943 232 2014 patet:
253 1934 327 1995 male
342 1942 437 1997 tamen
452 1936 647 2016 composuerit
663 1935 824 2016 feceritque
845 1934 1021 2014 ambiguum,
1046 1953 1136 2015 quan·

137 2027 195 2079 tum
209 2022 237 2080 in
256 2022 320 2098 ipso
336 2018 398 2078 luit.

96 2112 130 2166 17
221 2103 275 2163 Est
297 2105 381 2163 etiam
400 2104 429 2164 iu
450 2104 618 2183 quibusdam
637 2103 720 2165 turba
741 2103 864 2164 inanium
883 2102 1054 2180 verborum,
1073 2107 1136 2184 qui,

137 2187 203 2246 dum
223 2204 398 2248 communem
418 2188 554 2266 loquendi
574 2207 683 2249 morem
704 2188 908 2265 reformidant,
936 2189 1012 2250 ducti
1032 2191 1135 2266 specie

136 2270 237 2330 nitoris
264 2274 439 2332 circumeunt
462 2275 555 2333 omnia
572 2274 692 2352 copiosa
714 2273 906 2351 loquacitate,
936 2290 1010 2351 quae
1035 2273 1137 2333 dicere

138 2355 253 2423 nolunt;
275 2355 366 2433 ipsam
386 2355 491 2416 deinde
509 2357 587 2417 illam
602 2358 709 2416 seriem
724 2375 788 2416 cum
803 2356 860 2416 alia
880 2356 964 2416 simili
980 2358 1135 2434 iungentes

137 2440 366 2516 miscentesque,
390 2439 465 2500 ultro
492 2458 577 2518 quam
599 2441 674 2501 ullus
695 2443 812 2519 spiritus
830 2440 934 2500 durare
949 2442 1058 2519 possit,
1083 2460 1135 2501 ex·

95 2521 262 2583 18tendunt.
302 2521 333 2581 lu
348 2523 405 2582 boc
421 2525 524 2583 malum
539 2544 555 2584 a
571 2524 739 2602 quibusdam
755 2526 839 2584 etiam
854 2524 1015 2591 laboratum
1037 2543 1136 2602 neque

136 2607 165 2668 id
180 2623 285 2666 novum
304 2607 402 2669 vitium
418 2616 479 2684 est,
505 2626 568 2667 cum
588 2611 643 2669 iarn
660 2607 735 2686 apud
751 2607 843 2668 'litum
857 2607 965 2668 bivium
980 2609 1133 2684 inveniam,

135 2691 226 2751 luisse
243 2699 464 2769 praeceptorem
475 2691 615 2770 aliquem,
632 2695 680 2771 qui
691 2692 849 2771 discipulos
865 2692 1039 2767 obscurare,
1057 2710 1136 2770 quae

136 2773 288 2851 dicerent,
304 2774 433 2851 iuberet,
455 2773 567 2835 Graeco
582 2776 674 2836 verbo
692 2785 775 2835 utens
792 2772 935 2837 ordcroor.
978 2776 1060 2837 Unde
1083 2776 1135 2839 illa

137 2860 250 2919 scilicet
266 2861 386 2936 egregia
406 2859 546 2921 laudatio:
567 2859 662 2923 Toreto
682 2862 807 2929 meliors
829 2881 868 2922 mc
882 2861 1071 2939 cpoqcs‘dcm
1085 2862 1132 2922 irs·

94 2943 245 3006 19tcllcms'.
278 2942 353 3019 Alii,
369 2942 539 3003 brevitatem
550 2944 684 3005 aemulati
695 2946 861 3004 necessaria
876 2962 992 3023 quoquo
1009 2944 1132 3006 orationi

135 3025 304 3087 subtrabunt
317 3027 407 3087 verba
425 3037 468 3102 et,
490 3028 571 3087 volut
586 3030 656 3088 satis
671 3029 708 3087 sit
728 3030 804 3088 scire
823 3030 920 3107 ipsos,
943 3047 1018 3107 quae
1033 3028 1131 3089 dicere

70 3132 73 3139 ¹
133 3109 238 3186 velint,
268 3121 400 3188 quantum
427 3112 462 3171 ad
487 3111 561 3170 alios
586 3114 746 3190 pertineat,
775 3111 845 3172 nibil
865 3121 973 3191 putant.
1013 3111 1052 3171 At
1073 3129 1131 3189 ego

135 3193 258 3252 otiosum
273 3212 435 3254 sermonem
451 3195 585 3270 dixerim,
609 3213 693 3272 quem
711 3196 824 3257 auditor
839 3214 892 3255 suo
909 3198 1025 3272 ingenio
1047 3197 1131 3257 intol-

133 3277 206 3353 ligit.
249 3275 383 3353 Quidam,
408 3280 538 3339 emutatis
554 3280 581 3337 iu
603 3297 772 3357 perversum
787 3279 900 3341 dicendi
918 3281 1034 3357 liguris,
1056 3278 1131 3341 idem

91 3363 229 3420 tonitium
245 3372 467 3438 consequuntur.
500 3362 627 3422 Pessima
641 3381 713 3425 vero
731 3373 795 3422 sunt
810 3356 970 3441 ἀδιανόητα
975 3406 986 3440 ,
1000 3362 1058 3423 hoc
1074 3371 1130 3440 est,

134 3464 208 3526 quae
230 3443 327 3505 verbis
343 3454 443 3524 aperta
460 3446 593 3507 occultos
608 3464 712 3508 sensus
729 3447 850 3508 babent:
870 3457 901 3508 ut
924 3445 999 3509 Cum
1019 3448 1135 3533 ductus
