<?xml version="1.0" encoding="UTF-8"?>
<!DOCTYPE html PUBLIC "-//W3C//DTD XHTML 1.0 Transitional//EN"
    "http://www.w3.org/TR/xhtml1/DTD/xhtml1-transitional.dtd">
<html xmlns="http://www.w3.org/1999/xhtml" xml:lang="en" lang="en">
 <head>
  <title>
</title>
<meta http-equiv="Content-Type" content="text/html;charset=utf-8" />
  <meta name='ocr-system' content='tesseract 3.04.00' />
  <meta name='ocr-capabilities' content='ocr_page ocr_carea ocr_par ocr_line ocrx_word'/>
</head>
<body>
  <div class='ocr_page' id='page_1' title='image "./mfabiiquintilia08bonngoog_0469.png"; bbox 0 0 2434 3925; ppageno 0'>
   <div class='ocr_carea' id='block_1_1' title="bbox 279 206 1046 280">
    <p class='ocr_par' dir='ltr' id='par_1_1' title="bbox 279 206 1046 280">
     <span class='ocr_line' id='line_1_1' title="bbox 279 206 1046 280; baseline 0.005 -18"><span class='ocrx_word' id='word_1_1' title='bbox 279 217 368 263; x_wconf 80' lang='lat' dir='ltr'>msc.</span> <span class='ocrx_word' id='word_1_2' title='bbox 392 214 541 263; x_wconf 74' lang='lat' dir='ltr'>orrares.</span> <span class='ocrx_word' id='word_1_3' title='bbox 563 215 632 262; x_wconf 81' lang='lat' dir='ltr'>urs.</span> <span class='ocrx_word' id='word_1_4' title='bbox 655 212 771 280; x_wconf 84' lang='lat' dir='ltr'>vr11,a.</span> <span class='ocrx_word' id='word_1_5' title='bbox 785 212 810 265; x_wconf 82' lang='lat'>4.</span> <span class='ocrx_word' id='word_1_6' title='bbox 1005 206 1046 266; x_wconf 88' lang='lat'>65</span> 
     </span>
    </p>
   </div>
   <div class='ocr_carea' id='block_1_2' title="bbox 35 368 1047 616">
    <p class='ocr_par' dir='ltr' id='par_1_2' title="bbox 35 368 1047 616">
     <span class='ocr_line' id='line_1_2' title="bbox 35 368 1046 447; baseline 0 -16"><span class='ocrx_word' id='word_1_7' title='bbox 35 378 146 431; x_wconf 86' lang='lat' dir='ltr'>tamen</span> <span class='ocrx_word' id='word_1_8' title='bbox 161 370 222 429; x_wconf 91' lang='lat' dir='ltr'>eins</span> <span class='ocrx_word' id='word_1_9' title='bbox 239 386 329 447; x_wconf 92' lang='lat' dir='ltr'>opera</span> <span class='ocrx_word' id='word_1_10' title='bbox 346 368 478 441; x_wconf 76' lang='grc' dir='ltr'><strong><em>δείνασις</em></strong></span> <span class='ocrx_word' id='word_1_11' title='bbox 497 369 526 427; x_wconf 91' lang='lat' dir='ltr'>in</span> <span class='ocrx_word' id='word_1_12' title='bbox 549 369 754 445; x_wconf 77' lang='lat' dir='ltr'>exaggeranda</span> <span class='ocrx_word' id='word_1_13' title='bbox 773 370 949 447; x_wconf 77' lang='lat' dir='ltr'>indignitate,</span> <span class='ocrx_word' id='word_1_14' title='bbox 975 374 1046 432; x_wconf 89' lang='lat' dir='ltr'>etin</span> 
     </span>
     <span class='ocr_line' id='line_1_3' title="bbox 37 453 1045 531; baseline 0 -16"><span class='ocrx_word' id='word_1_15' title='bbox 37 455 158 515; x_wconf 86' lang='lat' dir='ltr'>ceteris</span> <span class='ocrx_word' id='word_1_16' title='bbox 174 454 294 512; x_wconf 78' lang='lat' dir='ltr'>altitudo</span> <span class='ocrx_word' id='word_1_17' title='bbox 312 453 471 530; x_wconf 81' lang='lat' dir='ltr'>quaedam,</span> <span class='ocrx_word' id='word_1_18' title='bbox 493 453 641 528; x_wconf 77' lang='grc' dir='ltr'><strong><em>φαντασία</em></strong></span> <span class='ocrx_word' id='word_1_19' title='bbox 663 455 691 511; x_wconf 93' lang='lat' dir='ltr'>iu</span> <span class='ocrx_word' id='word_1_20' title='bbox 712 455 908 531; x_wconf 79' lang='lat' dir='ltr'>concipiendis</span> <span class='ocrx_word' id='word_1_21' title='bbox 930 457 1045 515; x_wconf 88' lang='lat' dir='ltr'>visioni·</span> 
     </span>
     <span class='ocr_line' id='line_1_4' title="bbox 35 535 1047 616; baseline 0.002 -19"><span class='ocrx_word' id='word_1_22' title='bbox 35 538 122 612; x_wconf 82' lang='lat' dir='ltr'>bus,</span> <span class='ocrx_word' id='word_1_23' title='bbox 143 535 292 616; x_wconf 73' lang='grc' dir='ltr'><strong><em>ἐξεργασία</em></strong></span> <span class='ocrx_word' id='word_1_24' title='bbox 307 539 335 594; x_wconf 91' lang='lat' dir='ltr'>in</span> <span class='ocrx_word' id='word_1_25' title='bbox 351 536 504 596; x_wconf 88' lang='lat' dir='ltr'>eiticiendo</span> <span class='ocrx_word' id='word_1_26' title='bbox 520 537 599 596; x_wconf 89' lang='lat' dir='ltr'>velut</span> <span class='ocrx_word' id='word_1_27' title='bbox 617 553 708 613; x_wconf 88' lang='lat' dir='ltr'>opere</span> <span class='ocrx_word' id='word_1_28' title='bbox 724 540 891 615; x_wconf 91' lang='lat' dir='ltr'>proposito,</span> <span class='ocrx_word' id='word_1_29' title='bbox 915 541 959 597; x_wconf 90' lang='lat' dir='ltr'>cui</span> <span class='ocrx_word' id='word_1_30' title='bbox 974 541 1047 599; x_wconf 88' lang='lat' dir='ltr'>adii--</span> 
     </span>
    </p>
   </div>
   <div class='ocr_carea' id='block_1_3' title="bbox 1 619 1089 1622">
    <p class='ocr_par' dir='ltr' id='par_1_3' title="bbox 36 619 1088 1036">
     <span class='ocr_line' id='line_1_5' title="bbox 37 619 1046 699; baseline 0.002 -18"><span class='ocrx_word' id='word_1_31' title='bbox 37 623 124 682; x_wconf 86' lang='lat' dir='ltr'>citur</span> <span class='ocrx_word' id='word_1_32' title='bbox 138 620 341 699; x_wconf 75' lang='grc' dir='ltr'><strong><em>ἐπεξεργασία,</em></strong></span> <span class='ocrx_word' id='word_1_33' title='bbox 364 621 499 697; x_wconf 79' lang='lat' dir='ltr'>repetitio</span> <span class='ocrx_word' id='word_1_34' title='bbox 520 619 698 697; x_wconf 86' lang='lat' dir='ltr'>probationis</span> <span class='ocrx_word' id='word_1_35' title='bbox 725 621 851 680; x_wconf 90' lang='lat' dir='ltr'>eiusdem</span> <span class='ocrx_word' id='word_1_36' title='bbox 873 630 901 679; x_wconf 90' lang='lat' dir='ltr'>et</span> <span class='ocrx_word' id='word_1_37' title='bbox 917 624 1046 682; x_wconf 89' lang='lat' dir='ltr'>cumulus</span> 
     </span>
     <span class='ocr_line' id='line_1_6' title="bbox 36 702 1088 787; baseline 0.002 -23"><span class='ocrx_word' id='word_1_38' title='bbox 36 723 86 764; x_wconf 86' lang='lat' dir='ltr'>ex</span> <span class='ocrx_word' id='word_1_39' title='bbox 102 705 266 778; x_wconf 81' lang='lat' dir='ltr'>abundanti,</span> <span class='ocrx_word' id='word_1_40' title='bbox 283 702 411 783; x_wconf 73' lang='grc' dir='ltr'><strong><em>ἐνέργεια</em></strong></span> <span class='ocrx_word' id='word_1_41' title='bbox 428 705 546 764; x_wconf 83' lang='lat' dir='ltr'>confinis</span> <span class='ocrx_word' id='word_1_42' title='bbox 562 704 606 761; x_wconf 91' lang='lat' dir='ltr'>his</span> <span class='ocrx_word' id='word_1_43' title='bbox 622 705 683 782; x_wconf 92' lang='lat' dir='ltr'>(est</span> <span class='ocrx_word' id='word_1_44' title='bbox 695 707 767 763; x_wconf 87' lang='lat' dir='ltr'>euim</span> <span class='ocrx_word' id='word_1_45' title='bbox 781 704 816 763; x_wconf 88' lang='lat' dir='ltr'>ab</span> <span class='ocrx_word' id='word_1_46' title='bbox 828 705 940 781; x_wconf 79' lang='lat' dir='ltr'>agendo</span> <span class='ocrx_word' id='word_1_47' title='bbox 953 706 1088 787; x_wconf 76' lang='lat' dir='ltr'>dicta)89</span> 
     </span>
     <span class='ocr_line' id='line_1_7' title="bbox 37 788 1047 866; baseline 0.002 -18"><span class='ocrx_word' id='word_1_48' title='bbox 37 798 75 848; x_wconf 83' lang='lat' dir='ltr'>et</span> <span class='ocrx_word' id='word_1_49' title='bbox 97 791 179 848; x_wconf 88' lang='lat' dir='ltr'>onius</span> <span class='ocrx_word' id='word_1_50' title='bbox 197 788 315 866; x_wconf 91' lang='lat' dir='ltr'>propria</span> <span class='ocrx_word' id='word_1_51' title='bbox 331 789 432 863; x_wconf 89' lang='lat' dir='ltr'>virtus,</span> <span class='ocrx_word' id='word_1_52' title='bbox 451 806 508 847; x_wconf 94' lang='lat' dir='ltr'>non</span> <span class='ocrx_word' id='word_1_53' title='bbox 520 806 597 862; x_wconf 88' lang='lat' dir='ltr'>esse,</span> <span class='ocrx_word' id='word_1_54' title='bbox 617 806 691 865; x_wconf 88' lang='lat' dir='ltr'>quae</span> <span class='ocrx_word' id='word_1_55' title='bbox 705 789 846 862; x_wconf 88' lang='lat' dir='ltr'>dicuntur,</span> <span class='ocrx_word' id='word_1_56' title='bbox 864 790 966 848; x_wconf 91' lang='lat' dir='ltr'>otiosa.</span> <span class='ocrx_word' id='word_1_57' title='bbox 994 789 1047 851; x_wconf 86' lang='lat' dir='ltr'>Est</span> 
     </span>
     <span class='ocr_line' id='line_1_8' title="bbox 37 871 1045 951; baseline 0.001 -19"><span class='ocrx_word' id='word_1_58' title='bbox 37 881 75 933; x_wconf 87' lang='lat' dir='ltr'>et</span> <span class='ocrx_word' id='word_1_59' title='bbox 98 890 224 932; x_wconf 89' lang='lat' dir='ltr'>amarum</span> <span class='ocrx_word' id='word_1_60' title='bbox 245 871 392 949; x_wconf 83' lang='lat' dir='ltr'>quiddam,</span> <span class='ocrx_word' id='word_1_61' title='bbox 413 872 490 949; x_wconf 92' lang='lat' dir='ltr'>quod</span> <span class='ocrx_word' id='word_1_62' title='bbox 509 873 573 931; x_wconf 89' lang='lat' dir='ltr'>iere</span> <span class='ocrx_word' id='word_1_63' title='bbox 599 874 628 929; x_wconf 92' lang='lat' dir='ltr'>in</span> <span class='ocrx_word' id='word_1_64' title='bbox 651 872 823 931; x_wconf 88' lang='lat' dir='ltr'>contumelia</span> <span class='ocrx_word' id='word_1_65' title='bbox 844 881 889 931; x_wconf 89' lang='lat' dir='ltr'>est</span> <span class='ocrx_word' id='word_1_66' title='bbox 909 876 1045 951; x_wconf 87' lang='lat' dir='ltr'>positum,</span> 
     </span>
     <span class='ocr_line' id='line_1_9' title="bbox 37 953 1047 1036; baseline 0.004 -20"><span class='ocrx_word' id='word_1_67' title='bbox 37 957 135 1036; x_wconf 89' lang='lat' dir='ltr'>quale</span> <span class='ocrx_word' id='word_1_68' title='bbox 153 955 261 1015; x_wconf 83' lang='lat' dir='ltr'>Cassii:</span> <span class='ocrx_word' id='word_1_69' title='bbox 286 953 368 1028; x_wconf 81' lang='lat' dir='ltr'>Quid</span> <span class='ocrx_word' id='word_1_70' title='bbox 381 957 496 1034; x_wconf 82' lang='lat' dir='ltr'>facies,</span> <span class='ocrx_word' id='word_1_71' title='bbox 513 977 579 1017; x_wconf 83' lang='lat' dir='ltr'>cam</span> <span class='ocrx_word' id='word_1_72' title='bbox 596 957 629 1016; x_wconf 85' lang='lat' dir='ltr'>in</span> <span class='ocrx_word' id='word_1_73' title='bbox 646 958 724 1017; x_wconf 79' lang='lat' dir='ltr'>douo</span> <span class='ocrx_word' id='word_1_74' title='bbox 739 965 792 1017; x_wconf 82' lang='lat' dir='ltr'>trra</span> <span class='ocrx_word' id='word_1_75' title='bbox 808 958 966 1032; x_wconf 81' lang='lat' dir='ltr'>inuasere,</span> <span class='ocrx_word' id='word_1_76' title='bbox 990 959 1047 1020; x_wconf 85' lang='lat' dir='ltr'>itoe</span> 
     </span>
    </p>

    <p class='ocr_par' dir='ltr' id='par_1_4' title="bbox 1 1039 1089 1622">
     <span class='ocr_line' id='line_1_10' title="bbox 1 1039 1044 1117; baseline 0.004 -21"><span class='ocrx_word' id='word_1_77' title='bbox 1 1093 2 1096; x_wconf 74' lang='grc'>,</span> <span class='ocrx_word' id='word_1_78' title='bbox 36 1049 102 1116; x_wconf 82' lang='lat' dir='ltr'>est,</span> <span class='ocrx_word' id='word_1_79' title='bbox 121 1060 187 1100; x_wconf 87' lang='lat' dir='ltr'>cum</span> <span class='ocrx_word' id='word_1_80' title='bbox 205 1049 234 1101; x_wconf 87' lang='lat' dir='ltr'>te</span> <span class='ocrx_word' id='word_1_81' title='bbox 249 1042 382 1101; x_wconf 84' lang='lat' dir='ltr'>docuero</span> <span class='ocrx_word' id='word_1_82' title='bbox 401 1042 607 1101; x_wconf 80' lang='lat' dir='ltr'>maledicere?</span> <span class='ocrx_word' id='word_1_83' title='bbox 636 1040 673 1099; x_wconf 85' lang='lat' dir='ltr'>Et</span> <span class='ocrx_word' id='word_1_84' title='bbox 688 1058 772 1114; x_wconf 88' lang='lat' dir='ltr'>acre,</span> <span class='ocrx_word' id='word_1_85' title='bbox 793 1048 823 1098; x_wconf 91' lang='lat' dir='ltr'>ut</span> <span class='ocrx_word' id='word_1_86' title='bbox 845 1039 915 1100; x_wconf 91' lang='lat' dir='ltr'>illud</span> <span class='ocrx_word' id='word_1_87' title='bbox 937 1039 1044 1117; x_wconf 84' lang='lat' dir='ltr'>Crassi,</span> 
     </span>
     <span class='ocr_line' id='line_1_11' title="bbox 37 1123 1046 1204; baseline -0.001 -19"><span class='ocrx_word' id='word_1_88' title='bbox 37 1123 115 1204; x_wconf 76' lang='lat' dir='ltr'>Epo</span> <span class='ocrx_word' id='word_1_89' title='bbox 132 1134 161 1185; x_wconf 84' lang='lat' dir='ltr'>te</span> <span class='ocrx_word' id='word_1_90' title='bbox 177 1126 327 1186; x_wconf 83' lang='lat' dir='ltr'>consulem</span> <span class='ocrx_word' id='word_1_91' title='bbox 338 1133 452 1203; x_wconf 83' lang='lat' dir='ltr'>putem,</span> <span class='ocrx_word' id='word_1_92' title='bbox 477 1144 546 1185; x_wconf 78' lang='lat' dir='ltr'>cram</span> <span class='ocrx_word' id='word_1_93' title='bbox 562 1133 593 1184; x_wconf 83' lang='lat' dir='ltr'>iu</span> <span class='ocrx_word' id='word_1_94' title='bbox 614 1144 661 1185; x_wconf 90' lang='lat' dir='ltr'>me</span> <span class='ocrx_word' id='word_1_95' title='bbox 675 1144 734 1184; x_wconf 83' lang='lat' dir='ltr'>mom</span> <span class='ocrx_word' id='word_1_96' title='bbox 745 1134 835 1201; x_wconf 75' lang='lat' dir='ltr'>partes</span> <span class='ocrx_word' id='word_1_97' title='bbox 851 1128 1046 1200; x_wconf 78' lang='lat' dir='ltr'>senatorem?</span> 
     </span>
     <span class='ocr_line' id='line_1_12' title="bbox 38 1207 1043 1286; baseline -0.003 -16"><span class='ocrx_word' id='word_1_98' title='bbox 38 1208 108 1270; x_wconf 85' lang='lat' dir='ltr'>Sed</span> <span class='ocrx_word' id='word_1_99' title='bbox 133 1210 177 1267; x_wconf 86' lang='lat' dir='ltr'>vis</span> <span class='ocrx_word' id='word_1_100' title='bbox 204 1210 327 1268; x_wconf 87' lang='lat' dir='ltr'>oratoris</span> <span class='ocrx_word' id='word_1_101' title='bbox 354 1211 445 1267; x_wconf 90' lang='lat' dir='ltr'>omnis</span> <span class='ocrx_word' id='word_1_102' title='bbox 466 1210 493 1267; x_wconf 92' lang='lat' dir='ltr'>iu</span> <span class='ocrx_word' id='word_1_103' title='bbox 515 1210 648 1286; x_wconf 84' lang='lat' dir='ltr'>augendo</span> <span class='ocrx_word' id='word_1_104' title='bbox 669 1207 879 1285; x_wconf 89' lang='lat' dir='ltr'>minuendoque</span> <span class='ocrx_word' id='word_1_105' title='bbox 903 1210 1043 1268; x_wconf 91' lang='lat' dir='ltr'>consistit.</span> 
     </span>
     <span class='ocr_line' id='line_1_13' title="bbox 37 1292 1045 1372; baseline 0 -20"><span class='ocrx_word' id='word_1_106' title='bbox 37 1292 170 1371; x_wconf 83' lang='lat' dir='ltr'>Utrique</span> <span class='ocrx_word' id='word_1_107' title='bbox 194 1294 268 1371; x_wconf 89' lang='lat' dir='ltr'>parti</span> <span class='ocrx_word' id='word_1_108' title='bbox 289 1292 407 1351; x_wconf 86' lang='lat' dir='ltr'>totidem</span> <span class='ocrx_word' id='word_1_109' title='bbox 428 1293 520 1367; x_wconf 89' lang='lat' dir='ltr'>modi,</span> <span class='ocrx_word' id='word_1_110' title='bbox 544 1312 581 1353; x_wconf 83' lang='lat' dir='ltr'>ex</span> <span class='ocrx_word' id='word_1_111' title='bbox 604 1292 706 1371; x_wconf 88' lang='lat' dir='ltr'>quibus</span> <span class='ocrx_word' id='word_1_112' title='bbox 728 1295 903 1372; x_wconf 89' lang='lat' dir='ltr'>praecipuos</span> <span class='ocrx_word' id='word_1_113' title='bbox 925 1295 1045 1370; x_wconf 80' lang='lat' dir='ltr'>attinge·</span> 
     </span>
     <span class='ocr_line' id='line_1_14' title="bbox 38 1376 1047 1455; baseline 0.002 -20"><span class='ocrx_word' id='word_1_114' title='bbox 38 1395 125 1444; x_wconf 90' lang='lat' dir='ltr'>mus;</span> <span class='ocrx_word' id='word_1_115' title='bbox 148 1376 252 1454; x_wconf 89' lang='lat' dir='ltr'>reliqui</span> <span class='ocrx_word' id='word_1_116' title='bbox 273 1377 381 1435; x_wconf 83' lang='lat' dir='ltr'>similes</span> <span class='ocrx_word' id='word_1_117' title='bbox 403 1386 493 1436; x_wconf 88' lang='lat' dir='ltr'>erunt.</span> <span class='ocrx_word' id='word_1_118' title='bbox 542 1378 613 1436; x_wconf 89' lang='lat' dir='ltr'>Sunt</span> <span class='ocrx_word' id='word_1_119' title='bbox 635 1385 729 1436; x_wconf 87' lang='lat' dir='ltr'>autern</span> <span class='ocrx_word' id='word_1_120' title='bbox 747 1378 834 1455; x_wconf 91' lang='lat' dir='ltr'>positi</span> <span class='ocrx_word' id='word_1_121' title='bbox 856 1379 884 1435; x_wconf 93' lang='lat' dir='ltr'>iu</span> <span class='ocrx_word' id='word_1_122' title='bbox 905 1376 991 1436; x_wconf 92' lang='lat' dir='ltr'>rebus</span> <span class='ocrx_word' id='word_1_123' title='bbox 1017 1386 1047 1437; x_wconf 89' lang='lat' dir='ltr'>et</span> 
     </span>
     <span class='ocr_line' id='line_1_15' title="bbox 39 1460 1089 1538; baseline 0.005 -18"><span class='ocrx_word' id='word_1_124' title='bbox 39 1460 155 1520; x_wconf 86' lang='lat' dir='ltr'>verbis.</span> <span class='ocrx_word' id='word_1_125' title='bbox 191 1461 265 1534; x_wconf 85' lang='lat' dir='ltr'>Sed,</span> <span class='ocrx_word' id='word_1_126' title='bbox 288 1478 362 1538; x_wconf 90' lang='lat' dir='ltr'>quae</span> <span class='ocrx_word' id='word_1_127' title='bbox 383 1462 419 1518; x_wconf 90' lang='lat' dir='ltr'>sit</span> <span class='ocrx_word' id='word_1_128' title='bbox 441 1479 536 1520; x_wconf 89' lang='lat' dir='ltr'>rerum</span> <span class='ocrx_word' id='word_1_129' title='bbox 552 1461 677 1533; x_wconf 87' lang='lat' dir='ltr'>inventio</span> <span class='ocrx_word' id='word_1_130' title='bbox 693 1479 727 1520; x_wconf 91' lang='lat' dir='ltr'>ac</span> <span class='ocrx_word' id='word_1_131' title='bbox 743 1463 833 1535; x_wconf 91' lang='lat' dir='ltr'>ratio,</span> <span class='ocrx_word' id='word_1_132' title='bbox 849 1462 1089 1530; x_wconf 71' lang='lat' dir='ltr'>tractavimumeo</span> 
     </span>
     <span class='ocr_line' id='line_1_16' title="bbox 40 1543 896 1622; baseline -0.001 -19"><span class='ocrx_word' id='word_1_133' title='bbox 40 1562 135 1617; x_wconf 89' lang='lat' dir='ltr'>nnnc,</span> <span class='ocrx_word' id='word_1_134' title='bbox 152 1545 218 1620; x_wconf 91' lang='lat' dir='ltr'>quid</span> <span class='ocrx_word' id='word_1_135' title='bbox 234 1544 361 1603; x_wconf 84' lang='lat' dir='ltr'>elocutio</span> <span class='ocrx_word' id='word_1_136' title='bbox 377 1544 489 1603; x_wconf 91' lang='lat' dir='ltr'>attollat</span> <span class='ocrx_word' id='word_1_137' title='bbox 505 1554 552 1605; x_wconf 90' lang='lat' dir='ltr'>aut</span> <span class='ocrx_word' id='word_1_138' title='bbox 569 1543 719 1622; x_wconf 91' lang='lat' dir='ltr'>deprimat,</span> <span class='ocrx_word' id='word_1_139' title='bbox 736 1543 896 1604; x_wconf 86' lang='lat' dir='ltr'>dicendum.</span> 
     </span>
    </p>
   </div>
   <div class='ocr_carea' id='block_1_4' title="bbox 2 1709 1165 3630">
    <p class='ocr_par' dir='ltr' id='par_1_5' title="bbox 2 1709 1165 3303">
     <span class='ocr_line' id='line_1_17' title="bbox 133 1709 1165 1789; baseline 0 -19"><span class='ocrx_word' id='word_1_140' title='bbox 133 1709 181 1770; x_wconf 90' lang='lat' dir='ltr'>iV.</span> <span class='ocrx_word' id='word_1_141' title='bbox 212 1711 305 1771; x_wconf 89' lang='lat' dir='ltr'>Prima</span> <span class='ocrx_word' id='word_1_142' title='bbox 327 1719 373 1770; x_wconf 89' lang='lat' dir='ltr'>est</span> <span class='ocrx_word' id='word_1_143' title='bbox 395 1714 481 1788; x_wconf 80' lang='lat' dir='ltr'>igitur</span> <span class='ocrx_word' id='word_1_144' title='bbox 505 1710 758 1789; x_wconf 89' lang='lat' dir='ltr'>ampliiicaudi</span> <span class='ocrx_word' id='word_1_145' title='bbox 787 1714 835 1771; x_wconf 86' lang='lat' dir='ltr'>vei</span> <span class='ocrx_word' id='word_1_146' title='bbox 864 1711 1046 1772; x_wconf 90' lang='lat' dir='ltr'>minuendi</span> <span class='ocrx_word' id='word_1_147' title='bbox 1155 1739 1165 1762; x_wconf 73' lang='grc' dir='ltr'>ι</span> 
     </span>
     <span class='ocr_line' id='line_1_18' title="bbox 43 1792 1045 1876; baseline 0 -20"><span class='ocrx_word' id='word_1_148' title='bbox 43 1798 166 1876; x_wconf 89' lang='lat' dir='ltr'>species</span> <span class='ocrx_word' id='word_1_149' title='bbox 181 1797 209 1854; x_wconf 90' lang='lat' dir='ltr'>in</span> <span class='ocrx_word' id='word_1_150' title='bbox 224 1797 289 1873; x_wconf 91' lang='lat' dir='ltr'>ipso</span> <span class='ocrx_word' id='word_1_151' title='bbox 304 1798 347 1854; x_wconf 89' lang='lat' dir='ltr'>rei</span> <span class='ocrx_word' id='word_1_152' title='bbox 362 1797 492 1853; x_wconf 89' lang='lat' dir='ltr'>nomine:</span> <span class='ocrx_word' id='word_1_153' title='bbox 516 1803 547 1853; x_wconf 88' lang='lat' dir='ltr'>ut</span> <span class='ocrx_word' id='word_1_154' title='bbox 570 1812 633 1853; x_wconf 88' lang='lat' dir='ltr'>oum</span> <span class='ocrx_word' id='word_1_155' title='bbox 649 1812 730 1869; x_wconf 91' lang='lat' dir='ltr'>eum,</span> <span class='ocrx_word' id='word_1_156' title='bbox 747 1796 794 1873; x_wconf 90' lang='lat' dir='ltr'>qui</span> <span class='ocrx_word' id='word_1_157' title='bbox 809 1797 846 1854; x_wconf 89' lang='lat' dir='ltr'>sit</span> <span class='ocrx_word' id='word_1_158' title='bbox 862 1792 976 1870; x_wconf 77' lang='lat' dir='ltr'>caesus,</span> <span class='ocrx_word' id='word_1_159' title='bbox 992 1816 1045 1856; x_wconf 89' lang='lat' dir='ltr'>oc-</span> 
     </span>
     <span class='ocr_line' id='line_1_19' title="bbox 43 1877 1045 1957; baseline -0.005 -15"><span class='ocrx_word' id='word_1_160' title='bbox 43 1884 161 1954; x_wconf 81' lang='lat' dir='ltr'>cisum,</span> <span class='ocrx_word' id='word_1_161' title='bbox 180 1897 261 1955; x_wconf 92' lang='lat' dir='ltr'>eum,</span> <span class='ocrx_word' id='word_1_162' title='bbox 285 1881 332 1957; x_wconf 89' lang='lat' dir='ltr'>qni</span> <span class='ocrx_word' id='word_1_163' title='bbox 357 1881 393 1937; x_wconf 92' lang='lat' dir='ltr'>sit</span> <span class='ocrx_word' id='word_1_164' title='bbox 413 1877 576 1957; x_wconf 89' lang='lat' dir='ltr'>improbus,</span> <span class='ocrx_word' id='word_1_165' title='bbox 598 1879 765 1950; x_wconf 73' lang='lat' dir='ltr'>lamonem,-</span> <span class='ocrx_word' id='word_1_166' title='bbox 789 1888 947 1956; x_wconf 86' lang='lat' dir='ltr'>contraque</span> <span class='ocrx_word' id='word_1_167' title='bbox 970 1897 1045 1955; x_wconf 89' lang='lat' dir='ltr'>eum,</span> 
     </span>
     <span class='ocr_line' id='line_1_20' title="bbox 2 1963 1042 2043; baseline -0.003 -19"><span class='ocrx_word' id='word_1_168' title='bbox 2 2024 3 2033; x_wconf 63' lang='grc'>,</span> <span class='ocrx_word' id='word_1_169' title='bbox 44 1967 96 2043; x_wconf 93' lang='lat' dir='ltr'>qui</span> <span class='ocrx_word' id='word_1_170' title='bbox 123 1963 262 2042; x_wconf 84' lang='lat' dir='ltr'>pulsavit,</span> <span class='ocrx_word' id='word_1_171' title='bbox 290 1965 443 2042; x_wconf 80' lang='lat' dir='ltr'>attipisse,</span> <span class='ocrx_word' id='word_1_172' title='bbox 474 1964 522 2041; x_wconf 92' lang='lat' dir='ltr'>qui</span> <span class='ocrx_word' id='word_1_173' title='bbox 550 1963 729 2038; x_wconf 79' lang='lat' dir='ltr'>vulneravit,</span> <span class='ocrx_word' id='word_1_174' title='bbox 761 1964 887 2024; x_wconf 73' lang='lat' dir='ltr'>doemone</span> <span class='ocrx_word' id='word_1_175' title='bbox 915 1963 1042 2022; x_wconf 87' lang='lat' dir='ltr'>dicimus.</span> 
     </span>
     <span class='ocr_line' id='line_1_21' title="bbox 43 2044 1046 2126; baseline 0 -18"><span class='ocrx_word' id='word_1_176' title='bbox 43 2048 205 2125; x_wconf 87' lang='lat' dir='ltr'>Utriusque</span> <span class='ocrx_word' id='word_1_177' title='bbox 226 2050 335 2126; x_wconf 90' lang='lat' dir='ltr'>pariter</span> <span class='ocrx_word' id='word_1_178' title='bbox 356 2048 519 2125; x_wconf 86' lang='lat' dir='ltr'>exemplum</span> <span class='ocrx_word' id='word_1_179' title='bbox 542 2056 588 2106; x_wconf 89' lang='lat' dir='ltr'>est</span> <span class='ocrx_word' id='word_1_180' title='bbox 608 2062 662 2125; x_wconf 91' lang='lat' dir='ltr'>pro</span> <span class='ocrx_word' id='word_1_181' title='bbox 684 2045 722 2105; x_wconf 81' lang='lat' dir='ltr'>ti.</span> <span class='ocrx_word' id='word_1_182' title='bbox 750 2044 871 2106; x_wconf 80' lang='lat' dir='ltr'>Caelio:</span> <span class='ocrx_word' id='word_1_183' title='bbox 894 2047 930 2106; x_wconf 83' lang='lat' dir='ltr'>Si</span> <span class='ocrx_word' id='word_1_184' title='bbox 951 2049 1046 2109; x_wconf 78' lang='lat' dir='ltr'>aidau</span> 
     </span>
     <span class='ocr_line' id='line_1_22' title="bbox 43 2129 1046 2213; baseline 0 -20"><span class='ocrx_word' id='word_1_185' title='bbox 43 2134 154 2208; x_wconf 79' lang='lat' dir='ltr'>libere,</span> <span class='ocrx_word' id='word_1_186' title='bbox 167 2142 316 2210; x_wconf 82' lang='lat' dir='ltr'>proteron</span> <span class='ocrx_word' id='word_1_187' title='bbox 327 2134 518 2211; x_wconf 79' lang='lat' dir='ltr'>petulanter,</span> <span class='ocrx_word' id='word_1_188' title='bbox 540 2131 627 2192; x_wconf 80' lang='lat' dir='ltr'>diaes</span> <span class='ocrx_word' id='word_1_189' title='bbox 648 2129 757 2213; x_wconf 76' lang='lat' dir='ltr'>effuse,</span> <span class='ocrx_word' id='word_1_190' title='bbox 773 2131 935 2192; x_wconf 80' lang='lat' dir='ltr'>libidinoso</span> <span class='ocrx_word' id='word_1_191' title='bbox 950 2150 1046 2193; x_wconf 87' lang='lat' dir='ltr'>mere-</span> 
     </span>
     <span class='ocr_line' id='line_1_23' title="bbox 43 2216 1046 2294; baseline -0.001 -17"><span class='ocrx_word' id='word_1_192' title='bbox 43 2217 138 2277; x_wconf 84' lang='lat' dir='ltr'>tricio</span> <span class='ocrx_word' id='word_1_193' title='bbox 152 2235 235 2277; x_wconf 87' lang='lat' dir='ltr'>more</span> <span class='ocrx_word' id='word_1_194' title='bbox 249 2219 382 2279; x_wconf 77' lang='lat' dir='ltr'>cineret:</span> <span class='ocrx_word' id='word_1_195' title='bbox 399 2217 573 2277; x_wconf 84' lang='lat' dir='ltr'>adulterum</span> <span class='ocrx_word' id='word_1_196' title='bbox 594 2222 820 2293; x_wconf 77' lang='lat' dir='ltr'>eqopoturem,</span> <span class='ocrx_word' id='word_1_197' title='bbox 835 2218 947 2294; x_wconf 83' lang='lat' dir='ltr'>siquis</span> <span class='ocrx_word' id='word_1_198' title='bbox 966 2216 1046 2276; x_wconf 85' lang='lat' dir='ltr'>donc</span> 
     </span>
     <span class='ocr_line' id='line_1_24' title="bbox 43 2297 1075 2379; baseline 0.003 -18"><span class='ocrx_word' id='word_1_199' title='bbox 43 2300 141 2379; x_wconf 77' lang='lat' dir='ltr'>portio</span> <span class='ocrx_word' id='word_1_200' title='bbox 163 2301 290 2369; x_wconf 78' lang='lat' dir='ltr'>liberior</span> <span class='ocrx_word' id='word_1_201' title='bbox 314 2301 500 2362; x_wconf 77' lang='lat' dir='ltr'>salutasset?</span> <span class='ocrx_word' id='word_1_202' title='bbox 525 2297 598 2358; x_wconf 91' lang='lat' dir='ltr'>Nam</span> <span class='ocrx_word' id='word_1_203' title='bbox 619 2307 648 2357; x_wconf 88' lang='lat' dir='ltr'>et</span> <span class='ocrx_word' id='word_1_204' title='bbox 667 2299 837 2377; x_wconf 90' lang='lat' dir='ltr'>impudicam</span> <span class='ocrx_word' id='word_1_205' title='bbox 857 2303 1075 2364; x_wconf 70' lang='lat' dir='ltr'>meretricem</span> 
     </span>
     <span class='ocr_line' id='line_1_25' title="bbox 45 2382 1047 2461; baseline 0.002 -18"><span class='ocrx_word' id='word_1_206' title='bbox 45 2385 180 2459; x_wconf 80' lang='lat' dir='ltr'>vocarit,</span> <span class='ocrx_word' id='word_1_207' title='bbox 204 2394 233 2443; x_wconf 92' lang='lat' dir='ltr'>et</span> <span class='ocrx_word' id='word_1_208' title='bbox 252 2402 332 2460; x_wconf 92' lang='lat' dir='ltr'>eum,</span> <span class='ocrx_word' id='word_1_209' title='bbox 356 2385 401 2444; x_wconf 93' lang='lat' dir='ltr'>cui</span> <span class='ocrx_word' id='word_1_210' title='bbox 422 2384 526 2461; x_wconf 81' lang='lat' dir='ltr'>longus</span> <span class='ocrx_word' id='word_1_211' title='bbox 548 2400 612 2442; x_wconf 92' lang='lat' dir='ltr'>cum</span> <span class='ocrx_word' id='word_1_212' title='bbox 633 2382 684 2442; x_wconf 93' lang='lat' dir='ltr'>illa</span> <span class='ocrx_word' id='word_1_213' title='bbox 705 2383 799 2443; x_wconf 90' lang='lat' dir='ltr'>iuerat</span> <span class='ocrx_word' id='word_1_214' title='bbox 816 2402 901 2460; x_wconf 89' lang='lat' dir='ltr'>usus,</span> <span class='ocrx_word' id='word_1_215' title='bbox 921 2386 1047 2447; x_wconf 82' lang='lat' dir='ltr'>liberius</span> 
     </span>
     <span class='ocr_line' id='line_1_26' title="bbox 46 2450 1046 2546; baseline -0.001 -17"><span class='ocrx_word' id='word_1_216' title='bbox 46 2469 212 2529; x_wconf 81' lang='lat' dir='ltr'>salutasse.</span> <span class='ocrx_word' id='word_1_217' title='bbox 240 2467 304 2528; x_wconf 90' lang='lat' dir='ltr'>Hoc</span> <span class='ocrx_word' id='word_1_218' title='bbox 318 2486 410 2546; x_wconf 80' lang='lat' dir='ltr'>genus</span> <span class='ocrx_word' id='word_1_219' title='bbox 420 2468 557 2531; x_wconf 87' lang='lat' dir='ltr'>increscit</span> <span class='ocrx_word' id='word_1_220' title='bbox 572 2484 607 2526; x_wconf 91' lang='lat' dir='ltr'>ac</span> <span class='ocrx_word' id='word_1_221' title='bbox 620 2466 650 2525; x_wconf 88' lang='lat' dir='ltr'>lit</span> <span class='ocrx_word' id='word_1_222' title='bbox 662 2468 850 2544; x_wconf 82' lang='lat' dir='ltr'>manifestius,</span> <span class='ocrx_word' id='word_1_223' title='bbox 867 2487 891 2526; x_wconf 91' lang='lat' dir='ltr'>sr</span> <span class='ocrx_word' id='word_1_224' title='bbox 884 2450 1046 2546; x_wconf 88' lang='lat' dir='ltr'>ampliora</span> 
     </span>
     <span class='ocr_line' id='line_1_27' title="bbox 45 2551 1046 2652; baseline -0.001 -41"><span class='ocrx_word' id='word_1_225' title='bbox 45 2551 138 2611; x_wconf 90' lang='lat' dir='ltr'>verba</span> <span class='ocrx_word' id='word_1_226' title='bbox 161 2569 225 2611; x_wconf 90' lang='lat' dir='ltr'>cum</span> <span class='ocrx_word' id='word_1_227' title='bbox 249 2554 319 2630; x_wconf 89' lang='lat' dir='ltr'>ipsis</span> <span class='ocrx_word' id='word_1_228' title='bbox 340 2552 515 2652; x_wconf 84' lang='lat' dir='ltr'>nominibps,</span> <span class='ocrx_word' id='word_1_229' title='bbox 537 2569 591 2629; x_wconf 94' lang='lat' dir='ltr'>pro</span> <span class='ocrx_word' id='word_1_230' title='bbox 616 2551 719 2629; x_wconf 91' lang='lat' dir='ltr'>quihus</span> <span class='ocrx_word' id='word_1_231' title='bbox 742 2570 776 2612; x_wconf 92' lang='lat' dir='ltr'>ea</span> <span class='ocrx_word' id='word_1_232' title='bbox 797 2553 918 2651; x_wconf 89' lang='lat' dir='ltr'>posituri</span> <span class='ocrx_word' id='word_1_233' title='bbox 938 2570 1046 2627; x_wconf 91' lang='lat' dir='ltr'>sumus,</span> 
     </span>
     <span class='ocr_line' id='line_1_28' title="bbox 46 2633 1047 2715; baseline 0 -19"><span class='ocrx_word' id='word_1_234' title='bbox 46 2635 248 2696; x_wconf 83' lang='lat' dir='ltr'>conferantur:</span> <span class='ocrx_word' id='word_1_235' title='bbox 274 2645 305 2696; x_wconf 89' lang='lat' dir='ltr'>ut</span> <span class='ocrx_word' id='word_1_236' title='bbox 330 2634 470 2696; x_wconf 82' lang='lat' dir='ltr'>Cicero</span> <span class='ocrx_word' id='word_1_237' title='bbox 462 2655 490 2695; x_wconf 91' lang='lat' dir='ltr'>rn</span> <span class='ocrx_word' id='word_1_238' title='bbox 517 2635 656 2710; x_wconf 88' lang='lat' dir='ltr'>Verrem,</span> <span class='ocrx_word' id='word_1_239' title='bbox 682 2633 751 2698; x_wconf 88' lang='lat' dir='ltr'>Noa</span> <span class='ocrx_word' id='word_1_240' title='bbox 770 2637 849 2697; x_wconf 85' lang='lat' dir='ltr'>enim</span> <span class='ocrx_word' id='word_1_241' title='bbox 874 2637 974 2715; x_wconf 79' lang='lat' dir='ltr'>furem</span> <span class='ocrx_word' id='word_1_242' title='bbox 990 2635 1047 2697; x_wconf 80' lang='lat' dir='ltr'>sed</span> 
     </span>
     <span class='ocr_line' id='line_1_29' title="bbox 46 2721 1045 2799; baseline -0.004 -17"><span class='ocrx_word' id='word_1_243' title='bbox 46 2729 227 2799; x_wconf 81' lang='lat' dir='ltr'>ereptorem,</span> <span class='ocrx_word' id='word_1_244' title='bbox 250 2740 311 2782; x_wconf 83' lang='lat' dir='ltr'>uon</span> <span class='ocrx_word' id='word_1_245' title='bbox 333 2722 507 2782; x_wconf 84' lang='lat' dir='ltr'>aduiteram</span> <span class='ocrx_word' id='word_1_246' title='bbox 527 2721 585 2781; x_wconf 85' lang='lat' dir='ltr'>sed</span> <span class='ocrx_word' id='word_1_247' title='bbox 607 2730 846 2799; x_wconf 76' lang='lat' dir='ltr'>eapuqmutorem</span> <span class='ocrx_word' id='word_1_248' title='bbox 864 2721 1045 2797; x_wconf 81' lang='lat' dir='ltr'>pudicitiae,</span> 
     </span>
     <span class='ocr_line' id='line_1_30' title="bbox 46 2805 1045 2883; baseline -0.003 -17"><span class='ocrx_word' id='word_1_249' title='bbox 46 2823 110 2866; x_wconf 84' lang='lat' dir='ltr'>mon</span> <span class='ocrx_word' id='word_1_250' title='bbox 123 2805 309 2883; x_wconf 76' lang='lat' dir='ltr'>socmlepum</span> <span class='ocrx_word' id='word_1_251' title='bbox 331 2807 390 2866; x_wconf 81' lang='lat' dir='ltr'>secl</span> <span class='ocrx_word' id='word_1_252' title='bbox 408 2806 521 2868; x_wconf 72' lang='lat' dir='ltr'>hostem</span> <span class='ocrx_word' id='word_1_253' title='bbox 542 2821 704 2865; x_wconf 79' lang='lat' dir='ltr'>sacrorum</span> <span class='ocrx_word' id='word_1_254' title='bbox 716 2806 962 2883; x_wconf 80' lang='lat' dir='ltr'>redipiouumque,</span> <span class='ocrx_word' id='word_1_255' title='bbox 985 2821 1045 2863; x_wconf 84' lang='lat' dir='ltr'>uon</span> 
     </span>
     <span class='ocr_line' id='line_1_31' title="bbox 22 2888 1044 2967; baseline -0.004 -16"><span class='ocrx_word' id='word_1_256' title='bbox 22 2890 195 2958; x_wconf 74' lang='lat' dir='ltr'>,ricarium</span> <span class='ocrx_word' id='word_1_257' title='bbox 209 2891 266 2950; x_wconf 81' lang='lat' dir='ltr'>sed</span> <span class='ocrx_word' id='word_1_258' title='bbox 282 2890 524 2950; x_wconf 75' lang='lat' dir='ltr'>crudelissimum</span> <span class='ocrx_word' id='word_1_259' title='bbox 549 2888 726 2967; x_wconf 73' lang='lat' dir='ltr'>comdficem</span> <span class='ocrx_word' id='word_1_260' title='bbox 748 2890 858 2950; x_wconf 82' lang='lat' dir='ltr'>ciuium</span> <span class='ocrx_word' id='word_1_261' title='bbox 877 2889 1044 2948; x_wconf 80' lang='lat' dir='ltr'>sociorum-</span> 
     </span>
     <span class='ocr_line' id='line_1_32' title="bbox 49 2971 1071 3053; baseline -0.001 -19"><span class='ocrx_word' id='word_1_262' title='bbox 49 2991 108 3053; x_wconf 84' lang='lat' dir='ltr'>que</span> <span class='ocrx_word' id='word_1_263' title='bbox 122 2974 154 3033; x_wconf 83' lang='lat' dir='ltr'>ia</span> <span class='ocrx_word' id='word_1_264' title='bbox 174 2981 309 3034; x_wconf 82' lang='lat' dir='ltr'>oestrum</span> <span class='ocrx_word' id='word_1_265' title='bbox 328 2974 477 3035; x_wconf 82' lang='lat' dir='ltr'>iudicium</span> <span class='ocrx_word' id='word_1_266' title='bbox 491 2972 689 3034; x_wconf 74' lang='lat' dir='ltr'>oddooeimos.</span> <span class='ocrx_word' id='word_1_267' title='bbox 724 2971 778 3033; x_wconf 95' lang='lat' dir='ltr'>lllo</span> <span class='ocrx_word' id='word_1_268' title='bbox 800 2971 873 3030; x_wconf 92' lang='lat' dir='ltr'>enim</span> <span class='ocrx_word' id='word_1_269' title='bbox 892 2971 989 3045; x_wconf 93' lang='lat' dir='ltr'>modo,</span> <span class='ocrx_word' id='word_1_270' title='bbox 1012 2977 1071 3034; x_wconf 75' lang='lat' dir='ltr'>uta</span> 
     </span>
     <span class='ocr_line' id='line_1_33' title="bbox 50 3054 1046 3136; baseline -0.001 -20"><span class='ocrx_word' id='word_1_271' title='bbox 50 3059 88 3117; x_wconf 90' lang='lat' dir='ltr'>sit</span> <span class='ocrx_word' id='word_1_272' title='bbox 104 3056 231 3132; x_wconf 92' lang='lat' dir='ltr'>multum,</span> <span class='ocrx_word' id='word_1_273' title='bbox 247 3057 304 3117; x_wconf 92' lang='lat' dir='ltr'>hoc</span> <span class='ocrx_word' id='word_1_274' title='bbox 324 3058 420 3132; x_wconf 87' lang='lat' dir='ltr'>etiam,</span> <span class='ocrx_word' id='word_1_275' title='bbox 436 3056 502 3136; x_wconf 89' lang='lat' dir='ltr'>plus</span> <span class='ocrx_word' id='word_1_276' title='bbox 517 3064 548 3115; x_wconf 88' lang='lat' dir='ltr'>ut</span> <span class='ocrx_word' id='word_1_277' title='bbox 560 3057 612 3132; x_wconf 89' lang='lat' dir='ltr'>sit,</span> <span class='ocrx_word' id='word_1_278' title='bbox 630 3056 773 3116; x_wconf 79' lang='lat' dir='ltr'>eiiicitur..</span> <span class='ocrx_word' id='word_1_279' title='bbox 795 3054 937 3127; x_wconf 82' lang='lat' dir='ltr'>Quattuor</span> <span class='ocrx_word' id='word_1_280' title='bbox 951 3064 1046 3115; x_wconf 90' lang='lat' dir='ltr'>tamen</span> 
     </span>
     <span class='ocr_line' id='line_1_34' title="bbox 51 3139 1045 3218; baseline -0.001 -18"><span class='ocrx_word' id='word_1_281' title='bbox 51 3142 172 3201; x_wconf 86' lang='lat' dir='ltr'>maxime</span> <span class='ocrx_word' id='word_1_282' title='bbox 195 3140 351 3218; x_wconf 79' lang='lat' dir='ltr'>generibus</span> <span class='ocrx_word' id='word_1_283' title='bbox 378 3141 464 3201; x_wconf 88' lang='lat' dir='ltr'>video</span> <span class='ocrx_word' id='word_1_284' title='bbox 493 3149 628 3199; x_wconf 90' lang='lat' dir='ltr'>constare</span> <span class='ocrx_word' id='word_1_285' title='bbox 658 3139 922 3217; x_wconf 84' lang='lat' dir='ltr'>amplificationem,</span> <span class='ocrx_word' id='word_1_286' title='bbox 951 3140 1045 3199; x_wconf 88' lang='lat' dir='ltr'>iucre-</span> 
     </span>
     <span class='ocr_line' id='line_1_35' title="bbox 51 3223 815 3303; baseline -0.007 -19"><span class='ocrx_word' id='word_1_287' title='bbox 51 3233 158 3300; x_wconf 82' lang='lat' dir='ltr'>mento,</span> <span class='ocrx_word' id='word_1_288' title='bbox 178 3227 402 3303; x_wconf 88' lang='lat' dir='ltr'>compamtione,</span> <span class='ocrx_word' id='word_1_289' title='bbox 421 3225 651 3299; x_wconf 87' lang='lat' dir='ltr'>ratiocinatione,</span> <span class='ocrx_word' id='word_1_290' title='bbox 667 3223 815 3300; x_wconf 74' lang='lat' dir='ltr'>congerie.</span> 
     </span>
    </p>

    <p class='ocr_par' dir='ltr' id='par_1_6' title="bbox 54 3307 1045 3537">
     <span class='ocr_line' id='line_1_36' title="bbox 135 3307 1044 3387; baseline -0.002 -20"><span class='ocrx_word' id='word_1_291' title='bbox 135 3309 406 3369; x_wconf 87' lang='lat' dir='ltr'>lucrementum</span> <span class='ocrx_word' id='word_1_292' title='bbox 427 3318 473 3369; x_wconf 90' lang='lat' dir='ltr'>est</span> <span class='ocrx_word' id='word_1_293' title='bbox 487 3308 731 3387; x_wconf 83' lang='lat' dir='ltr'>potentissimum,</span> <span class='ocrx_word' id='word_1_294' title='bbox 752 3324 815 3366; x_wconf 89' lang='lat' dir='ltr'>cum</span> <span class='ocrx_word' id='word_1_295' title='bbox 830 3323 931 3382; x_wconf 81' lang='lat' dir='ltr'>magna</span> <span class='ocrx_word' id='word_1_296' title='bbox 946 3307 1044 3366; x_wconf 88' lang='lat' dir='ltr'>viden·</span> 
     </span>
     <span class='ocr_line' id='line_1_37' title="bbox 54 3389 1045 3470; baseline -0.003 -19"><span class='ocrx_word' id='word_1_297' title='bbox 54 3401 108 3467; x_wconf 88' lang='lat' dir='ltr'>tur,</span> <span class='ocrx_word' id='word_1_298' title='bbox 125 3394 210 3452; x_wconf 88' lang='lat' dir='ltr'>etiam</span> <span class='ocrx_word' id='word_1_299' title='bbox 226 3410 301 3470; x_wconf 91' lang='lat' dir='ltr'>quae</span> <span class='ocrx_word' id='word_1_300' title='bbox 312 3392 449 3453; x_wconf 89' lang='lat' dir='ltr'>inieriura</span> <span class='ocrx_word' id='word_1_301' title='bbox 463 3400 537 3452; x_wconf 85' lang='lat' dir='ltr'>sunt.</span> <span class='ocrx_word' id='word_1_302' title='bbox 574 3390 606 3452; x_wconf 95' lang='lat' dir='ltr'>id</span> <span class='ocrx_word' id='word_1_303' title='bbox 630 3399 678 3450; x_wconf 90' lang='lat' dir='ltr'>aut</span> <span class='ocrx_word' id='word_1_304' title='bbox 696 3407 752 3449; x_wconf 93' lang='lat' dir='ltr'>uuo</span> <span class='ocrx_word' id='word_1_305' title='bbox 766 3390 857 3467; x_wconf 78' lang='lat' dir='ltr'>gradu</span> <span class='ocrx_word' id='word_1_306' title='bbox 872 3389 903 3449; x_wconf 87' lang='lat' dir='ltr'>lit</span> <span class='ocrx_word' id='word_1_307' title='bbox 918 3399 966 3450; x_wconf 88' lang='lat' dir='ltr'>aut</span> <span class='ocrx_word' id='word_1_308' title='bbox 982 3391 1045 3468; x_wconf 95' lang='lat' dir='ltr'>plu·</span> 
     </span>
     <span class='ocr_line' id='line_1_38' title="bbox 54 3474 1045 3537; baseline -0.004 -1"><span class='ocrx_word' id='word_1_309' title='bbox 54 3476 141 3537; x_wconf 88' lang='lat' dir='ltr'>ribus.</span> <span class='ocrx_word' id='word_1_310' title='bbox 184 3476 241 3536; x_wconf 87' lang='lat' dir='ltr'>Per</span> <span class='ocrx_word' id='word_1_311' title='bbox 267 3475 296 3535; x_wconf 90' lang='lat' dir='ltr'>id</span> <span class='ocrx_word' id='word_1_312' title='bbox 320 3478 434 3537; x_wconf 86' lang='lat' dir='ltr'>venitur</span> <span class='ocrx_word' id='word_1_313' title='bbox 459 3488 516 3536; x_wconf 90' lang='lat' dir='ltr'>uon</span> <span class='ocrx_word' id='word_1_314' title='bbox 540 3475 628 3535; x_wconf 92' lang='lat' dir='ltr'>modo</span> <span class='ocrx_word' id='word_1_315' title='bbox 650 3474 685 3533; x_wconf 92' lang='lat' dir='ltr'>ad</span> <span class='ocrx_word' id='word_1_316' title='bbox 705 3493 840 3534; x_wconf 90' lang='lat' dir='ltr'>summum</span> <span class='ocrx_word' id='word_1_317' title='bbox 861 3474 914 3534; x_wconf 90' lang='lat' dir='ltr'>sed</span> <span class='ocrx_word' id='word_1_318' title='bbox 933 3475 1045 3537; x_wconf 84' lang='lat' dir='ltr'>inierim</span> 
     </span>
    </p>

    <p class='ocr_par' dir='ltr' id='par_1_7' title="bbox 94 3557 894 3630">
     <span class='ocr_line' id='line_1_39' title="bbox 94 3557 894 3630; baseline 0 -12"><span class='ocrx_word' id='word_1_319' title='bbox 94 3579 124 3618; x_wconf 85' lang='lat' dir='ltr'>rr.</span> <span class='ocrx_word' id='word_1_320' title='bbox 135 3580 160 3620; x_wconf 91' lang='lat' dir='ltr'>r.</span> <span class='ocrx_word' id='word_1_321' title='bbox 172 3579 285 3630; x_wconf 76' lang='lat' dir='ltr'>oumru.</span> <span class='ocrx_word' id='word_1_322' title='bbox 296 3564 331 3619; x_wconf 92' lang='lat' dir='ltr'>ll.</span> <span class='ocrx_word' id='word_1_323' title='bbox 728 3580 731 3587; x_wconf 88' lang='lat'>·</span> <span class='ocrx_word' id='word_1_324' title='bbox 875 3557 894 3618; x_wconf 83' lang='lat'><strong>5</strong></span> 
     </span>
    </p>
   </div>
   <div class='ocr_carea' id='block_1_5' title="bbox 0 0 1241 3925">
    <p class='ocr_par' dir='ltr' id='par_1_8' title="bbox 0 0 1241 3925">
     <span class='ocr_line' id='line_1_40' title="bbox 0 0 1241 3925; baseline 0 0"><span class='ocrx_word' id='word_1_325' title='bbox 0 0 1241 3925; x_wconf 95' lang='lat' dir='ltr'> </span> 
     </span>
    </p>
   </div>
  </div>
 </body>
</html>
