2434 3925
267 260 269 263 Α
347 213 436 262 mar.
450 185 783 278 oennoa.u1e.11‚17.
1019 204 1060 267 97

64 369 128 435 sibi.
155 364 250 430 Causa
265 368 339 427 enim
354 386 418 427 cum
433 385 530 445 causa,
546 384 604 428 non
618 367 668 429 illa
681 387 779 429 secum
794 371 857 448 ipsa
869 372 1014 449 componit
1051 416 1059 430 .

66 453 144 531 Nec,
165 456 191 513 si
210 462 338 531 pugnent
357 454 432 511 inter
451 470 500 529 se,
527 455 574 531 qni
587 453 665 512 idem
681 452 854 529 didicerunt,
877 454 986 514 idcirco
1000 473 1059 532 ar,

64 556 140 617 qnae
155 539 270 614 utrique
282 536 386 596 tradita
402 542 457 611 est,
472 553 530 594 non
546 537 613 603 erit;
630 535 740 614 alioqui
756 555 811 596 nec
825 556 977 614 armornm,
994 542 1061 617 quia

63 639 156 699 saepe
176 620 354 697 gladiatores
375 619 428 678 sub
444 619 548 680 eodem
564 621 703 696 magistro
723 621 826 680 eruditi
846 623 920 683 inter
935 640 968 681 se
984 641 1061 683 com·

62 712 224 784 ponuntur;
248 722 304 763 nec
328 702 522 779 gubernandi,
551 704 617 782 quia
638 703 787 764 navalibus
811 705 932 783 proeliis
955 707 1104 782 guber-34

63 798 149 850 nator
171 796 217 847 est
236 787 423 865 gubernatori
444 788 599 854 adversus;
619 804 675 846 nec
697 789 899 866 imperatoria,
925 792 990 867 quia
1011 793 1061 850 im·
1083 857 1086 866 ,

61 881 185 953 perator
210 889 273 930 cum
297 873 472 949 imperatore
497 870 652 932 contendit.
690 871 762 931 ltem
785 889 842 931 non
863 875 967 932 evertit
988 891 1062 953 opus
1118 889 1120 898 ’

61 956 230 1031 rhetorice,
253 954 330 1034 qnod
352 955 450 1015 eflicit.
484 953 588 1033 Neque
603 956 677 1014 enim
691 958 817 1034 positum
831 974 848 1017 a
863 975 896 1015 se
911 974 1062 1033 argumen-

60 1050 123 1102 tum
140 1039 228 1099 solvit
243 1048 342 1098 orator
362 1040 472 1099 sedne
492 1040 639 1100 rhetorice
661 1040 789 1117 quidem,
814 1043 880 1119 quia
900 1042 975 1119 apud
998 1059 1061 1117 eos,

64 1125 157 1203 quiin
173 1123 375 1201 persuadendo
391 1123 475 1184 linem
496 1132 611 1202 putant,
634 1133 681 1183 aut
696 1125 720 1182 si
736 1126 798 1202 quis
821 1125 866 1202 (ιιι
881 1124 954 1204 dixi)
977 1143 1062 1185 casus

65 1208 140 1269 duos
156 1208 231 1267 inter
246 1226 279 1265 se
294 1206 386 1267 bonos
403 1209 482 1267 viros
500 1210 712 1286 composuerit,
734 1209 901 1268 verisimilia
922 1226 1062 1287 quaeren-

66 1301 127 1359 tur;
150 1307 210 1350 non
224 1300 335 1366 autem,
358 1293 382 1350 si
401 1292 469 1370 quid
486 1301 531 1351 est
546 1292 638 1352 altero
659 1292 840 1368 credibilius,
863 1294 892 1353 id
907 1295 934 1352 ei
949 1303 1063 1354 contra·

65 1377 140 1435 rium
155 1384 215 1450 est,
239 1375 317 1453 quod
337 1375 390 1435 fuit
410 1375 558 1436 credibile.
590 1375 663 1436 Nam
682 1385 713 1436 nt
733 1377 854 1437 candido
873 1377 1018 1438 candidius
1035 1385 1105 1440 et35

66 1459 146 1520 dulci
160 1458 273 1519 dulcius
288 1476 345 1518 non
359 1469 404 1519 cst
418 1460 579 1534 adversum,
595 1462 633 1519 ita
647 1478 702 1520 nec
716 1451 859 1538 probabili
874 1461 1062 1540 probabilius.

66 1542 172 1621 Neque
186 1545 328 1622 praecipit
347 1562 470 1621 unquam
484 1561 543 1603 non
558 1543 678 1604 dicenda
693 1563 749 1604 nec
764 1545 891 1605 dicendis
908 1547 1062 1621 contraria,

67 1628 121 1688 sed
137 1645 211 1705 quae
229 1629 258 1686 in
275 1644 389 1706 quaque
405 1645 491 1688 causa
509 1628 632 1688 dicenda
651 1631 716 1687 sint.
755 1627 820 1687 Non
840 1647 956 1707 semper
971 1637 1105 1693 autemid

68 1713 110 1786 ei,
128 1713 240 1771 etiamsi
252 1712 499 1789 frequentissime,
514 1711 619 1772 tuenda
633 1713 740 1771 veritas
756 1714 825 1780 erit;
843 1713 895 1772 sed
910 1713 1063 1793 aliqnando

68 1797 160 1872 exigit
177 1798 332 1855 communis
349 1795 472 1871 utilitas,
494 1804 525 1854 ut
541 1797 626 1855 ctiam
643 1794 717 1855 lalsa
732 1796 877 1855 defendat

152 1878 298 1939 Ponuntur
312 1879 366 1940 bae
388 1897 503 1958 quoque
523 1881 552 1938 in
573 1879 701 1938 secundo
723 1876 873 1939 Ciceronis
895 1879 931 1939 de
946 1879 1064 1939 oratore

66 1963 143 2025 libro
157 1964 416 2025 contradictiones:
432 1972 530 2027 ortem
543 1982 650 2027 corum
662 1981 766 2025 rerum
780 1984 856 2041 ecee,
873 1981 953 2042 quoe
963 1966 1064 2025 ocian-

65 2056 136 2116 iur,·
154 2051 288 2110 oratorio
302 2067 418 2111 omnem
432 2049 581 2110 actionem
594 2048 749 2126 opinione,
770 2067 831 2110 noo
849 2050 980 2110 seientia
996 2067 1065 2110 coc·

64 2132 178 2208 tincti,
200 2134 273 2210 quio
287 2139 316 2194 el
329 2134 416 2212 opud
430 2150 482 2193 coa
496 2133 598 2207 dicat,
613 2132 667 2209 qui
680 2133 835 2208 ocemont,
856 2133 966 2211 etipse
980 2133 1066 2193 dicat

64 2217 253 2294 aliquando,
276 2218 358 2294 quod
371 2217 499 2278 nesciat.
533 2214 579 2275 Ex
598 2215 642 2275 bis
656 2216 794 2293 alterum,
816 2216 922 2292 idest,
944 2234 980 2276 an
993 2216 1066 2275 sciat
1073 2225 1107 2282 37

63 2299 171 2375 index,
201 2301 315 2379 dequo
338 2300 463 2377 dicatur,
493 2298 562 2359 nihil
583 2299 762 2360 adoratoris
784 2309 887 2369 artem;
914 2300 998 2360 alteri
1019 2319 1065 2359 re·

64 2384 276 2463 spondendum.
311 2380 374 2445 Are
388 2403 496 2445 eorum
510 2402 615 2446 rerum
631 2392 692 2460 cet,
716 2401 795 2462 qttae
808 2387 956 2448 sciamur.
989 2383 1066 2443 Rhe·

65 2470 161 2528 rorice
183 2487 230 2527 ars
248 2476 293 2528 est
313 2467 535 2545 benedicendi,
556 2466 633 2528 bene
651 2477 746 2528 autern
765 2469 863 2529 dicere
881 2471 936 2528 scit
956 2477 1063 2528 orator.

65 2550 132 2613 Sed
146 2555 259 2628 nescit,
282 2572 324 2613 on
337 2572 443 2614 vertum
459 2554 514 2628 cit,
538 2553 622 2630 qaod-
636 2554 719 2614 dicit.
749 2550 794 2612 Ne
814 2553 843 2612 bi
863 2553 992 2631 quidem,
1018 2553 1109 2631 quibs

66 2636 164 2712 ignem
182 2646 230 2696 aut
250 2655 352 2714 aquam
372 2646 420 2696 aut
438 2645 573 2715 quattuor
589 2636 733 2696 elementa
747 2646 795 2695 aut
815 2654 939 2714 corpora
953 2638 1065 2695 inseca-

66 2717 136 2779 bilia
156 2737 240 2796 esse,
262 2739 299 2780 ex
321 2722 424 2799 quibus
446 2739 494 2779 res
518 2737 617 2780 omnes
637 2722 746 2780 initium
768 2720 917 2796 duxerint,
940 2719 1064 2793 tradunt,

66 2820 123 2861 nee
139 2805 188 2881 qui
208 2805 360 2865 intervalla
382 2806 507 2865 siderum
522 2813 551 2863 et
565 2822 714 2864 mensuras
732 2803 803 2863 solis
821 2823 855 2864 ae
871 2813 966 2863 terrae
981 2801 1065 2862 colli·

65 2894 152 2963 gunt;
176 2888 355 2967 disciplinam
377 2898 472 2948 tamen
494 2906 574 2947 suam
594 2898 686 2948 artem
702 2896 818 2947 vocant.
858 2886 969 2961 Quodsi
991 2886 1065 2945 ratio

66 2970 173 3046 elficit,
196 2981 227 3032 ut
251 2972 325 3032 baec
346 2990 404 3031 non
428 2974 539 3051 opinari
565 2973 619 3032 sed
641 2980 762 3051 propter
782 2973 839 3030 vim
865 2969 1066 3047 probationum

65 3057 145 3115 scire
160 3056 325 3116 videantur:
349 3057 451 3117 eadem
469 3057 542 3116 ratio
563 3056 639 3116 idem
658 3065 808 3134 praestare
829 3056 938 3113 oratori
956 3062 1063 3132 potest.

64 3136 133 3199 Sed
152 3158 194 3200 an
215 3149 313 3202 coetae
335 3160 417 3203 vero
430 3143 485 3216 eit,
510 3142 617 3202 nesus.
657 3138 703 3198 Ne
722 3139 850 3198 medicus
870 3138 1001 3216 quidem,
1030 3153 1108 3208 anno

65 3223 201 3287 dolorem
216 3225 318 3303 capitis
334 3225 448 3300 babeat,
465 3226 512 3303 qui
528 3223 584 3283 hoo
599 3242 633 3283 se
649 3226 707 3302 pati
723 3223 814 3290 dicet:
833 3222 944 3282 curabit
959 3231 1064 3296 tamen,

65 3315 203 3383 tanquam
226 3308 254 3367 id
279 3326 378 3367 verum
399 3311 453 3384 sit,
477 3316 506 3367 et
531 3310 585 3367 erit
606 3325 653 3367 ars
673 3307 822 3366 medicina.
866 3303 959 3380 Quid?
988 3303 1066 3383 quod

65 3391 216 3451 rhetorice
237 3409 294 3451 non
309 3394 407 3470 utique
429 3393 609 3471 propositum
628 3390 717 3450 babet
733 3408 849 3471 semper
866 3408 936 3449 vera
952 3387 1065 3450 dicendi

65 3474 121 3537 sed
147 3493 264 3553 semper
288 3476 474 3554 verisimilia,
502 3477 557 3536 scit
583 3485 678 3535 autem
704 3492 773 3536 essa
797 3473 963 3536 verisimilia
990 3488 1067 3551 quae

109 3579 305 3626 tr.r,ou1ur1c.
895 3558 913 3614 'l
