2434 3925
358 161 448 211 mor.
465 162 614 212 oneror.
630 161 700 210 mn.
713 163 752 229 r,
767 161 793 213 1.
1010 147 1068 211 191

461 427 637 491 LIBER
663 426 706 491 V.

80 557 159 608 Libro
174 557 261 621 quinto
278 555 341 606 baec
354 559 523 607 continentur:
545 557 582 608 De
595 555 787 622 probationibus
801 554 1012 609 inartificialibus.
1033 555 1071 606 De

114 623 287 692 praeiudiciis.
307 625 345 675 De
355 641 462 676 rumore.
479 626 517 676 De
527 628 666 677 tormentis.
687 624 837 674 Detabulis.
855 623 891 672 De
900 625 1070 678 iureiurando.

114 695 277 746 Detestibus.
307 695 345 744 De
359 696 505 760 probatione
523 695 658 748 artificiali.
692 695 728 744 De
739 695 831 758 siguis.
860 693 897 742 De
908 695 1069 758 argumentis.

115 765 154 812 De
171 763 319 828 exemplis·
345 764 382 814 De
400 773 448 814 usu
469 772 680 830 argumentorum.
722 763 759 813 De
780 762 938 815 refutatione.
975 763 1072 822 Quibus

114 840 211 882 constet
225 832 389 897 epichirema.
428 834 459 883 Et
475 833 567 897 quibus
580 833 710 883 refellatur
723 832 817 885 modis.
853 831 891 882 De
907 847 956 883 usu
975 831 1093 895 epichi-

115 908 225 952 rematos
241 910 265 951 et
284 901 492 966 enthymematos.

258 1051 301 1101 DE
315 1051 573 1104 Pnossurloninns
589 1050 893 1104 INARTIFICIALIBUS.

165 1123 409 1215 Prooemium.
446 1149 571 1211 Fuerunt
586 1160 615 1210 et
633 1150 705 1210 ciari
721 1150 835 1228 quidem
850 1159 995 1225 auctores,
1011 1149 1071 1227 qui·

79 1235 137 1297 bus
155 1235 248 1296 solum
264 1234 410 1293 videretur
426 1237 549 1295 oratoris
565 1234 690 1294 officium
705 1235 828 1303 docere;
848 1252 970 1312 namque
986 1242 1015 1291 et
1030 1233 1071 1291 af·

79 1319 177 1379 fectus
198 1316 304 1396 duplici
324 1319 435 1376 ratione
463 1318 660 1379 excludendos
685 1316 837 1396 putabant,
866 1319 985 1396 primum
1006 1319 1072 1395 quia

80 1405 180 1462 vitium
194 1409 273 1461 esset
288 1403 376 1461 omnis
398 1403 480 1461 animi
494 1402 689 1480 perturbatio,
710 1402 813 1462 deiude
834 1404 899 1480 quia
919 1402 1073 1460 indicema

81 1488 205 1565 veritate
222 1485 293 1563 pelli
306 1486 514 1562 misericordia,
532 1489 624 1562 gratia
634 1485 831 1564 similibusque
842 1504 899 1545 nou
911 1492 1071 1563 oporteret,

83 1579 114 1629 et
130 1570 305 1648 voluptatem
320 1569 492 1629 audientium
503 1579 615 1647 petere,
633 1588 695 1628 cum
709 1571 840 1629 vincendi
857 1580 963 1629 tantum
980 1569 1072 1645 gratia

83 1653 244 1727 diceretur,
266 1669 323 1710 nou
337 1654 422 1712 modo
439 1655 534 1730 agenti
552 1660 763 1731 supervacuum
778 1654 830 1713 sed
847 1656 896 1711 vix
911 1656 995 1712 etiam
1008 1653 1071 1711 viro

83 1737 198 1814 dignum
217 1735 438 1806 arbitrabantur;
461 1738 559 1815 plures
574 1755 664 1811 vero,
687 1739 735 1815 qui
751 1756 805 1796 uec
823 1736 858 1795 ab
874 1737 930 1811 illis
946 1739 1007 1794 siue
1023 1735 1101 1795 dun

81 1819 132 1880 bio
147 1820 274 1899 partibus
294 1821 432 1880 rationem
456 1821 555 1881 orandi
572 1830 798 1896 summoverent,
822 1820 879 1879 boc
894 1829 986 1880 tamen
1006 1835 1073 1898 pro·

82 1906 175 1984 prium
190 1914 276 1983 atque
291 1906 477 1984 praecipuum
492 1905 644 1965 crederent
663 1921 752 1983 opus,
774 1922 825 1964 sua
846 1904 1015 1964 confirmare
1032 1911 1072 1977 et,

83 2007 159 2067 quae
175 2008 212 2048 ex
225 1989 347 2048 adverso
362 1998 602 2068 proponerentur,
619 1989 755 2049 refutare.
787 1989 999 2067 Utrumcunque
1017 1994 1071 2061 est,
1082 1992 1100 2045 3

84 2073 195 2150 (neque
214 2074 287 2132 enirn
308 2073 445 2133 hocloco
461 2093 552 2133 meam
569 2075 722 2152 interpono
738 2075 928 2152 sententiam)
949 2073 995 2132 hic
1019 2071 1073 2130 erit

83 2156 158 2216 liber
178 2157 291 2217 illorum
309 2158 442 2235 opinione
464 2160 585 2218 maxime
604 2161 804 2234 necessarius,
831 2159 897 2235 quia
918 2166 979 2216 toto
1001 2145 1074 2215 baec

84 2240 148 2300 sola
168 2250 335 2309 tractantur;
354 2241 456 2318 quibus
472 2260 541 2301 sane
558 2251 586 2301 et
602 2261 652 2315 ea,
669 2259 742 2319 quae
759 2242 794 2301 de
811 2241 989 2301 iudicialibus
1007 2256 1072 2299 cau·

83 2327 125 2384 sis
146 2325 298 2385 iamdicta
318 2335 397 2401 sunt,
418 2328 556 2385 serviunt.
600 2325 673 2385 Nam
692 2344 786 2403 neque
812 2327 953 2403 prooemii
978 2329 1103 2400 neque4

82 2410 253 2468 narrationis
275 2417 320 2467 est
335 2408 407 2468 alius
421 2428 506 2484 usus,
530 2428 613 2488 quarn
631 2410 790 2469 utiudicem
805 2409 870 2469 huie
885 2416 1072 2488 praeparent:

85 2500 114 2551 et
135 2501 224 2551 status
246 2501 438 2571 nossentque
460 2511 509 2569 ea,
535 2492 694 2571 dequibus
718 2512 804 2572 supra
828 2496 1011 2572 scripsimus,
1032 2493 1086 2553 inr

84 2578 173 2651 tueri,
195 2595 403 2655 supervacuum
423 2577 514 2652 foret,
538 2579 593 2636 nisi
613 2577 647 2636 ad
663 2578 736 2637 bano
753 2580 978 2655 perveniremus.
1013 2574 1101 2634 Deo

83 2660 170 2736 nique
188 2677 226 2719 ex
247 2662 387 2739 quinque,
410 2678 480 2739 quas
503 2661 645 2721 iudicialis
669 2664 805 2721 materiae
825 2662 961 2735 ieoimus,
985 2660 1072 2737 parti·

82 2742 150 2817 bus,
166 2761 353 2821 quaecunque
369 2744 425 2804 alia
440 2754 538 2823 potest
552 2745 704 2822 aliquando
716 2747 881 2805 necessaria
897 2761 1002 2803 causae
1016 2760 1072 2801 non

84 2843 170 2894 esse;
195 2828 230 2888 lis
251 2829 327 2887 nulla
348 2837 410 2903 est,
432 2831 477 2887 oui
497 2828 718 2906 probatione
742 2847 815 2907 opus
838 2829 960 2888 nonsit.
1002 2826 1072 2885 Eius

82 2920 243 2988 praecepta
258 2914 300 2971 sic
315 2913 421 2989 optime
436 2911 553 2971 divisuri
568 2913 706 2988 videmur,
724 2921 754 2971 ut
766 2914 855 2991 prius,
871 2928 944 2988 quae
956 2912 984 2969 in
996 2927 1071 2969 com·

81 3011 168 3055 mune
188 2995 224 3054 ad
249 3011 347 3054 omnes
366 2998 550 3073 quaestiones
565 2998 724 3074 pertinent,
740 2995 936 3061 ostendamus;
957 2994 1072 3071 deiude,

83 3094 159 3156 quae
174 3080 203 3136 in
215 3095 330 3157 quoque
346 3097 450 3141 causae
467 3098 576 3156 genere
593 3081 710 3158 propria
725 3082 790 3155 sint,
806 3095 990 3156 exequamur.

168 3160 190 3221 1.
217 3161 262 3221 Ac
281 3164 370 3241 prima
389 3164 502 3262 quidem
520 3163 568 3223 illa
591 3165 707 3242 partitio
732 3163 768 3222 ab
790 3162 950 3222 Aristotele
971 3163 1072 3223 traditu

83 3261 257 3305 consensum
271 3247 333 3306 iere
349 3249 471 3307 omnium
489 3249 600 3323 meruit,
617 3247 688 3307 alias
707 3264 773 3306 esse
787 3245 984 3325 probationes,
1001 3265 1072 3325 quas

83 3337 167 3389 extra
182 3329 294 3390 dicendi
308 3334 446 3390 rationem
458 3333 605 3408 acciperet
618 3340 732 3397 oraton
749 3331 830 3405 alias,
847 3348 917 3408 quas
934 3348 971 3389 ex
986 3347 1072 3389 cansa

84 3413 235 3476 traheret
226 3431 290 3494 ipse
306 3423 335 3473 et
356 3415 477 3492 quodam
494 3415 579 3475 modo
593 3417 736 3494 gigneret.
765 3414 893 3493 Ideoque
909 3414 974 3475 illas
992 3404 1072 3490 dcix
