2434 3925
316 210 319 213 ’
365 231 616 281 memossroa.
630 232 766 299 nrm,
783 226 809 284 3.
1018 219 1078 280 219

73 389 219 464 finguntur
230 386 398 461 imitatione,
412 396 502 445 artem
513 386 636 456 hahent;
655 385 708 445 sed
720 386 748 444 hi
761 396 860 445 carent
871 395 980 463 natura,
998 389 1078 447 ideo-

74 491 134 550 que
149 472 178 530 in
191 472 225 529 iis
238 472 358 549 primum
373 479 417 529 est
428 470 504 529 bene
520 470 597 529 allici
609 480 639 530 et
651 462 809 547 concipere
827 472 966 547 imagines
982 490 1078 531 rerum

74 566 106 615 et
120 565 256 631 tanquam⁴
268 555 347 613 veris
365 554 485 613 moveri.
524 555 573 613 Sic
588 554 668 613 velut
687 553 782 612 media
797 571 872 627 vox,
897 573 982 632 quem
997 554 1077 613 habi·
1127 559 1140 577 '

72 650 133 698 tum
149 657 166 698 a
181 639 266 697 nobis
280 639 445 716 acceperit,
466 637 541 696 hunc
563 638 687 697 iudicum
702 638 801 697 animis
817 636 904 697 dabit.
935 636 987 696 llst
1003 640 1078 697 enim

71 723 177 782 mentis
194 722 281 782 iudex
299 739 334 780 ac
351 722 481 802 totidem,
500 730 570 798 quot
587 721 647 796 illa,
663 722 835 783 mutationes
848 720 948 781 habet.
977 720 1122 800 ltaquetib

72 807 160 867 laetis
180 806 209 866 in
222 800 311 865 'rebus
327 805 414 883 plena
429 813 458 864 et
475 804 599 882 simplex
621 813 650 863 et
667 806 729 882 ipsa
748 805 966 881 quodammodo.
979 805 1077 864 hilaris

71 891 150 957 huit;
172 890 201 948 in
216 891 372 949 certamine
389 897 488 949 erecta
504 890 573 947 totis
590 888 700 947 viribus
722 897 751 947 et
767 889 846 947 velut
865 889 996 948 omnibus
1010 907 1076 948 aer·

70 976 117 1033 vis
142 974 304 1037 intenditur.
341 973 435 1032 Atrox
455 972 483 1031 in
504 974 546 1031 ira
570 981 600 1031 et
623 990 728 1050 aspera
751 990 785 1030 ac
801 972 890 1033 densa
908 981 937 1031 et
951 974 1076 1049 respira·

69 1059 154 1117 tione
175 1057 288 1117 crebra.
321 1055 425 1134 Neque
444 1058 518 1115 enim
533 1064 632 1133 potest
649 1073 716 1115 esse
734 1054 837 1132 longus
855 1057 989 1134 spiritus,
1013 1075 1076 1115 cum

6 1180 7 1191 κ
70 1141 259 1201 immoderate
283 1140 443 1199 effunditur.
486 1139 603 1199 Paulum
625 1140 654 1197 in
674 1139 780 1198 invidia
805 1140 937 1210 facienda
960 1140 1076 1215 lentior,
1117 1164 1120 1169 ¹

6 1271 7 1275 ,
71 1227 140 1304 quia
160 1241 219 1284 uon
240 1225 303 1283 iere
326 1225 362 1284 ad
376 1224 451 1283 hanc
466 1225 520 1283 nisi
536 1222 690 1282 inferiores
710 1222 892 1300 confugiunt;
913 1225 981 1283 atin
996 1224 1076 1284 blau·

70 1310 195 1385 diendo,
211 1308 349 1383 latendo,
366 1307 587 1383 satisfaciendo,
611 1306 759 1383 rogando,
782 1307 857 1366 lenis
873 1317 902 1367 et
917 1310 1075 1367 summissa.

6 1420 7 1446 ι
71 1393 256 1454 Suadentium
284 1401 313 1451 et
334 1394 507 1451 monentium
532 1401 561 1450 et
587 1391 784 1469 pollicentium
813 1401 843 1450 et
869 1392 1119 1463 consolantium64

70 1479 179 1555 gravis.
209 1476 241 1536 ln
258 1484 375 1535 metuet
389 1476 565 1534 verecundia
581 1482 740 1550 contracta,
755 1472 1002 1536 adhortationibus
1018 1475 1075 1535 ior·

6 1594 7 1611 1
70 1563 120 1636 tis,
139 1559 377 1639 disputationibus
393 1569 483 1633 teres,
499 1560 684 1618 miseratione
700 1558 776 1618 flexa
793 1569 822 1618 et
839 1558 945 1619 flebilis
961 1568 991 1618 et
1009 1578 1075 1619 con·

72 1645 149 1705 salto
170 1646 252 1722 quasi
278 1643 445 1710 obscurior;
468 1652 497 1702 at
520 1645 549 1702 in
575 1643 795 1720 egressionibus
817 1643 880 1703 lusa
904 1653 933 1703 et
953 1661 1076 1704 securae

72 1729 227 1802 claritatis,
253 1729 281 1787 iu
298 1728 481 1805 expositione
503 1744 538 1786 ac
561 1726 742 1787 sermonibus
762 1737 843 1788 recta
869 1737 898 1787 et
919 1729 994 1786 inter
1009 1747 1075 1787 acu·

71 1823 130 1872 tum
151 1830 252 1874 sonum
273 1820 302 1871 et
320 1829 440 1887 gravem
461 1811 564 1870 media.
594 1810 744 1870 Attollitur
758 1821 852 1871 autem
868 1812 1018 1871 concitatis
1034 1811 1119 1870 ai-di-

71 1894 214 1972 lectibus,
239 1895 406 1974 compositis
421 1895 574 1955 descendit
590 1911 644 1976 pro
660 1894 808 1974 utriusque
824 1897 869 1955 rei
884 1896 970 1955 modo
991 1895 1076 1955 altius

70 1980 120 2040 vel
135 1981 264 2040 inferius.
1071 2049 1074 2055 Ι

157 2063 232 2139 Quid
253 2073 346 2125 autem
361 2065 483 2143 quisque
506 2064 534 2123 iu
553 2063 677 2123 dicendo
694 2064 823 2143 postulet
840 2065 941 2140 locus,
962 2065 1076 2142 paulum

72 2148 220 2224 differam,
247 2158 277 2208 ut
300 2150 337 2209 de
358 2159 464 2226 gestu
484 2150 563 2226 prius
585 2149 694 2225 dicam,
722 2149 770 2227 qni
793 2157 822 2208 et
842 2150 907 2228 ipse
923 2151 992 2208 voci
1008 2165 1075 2207 con·

72 2235 158 2294 sentit
181 2242 210 2292 et
229 2234 322 2292 animo
344 2251 407 2292 cum
428 2251 462 2292 ea
486 2231 569 2291 simul
594 2243 686 2311 paret.
716 2231 745 2292 ls
766 2242 900 2312 quantum
919 2232 1026 2292 babeat
1048 2236 1077 2292 in

71 2327 187 2378 oratore
204 2318 348 2391 momenti,
366 2318 436 2377 satis
450 2317 499 2376 rel
515 2334 553 2375 ex
568 2333 604 2375 eo
622 2326 718 2395 patet,
738 2317 817 2395 quod
834 2318 976 2396 pleraque
991 2318 1075 2377 etiam

71 2403 142 2461 citra
162 2400 254 2460 verba
280 2401 431 2477 significat.
468 2400 584 2478 Quippe
605 2418 663 2460 non
686 2419 787 2460 manus
807 2402 900 2461 solum
923 2401 977 2460 sed
994 2407 1118 2462 nutusoo

72 2486 157 2545 etiam
174 2484 323 2545 declarant
338 2494 464 2543 nostram
483 2485 660 2544 voluntatem
682 2494 711 2544 et
727 2488 755 2544 iu
770 2487 854 2544 mutis
870 2503 924 2564 pro
941 2502 1074 2545 sermone

73 2578 147 2644 sunt,
164 2578 193 2628 et
208 2569 321 2628 saltatio
336 2568 505 2647 frequenter
520 2570 581 2627 sine
593 2586 669 2629 voce
685 2570 853 2646 intelligitur
870 2580 957 2648 atque
974 2569 1073 2643 aflicit,

72 2661 160 2711 etex
180 2652 261 2711 vultu
288 2654 480 2730 ingressuque
506 2654 682 2731 perspicitur
703 2654 817 2714 habitus
838 2655 1012 2719 animorum
1046 2661 1074 2711 et

73 2736 233 2795 animalium
254 2753 369 2814 quoque
391 2754 524 2796 sermone
546 2739 703 2797 carentium
718 2740 775 2812 ira,
800 2738 924 2811 laetitia,
949 2736 1073 2796 adulatio

73 2829 102 2879 et
124 2819 217 2878 oculis
238 2830 267 2879 et
289 2820 458 2899 quibusdam
481 2820 546 2881 aliis
569 2823 701 2900 corporis
725 2822 814 2898 signis
837 2819 1072 2897 deprehenditur.

71 2902 135 2963 Nec
150 2904 263 2978 mirum,
288 2906 313 2963 si
328 2906 400 2977 ista,
426 2922 500 2982 quae
516 2913 612 2964 tamen
628 2907 657 2964 in
672 2906 768 2982 aliquo
785 2905 880 2982 posita
901 2911 966 2961 sunt
985 2911 1115 2976 motmfiu

70 2996 178 3058 tantum
193 2989 220 3046 io
235 2989 334 3047 animis
348 2988 465 3063 valent,
483 3006 547 3047 oum
562 2990 691 3067 pictura,
709 2998 810 3048 tacens
826 3003 899 3063 opus
918 2995 946 3045 et
960 2985 1073 3045 habitus

72 3089 190 3149 semper
211 3074 357 3148 eiusdem,
381 3074 423 3132 sic
445 3075 473 3130 in
493 3073 606 3131 intimos
622 3080 757 3151 penetret
773 3072 911 3144 allectus,
935 3079 966 3129 ut
981 3072 1072 3149 ipsam

69 3157 127 3215 vim
144 3155 258 3216 dicendi
273 3174 472 3234 nonnunquam
487 3173 627 3233 superare
641 3155 779 3214 videatur.
809 3152 916 3214 Contra
932 3156 956 3213 si
972 3164 1073 3232 gestus

70 3257 106 3300 aa
119 3239 215 3299 uultus
231 3240 268 3299 ab
284 3242 414 3300 oratione
431 3241 613 3314 dissentiant,
630 3239 722 3297 tristia
739 3239 867 3297 dicamus
882 3238 1007 3314 hilares,
1030 3238 1071 3300 af-

71 3323 214 3382 firmemus
237 3324 331 3402 aliqua
351 3333 527 3384 renuentes:
551 3340 609 3381 non
630 3323 784 3381 auctoritas
803 3322 889 3382 modo
904 3322 1001 3382 verbis
1018 3321 1071 3380 sed

71 3409 155 3466 etiam
176 3407 250 3466 lides
275 3407 359 3466 desit.
394 3407 494 3467 Decor
515 3424 633 3486 quoque
654 3414 770 3482 agestn
787 3415 873 3483 atque
894 3424 911 3465 a
928 3416 1003 3467 motu
1018 3423 1069 3464 ve·

70 3489 119 3550 nit.
148 3491 281 3570 Ideoque
297 3490 509 3551 Demosthenes
531 3490 643 3568 grande
664 3489 807 3568 quoddam
829 3491 942 3550 intuens
965 3505 1068 3567 specu·
1076 3495 1112 3552 68
