2434 3925
347 247 436 296 rusa.
455 244 603 297 onnroa.
618 248 686 295 nra.
699 248 732 309 x,
752 247 775 296 r.
1003 235 1062 296 15⁷

55 401 226 479 Aristarchi
247 402 353 464 iudicio
374 401 564 479 scriptoribus
586 400 785 461 iamborum
805 400 850 476 ad⁸
864 399 924 475 ἕξιν
942 403 1064 463 maxime

55 484 220 567 pertinebit
234 504 311 545 unns·
326 485 439 545 Archi
448 486 482 550 lo
492 485 589 544 chus.
623 474 737 545 sumina
752 486 780 542 in
793 484 851 542 hoc
865 483 910 543 vrb
922 485 1063 546 elocutio·
1074 498 1109 552 so

55 572 119 646 nis,
144 589 208 630 cum
221 570 336 630 validae
357 579 414 628 tum
430 569 535 628 breves
550 568 756 647 vibrantesque
774 571 951 642 sententiae,
975 570 1063 648 pluri·

55 672 138 714 mum
153 655 298 729 sanguinis
316 664 402 731 atque
420 670 582 721 nervorum,
600 653 674 712 adeo
691 663 722 712 ut
736 651 868 711 videatur
883 652 1061 732 quibusdam,

56 738 142 816 qnod
163 755 305 815 quoquam
323 740 414 796 minor
429 736 495 811 εει,
518 738 655 795 materiae
676 755 743 795 esse
759 753 816 794 non
831 737 937 811 ingenii
953 738 1089 797 vitium*

55 820 175 881 Novem
197 839 268 880 vero
284 821 494 896 Lyricorum
511 822 597 896 longe
621 820 799 879 Pindarus
819 822 957 898 princeps
980 823 1103 898 spiri-61

56 915 109 966 tus
124 906 344 981 magnificentia,
360 906 521 980 sententiis,
537 905 651 980 liguris,
669 903 834 964 beatissima
849 922 944 962 rerum
957 905 1062 963 verbo-

57 1006 183 1067 rumque
205 991 291 1067 copia
311 999 339 1047 et
353 989 433 1048 velut
449 989 572 1067 quodam
588 988 773 1066 eloquentiae
788 987 919 1053 llumine;
942 997 1064 1066 propter

58 1091 139 1152 quae
153 1072 287 1132 Horatius
311 1091 375 1131 eum
391 1076 493 1132 merito
517 1069 638 1131 credidit
658 1073 761 1131 nemini
779 1071 954 1145 imitabilem.
985 1073 1104 1134 ste-62

58 1156 234 1216 sichorus
250 1175 333 1234 quam
350 1159 387 1216 sit
402 1158 518 1233 ingenio
532 1156 659 1232 validus,
680 1157 817 1215 materiae
833 1173 948 1233 quoque
966 1166 1061 1215 osten·

58 1242 147 1315 dunt,
169 1243 290 1300 maxima
309 1240 389 1300 bella
409 1250 438 1300 et
460 1240 637 1299 clarissimos
659 1248 808 1299 canentem
834 1241 923 1300 duces
942 1249 971 1300 et
985 1242 1061 1318 epici

60 1325 197 1385 carminis
217 1342 306 1384 onera
327 1323 398 1399 lyra·
415 1326 611 1382 sustinentem.
656 1323 761 1383 Reddit
785 1325 858 1381 enim
880 1325 1012 1400 personis
1033 1325 1084 1383 in·

59 1407 177 1485 agendo
193 1409 276 1468 simul
295 1408 499 1486 loquendoque
516 1406 641 1466 debitam
656 1407 838 1484 dignitatem,
862 1425 897 1466 ac
916 1409 940 1465 si
956 1409 1061 1466 tenuis-

60 1500 110 1552 set
124 1482 255 1567 modum‘,
276 1492 393 1571 uidetur
411 1490 547 1551 aemulari
572 1493 719 1568 proximus
742 1488 894 1550 Homerum
914 1482 1060 1568 pbtuisse;

61 1575 117 1634 sed
132 1566 271 1635 redundat
287 1586 373 1653 atque
390 1574 558 1649 effunditur,
581 1575 658 1651 quod
678 1584 708 1634 ut
725 1585 769 1634 est
784 1573 1061 1651 reprehendendum,

60 1661 102 1719 ita
119 1662 222 1737 copiae
237 1660 334 1719 vitium
350 1668 404 1718 est.
444 1658 607 1718 Alcaeus
627 1659 655 1717 in
672 1670 754 1736 parte
770 1660 868 1736 operis
884 1676 979 1720 aureo
991 1660 1058 1737 ple·
1069 1669 1104 1722 63

60 1751 131 1806 ciro
146 1745 248 1803 merito
264 1743 403 1818 donatur,
426 1759 482 1819 qua
504 1750 641 1816 tyrannos
661 1744 819 1802 insectatus
839 1740 956 1801 multum
978 1745 1063 1802 etiam

61 1825 192 1886 moribus
208 1827 335 1893 conlert;
357 1827 384 1884 in
406 1825 571 1903 eloquendo
592 1843 709 1903 quoque
731 1826 828 1885 brevis
851 1832 881 1882 et
895 1826 1062 1901 magnificus

61 1919 95 1971 et
115 1910 239 1988 diligens
261 1919 290 1970 et
310 1910 480 1989 plerumque
503 1911 611 1970 oratori
632 1910 745 1978 similis;
769 1909 821 1969 sed
843 1916 872 1967 et
893 1907 960 1968 lusit
983 1918 1012 1969 et
1034 1912 1061 1969 in

59 2011 177 2056 amores
198 1995 363 2071 descendit,
386 1994 542 2054 maioribus
565 2004 659 2053 tamen
687 1996 805 2072 aptior·
837 1993 1105 2068 Simonidemod

60 2080 157 2140 tenuis
173 2078 297 2157 alioqui,
320 2096 455 2138 sermone
477 2080 595 2156 proprio
615 2088 644 2137 et
658 2078 831 2153 iucunditate
848 2075 969 2153 quadarn
985 2094 1060 2160 com·

60 2162 191 2223 mendari
208 2171 319 2241 potest;
344 2163 501 2241 praecipua
516 2171 611 2220 tamen
629 2164 690 2221 eins
705 2164 734 2220 in
750 2160 956 2221 commovenda
976 2162 1061 2221 mise-

2 2293 10 2312 .
61 2247 175 2308 ratione
201 2248 306 2320 virtus,
332 2256 363 2305 ut
388 2245 501 2325 qnidam
527 2247 555 2304 in
574 2246 630 2305 hac
653 2264 717 2305 eum
740 2254 822 2325 parte
845 2244 976 2304 omnibus
999 2246 1061 2305 eius

62 2331 163 2411 operis
178 2330 343 2390 auctoribus
359 2329 533 2409 praeierant.

147 2412 307 2492 Antiqua
341 2413 530 2473 comoedia
561 2431 625 2472 cum
650 2415 791 2473 sinceram
816 2412 895 2473 illam
921 2414 1104 2477 sermonis65

62 2498 152 2558 Attici
166 2499 285 2573 gratiam
297 2515 390 2577 prope
401 2497 465 2556 sola
477 2499 591 2572 retinet,
607 2506 666 2556 tum
677 2497 897 2557 facundissimae
909 2496 1060 2571 libertatis,

65 2583 120 2642 etsi
143 2590 189 2640 est
208 2581 382 2641 insectandis
399 2583 475 2641 vitiis
490 2582 663 2660 praecipua,
684 2581 835 2660 plurimum
852 2591 946 2640 tamen
962 2582 1062 2639 virium

65 2666 151 2724 etiam
165 2667 194 2724 in
209 2667 315 2725 ceteris
328 2664 458 2744 partibus
478 2664 574 2725 habet.
614 2664 686 2725 Nam
706 2674 735 2725 et
755 2665 871 2742 grandis
892 2673 921 2723 et
942 2663 1062 2739 elegans
1108 2669 1112 2674 ’

64 2757 95 2808 ει
110 2758 246 2824 venusta,
269 2758 298 2809 et
320 2752 422 2810 nescio
440 2767 476 2809 an
493 2749 569 2824 ulla,
593 2758 662 2828 post
678 2748 830 2808 llomerum
846 2757 955 2821 tamen,
978 2763 1063 2823 quem

63 2840 95 2891 nt
109 2831 253 2892 Achillem
267 2850 384 2913 semper
399 2834 494 2910 excipi
511 2850 565 2911 par
581 2828 636 2907 est,
654 2842 701 2892 aut
716 2832 834 2890 simillor
850 2832 886 2889 sit
901 2828 1064 2890 oratoribus

65 2914 174 2976 autad
200 2925 333 2977 oratores
360 2917 509 2977 iaciendos
540 2919 643 2993 aptior.
693 2914 793 2977 Plures
823 2916 885 2973 eius
911 2919 1106 2981 auctores366

65 2999 340 3076 Aristophanes
364 3011 458 3060 tamen
487 3009 516 3059 et
536 2999 692 3078 Eupolis
711 2996 958 3076 Cratinusque
979 3015 1062 3074 prae·

21 3143 23 3147 .
65 3084 152 3161 cipui.
183 3080 1061 3163 TragoediasprimusinlucemAeschylusprotnlit,

66 3166 195 3225 sublimis
220 3176 249 3225 et
269 3171 366 3244 gravis
388 3178 417 3228 et
437 3166 646 3246 grandiloquus
672 3183 762 3243 saepe
785 3182 877 3242 usqne
898 3166 933 3226 ad
953 3166 1062 3242 vitium,

2 3253 5 3260 '
66 3250 118 3311 sed
138 3248 217 3308 rudis
240 3253 268 3309 in
291 3251 438 3330 plerisque
461 3261 490 3311 et
509 3252 732 3329 incompositus;
758 3259 879 3327 propter
900 3250 977 3328 quod
998 3267 1062 3310 cor·

66 3342 162 3394 rectas
180 3334 242 3392 eius
258 3334 370 3394 fabulas
390 3338 418 3394 in
439 3346 584 3396 certamen
604 3334 721 3395 deferre
741 3334 952 3410 posterioribus
967 3335 1062 3412 poetis

67 3417 259 3480 Athenienses
281 3420 491 3496 permiserunt,
514 3428 638 3496 suntque
660 3418 801 3477 eomodo
822 3418 901 3478 multi
922 3417 1061 3477 coronati.

68 3502 125 3565 Sed
141 3502 228 3579 longe
246 3502 352 3563 clarius
366 3502 581 3563 illustraverunt
595 3503 736 3581 hocopus
752 3502 963 3582 Sophocles
977 3509 1063 3579 atque
1072 3505 1107 3563 ot
