2434 3925
368 209 457 258 susc.
470 208 786 275 onaros.s1s.1v‚5
1017 196 1074 260 187

89 364 224 425 excidere
238 363 369 441 soleant,
390 381 463 441 quae
480 363 679 442 promisimus,
702 372 748 439 et,
770 365 795 423 si
810 381 864 442 qua
882 364 1074 443 impartiendo

87 450 291 527 praeterimus,
321 465 492 513 occurrere3
514 447 591 525 quod
614 448 728 525 quidem
748 449 850 506 nemini
871 449 998 523 accidet,
1020 452 1085 509 nisi¹

88 534 135 610 qui
155 533 240 610 plane
254 530 302 591 vel
317 529 397 591 nullo
413 531 499 590 luerit
520 533 635 607 ingenio
656 531 705 590 vel
725 531 761 590 ad
782 531 922 607 agendum
938 532 1008 593 nibil
1024 551 1072 593 co·

86 617 166 692 gitati
181 614 437 693 praemeditatique
452 613 597 674 detulerit.
629 613 747 692 Alioqui
764 632 838 692 quae
855 624 910 674 tam
923 616 1102 682 manifestae,

87 708 116 759 et
136 698 230 759 lucida
250 707 294 757 est
314 699 387 758 ratio
410 715 493 775 mam
514 707 613 757 rectae
634 695 815 776 partitionis?
851 698 985 777 Sequitur
999 702 1073 760 enim

85 792 213 842 naturam
228 782 345 854 ducem,
368 782 442 841 adeo
463 792 593 860 quoque,
614 790 645 840 ut
658 783 813 841 memoriae
831 781 859 841 id
874 785 1022 845 maximum
1036 787 1073 844 sit

86 866 221 926 auxilium
234 869 281 925 via
294 865 406 925 dicendi
421 883 478 924 nou
494 866 648 925 decedere.
680 865 864 943 Quapropter
876 884 912 924 ne
927 866 994 924 illos
1012 870 1072 944 qui·

87 952 152 1011 dem
172 948 370 1028 probaverim,
395 951 442 1027 qui
462 950 642 1026 partitionem
659 959 756 1009 vetant
776 950 849 1009 ultra
865 958 924 1008 tres
941 953 1072 1027 proposi·

86 1036 180 1094 tiones
198 1034 364 1094 extendere.
395 1031 476 1105 Quae
494 1034 555 1091 sine
569 1032 674 1107 dubio,
693 1034 718 1091 si
732 1034 843 1092 nimium
859 1035 896 1093 sit
911 1032 1072 1111 multiplex,

10 1118 11 1121 ’
86 1118 179 1194 lugiet
196 1119 360 1176 memoriam
379 1116 480 1176 iudicis
498 1125 527 1176 et
545 1116 669 1175 turbabit
682 1118 880 1184 intentionem
902 1117 958 1176 boc
980 1127 1074 1176 tamen

86 1218 204 1260 numero
218 1200 298 1260 velut
309 1201 376 1276 lege
391 1217 448 1260 nou
463 1208 507 1259 est
521 1199 674 1276 alliganda,
690 1218 753 1260 cum
768 1202 861 1277 possit
877 1217 962 1259 causa
975 1200 1073 1278 piures

87 1286 262 1344 desiderare.
298 1284 364 1344 Alia
385 1293 449 1342 sunt
468 1285 575 1359 magis,
603 1293 725 1361 propter
750 1301 823 1362 quae
843 1286 996 1362 partitione
1017 1290 1102 1345 noni

87 1386 202 1446 semper
216 1369 253 1428 sit
267 1368 412 1427 utendum:
432 1369 561 1445 primum,
581 1369 647 1445 quia
661 1369 802 1446 pleraque
816 1369 943 1444 gratiora
957 1378 1032 1444 suut,
1048 1371 1073 1427 si

86 1454 201 1512 inventa
228 1450 321 1510 subito
347 1469 402 1510 uec
422 1452 506 1512 domo
527 1451 614 1511 allata
634 1451 689 1510 sed
705 1454 779 1511 inter
805 1452 954 1511 dicendum
979 1470 1016 1511 ex
1040 1471 1073 1511 re

86 1538 150 1615 ipsa
168 1544 232 1611 nata
245 1537 403 1609 videantur,
419 1534 493 1594 unde
509 1534 559 1594 illa
573 1551 630 1593 uon
642 1536 790 1596 iniucunda
802 1536 957 1611 schemata,
973 1535 1074 1598 Poene

87 1621 201 1682 excidit
220 1619 305 1694 mibi,
328 1627 357 1678 et
378 1616 510 1694 Fugerat
529 1637 591 1695 mo,
619 1627 649 1676 et
668 1617 762 1680 Recte
781 1621 934 1680 admoneo.
964 1619 1073 1698 Propo·
1118 1628 1119 1631 ’

86 1705 151 1762 sitis
173 1704 247 1762 euim
267 1701 483 1781 probationibus
503 1703 593 1760 omnis
613 1704 643 1761 iu
663 1702 804 1780 reliquum
824 1704 916 1779 gratia
938 1707 1072 1763 novitatis

86 1788 295 1866 praecerpitur.
321 1785 435 1845 Interim
449 1802 520 1844 vero
538 1786 622 1846 etiam
634 1785 775 1845 fallendus
787 1794 832 1844 est
846 1785 932 1844 iudex
947 1796 976 1846 et
986 1790 1071 1847 variis
1084 1798 1100 1849 5

87 1870 197 1931 artibus
217 1869 396 1943 subeundus,
417 1878 447 1927 ut
469 1869 544 1930 aliud
565 1870 613 1945 agi
634 1887 716 1947 quam
738 1868 813 1947 quod
833 1870 955 1946 petimus
981 1880 1071 1947 putet.

86 1954 159 2016 Nam
171 1963 216 2015 est
229 1972 426 2033 nonnunquam
437 1952 507 2013 dura
522 1954 693 2032 propositio,
705 1953 781 2031 quod
796 1952 883 2012 iudex
898 1955 922 2012 si
937 1955 1072 2030 providit,

87 2057 145 2098 uon
160 2038 244 2098 aliter
259 2037 472 2117 praeformidat,
489 2054 572 2115 quam
588 2040 636 2115 qui
651 2037 755 2096 ferrum
768 2036 870 2096 medici
884 2039 973 2116 prius,
990 2055 1073 2115 quam

88 2127 220 2199 curetur,
243 2124 369 2201 aspexit:
394 2130 421 2180 at
438 2123 479 2197 si,
495 2139 528 2180 re
543 2138 599 2180 non
613 2130 678 2180 ante
695 2123 859 2198 proposita,
883 2138 1015 2180 securum
1038 2139 1073 2179 ao

87 2206 165 2266 nulla
181 2206 390 2265 denuntiatione
411 2207 489 2265 inse
508 2222 679 2265 conversum
697 2206 805 2264 intrarit
824 2206 931 2264 or'atio:
954 2204 1071 2278 eilioiet,

87 2290 166 2369 quod
192 2289 366 2369 promittenti
393 2306 449 2348 non
471 2290 646 2350 crederetur.
692 2287 808 2348 Interim
828 2288 995 2364 refugienda
1015 2298 1100 2353 nouo

87 2374 175 2434 modo
196 2374 339 2433 distinctio
363 2374 559 2451 quaestionum
581 2381 626 2432 est
648 2373 700 2432 sed
721 2374 834 2431 omuino
857 2374 1004 2439 tractatio;
1030 2372 1071 2431 al·

88 2456 213 2518 lectibus
229 2456 382 2517 turbandus
397 2466 426 2516 et
440 2456 475 2522 ab
492 2459 648 2516 intentione
669 2456 841 2515 auferendus
860 2455 978 2515 auditor.
1007 2454 1073 2515 Nou

90 2543 164 2601 enim
185 2541 278 2601 solum
299 2542 421 2601 oratoris
441 2548 487 2599 est
505 2540 629 2614 docere,
652 2540 703 2600 sed
724 2539 789 2618 plus
811 2539 975 2616 eloquentia
995 2540 1072 2598 circa

89 2625 259 2687 movendum
273 2625 359 2685 valet.
395 2622 446 2683 Cui
461 2626 504 2683 rei
519 2627 661 2686 contraria
676 2633 721 2684 est
735 2624 855 2683 maxime
870 2625 963 2683 tenuis
977 2622 1027 2682 illa
1043 2630 1073 2681 et

90 2708 263 2788 scrupulose
283 2710 311 2768 iu
331 2718 428 2787 partes
448 2717 528 2768 secta
549 2707 695 2767 divisionis
712 2707 857 2784 diligentia
879 2724 915 2765 eo
930 2716 1071 2784 tempore,

91 2809 148 2870 quo
165 2795 353 2869 cognoscenti
367 2791 500 2850 iudicium
515 2807 649 2862 conamur
663 2791 787 2851 auferre.
824 2787 919 2863 Quid?
941 2788 1017 2867 quod
1031 2790 1100 2851 inl

90 2878 184 2951 terim,
201 2894 274 2953 quae
289 2895 343 2954 per
356 2894 389 2934 se
407 2874 481 2934 levia
496 2884 560 2934 sunt
574 2883 602 2935 et
615 2874 732 2950 iniirma,
750 2873 831 2934 turba
846 2870 961 2932 valent?
989 2871 1072 2932 Ideo·

91 2978 148 3038 que
170 2960 353 3036 congerenda
373 2967 438 3017 sunt
456 2959 551 3037 potius
571 2967 601 3018 et
619 2959 698 3017 velut
715 2959 864 3035 eruptione
878 2956 1072 3034 pugnandum

92 3043 169 3120 quod
183 3051 277 3103 tamen
289 3062 382 3104 rarum
397 3060 464 3102 esse
479 3041 565 3102 debet
584 3050 613 3102 et
628 3060 665 3101 ex
679 3044 850 3102 necessitate
866 3040 991 3115 demum,
1010 3057 1073 3099 cum

91 3125 148 3185 boc
163 3128 270 3204 ipsum,
288 3128 364 3205 quod
379 3126 515 3186 dissimile
535 3127 637 3185 rationi
653 3134 712 3199 est,
728 3126 858 3201 coegerit
872 3125 954 3183 ratio.
986 3124 1100 3184 Prae-8

92 3218 137 3269 ter
151 3210 225 3270 baec
245 3213 273 3270 in
290 3213 364 3271 omni
378 3212 530 3289 partitione
546 3219 590 3269 est
603 3212 701 3286 utique
716 3209 821 3286 aliquid
836 3209 1071 3286 potentissimum,

94 3294 170 3371 quod
187 3295 367 3355 eumaudivit
382 3294 482 3368 iudex,
504 3303 600 3353 cetera
619 3302 750 3370 tanquam
767 3310 945 3370 supervacua
959 3291 1073 3367 gravari

93 3377 179 3437 solet.
195 3377 294 3456 ltaque
306 3381 330 3437 si
342 3377 423 3456 plura
435 3378 482 3438 vel
495 3377 654 3436 obiicienda
666 3376 786 3435 suntuel
798 3375 945 3436 diluenda:
956 3384 985 3434 et
996 3374 1073 3432 utilis

95 3468 126 3521 et
137 3462 257 3524 iucunda
271 3464 384 3541 partitio
401 3468 456 3538 est,
471 3470 519 3537 ut,
535 3460 612 3540 quod
628 3477 741 3538 quaque
754 3460 791 3520 de
805 3478 838 3521 re
854 3459 954 3521 dicturi
967 3473 1073 3534 sumus,
