2434 3925
331 196 761 266 memorassemmravqa.
986 189 1045 253 261

46 352 140 414 modo
153 352 270 412 inrisos
293 368 346 411 eos
369 353 494 426 iaciunt,
522 351 699 430 quam‘quod
713 370 808 413 amare
827 356 884 433 ipsi
901 356 1046 427 videntum

47 438 126 512 alia,
153 454 216 497 eum
230 454 322 496 senex
338 436 531 495 adolescentis
552 438 728 512 convicium,
750 437 888 498 honestus
903 441 1047 500 inferioris

45 521 126 587 lert:
149 518 198 580 hie
211 520 285 578 enim
299 529 406 579 tantum
420 520 558 580 concitari
577 520 639 579 illie
655 521 739 579 etiam
754 521 830 580 allici
846 522 941 583 debet.
978 526 1047 584 Sunt
1057 534 1090 587 15

48 614 84 665 et
106 604 158 663 illa
178 622 215 663 ex
235 604 335 663 eadem
355 612 453 662 natura
478 603 530 662 sed
552 612 646 661 motus
671 603 763 664 adbuc
785 606 917 681 minoris,
936 611 1048 667 veniam

45 697 167 767 petere,
184 687 410 746 adnleseentium
424 686 583 746 defendere
595 703 718 746 amores
743 687 950 766 Nonnunquam
964 693 1048 751 etiam

47 772 128 832 leuis
145 771 252 830 caloris
267 771 352 830 alieni
374 770 486 829 derisus
507 787 545 829 ex
565 769 621 828 hao
643 770 735 829 forma
759 773 838 831 venit
864 773 915 831 sed
933 773 976 833 his
991 792 1048 833 non

49 874 92 916 ex
108 855 183 914 loeis
198 862 313 913 tantum.
349 853 456 912 Verum
481 853 627 930 aliquanto
648 856 738 939 magis
759 857 876 933 propria
892 857 945 915 luit
959 860 1047 917 virtus

47 938 259 1011 simulationis
280 937 475 997 satisfaciendi
495 936 616 1012 rogandi
641 930 786 1014 εἰρὼνεία,
808 957 882 1016 quae
905 940 1047 1000 diversum

47 1041 99 1097 er,
47 1019 200 1098 eiqnod
216 1020 300 1096 dicit,
326 1020 503 1079 intellectum
523 1023 605 1098 petit.
640 1020 713 1080 lline
728 1020 814 1080 etiam
838 1024 889 1083 ille
904 1026 993 1084 maior
1014 1025 1089 1089 adro

47 1103 264 1166 consiliandum
279 1104 375 1163 odium
392 1106 470 1163 nasei
486 1104 607 1163 allectus
623 1103 711 1180 solet,
730 1123 793 1165 oum
809 1106 865 1165 boo
879 1109 955 1185 ipso,
971 1108 1068 1213 quod

48 1206 108 1249 nos
131 1187 303 1247 adversariis
325 1189 536 1264 summittimus,
563 1149 732 1264 intelligitur
755 1191 841 1249 taoita
863 1183 1068 1291 impotentiae

47 1270 252 1349 exprobratio
288 1270 418 1347 Namque
440 1288 492 1330 eos
514 1289 621 1347 graves
642 1280 671 1330 et
691 1271 889 1332 intolerabiles
909 1276 1048 1353 idipsum

48 1356 249 1429 demonstrat,
270 1354 347 1431 quod
369 1352 513 1429 cedimus,
541 1364 570 1413 et
590 1356 723 1431 ignorant
744 1355 838 1433 eupidi
859 1358 1047 1418 maledicendi

48 1449 101 1500 aut
113 1438 297 1498 affectatores
315 1436 454 1497 libertatis
457 1438 544 1516 ,plus
563 1438 693 1497 invidiam
706 1455 788 1515 quam
804 1443 962 1500 convicium
979 1460 1046 1520 pos-

49 1541 103 1591 se;
126 1539 190 1580 nam
210 1521 315 1581 invidia
341 1521 541 1596 adversarios,
569 1523 728 1582 convicium
756 1540 808 1581 nos
837 1525 945 1584 invisos
968 1527 1045 1585 lacit.

48 1606 109 1667 llle
131 1605 186 1664 iam
202 1623 295 1683 paene
309 1605 419 1664 medius
435 1605 556 1664 allectus
578 1615 680 1665 estex
701 1605 844 1665 amoribus
870 1618 899 1667 et
921 1627 957 1667 ex
973 1609 1089 1674 desi-17

49 1690 144 1751 deriis
160 1691 313 1748 amicorum
331 1697 360 1747 et
374 1690 619 1763 necessariorum,
643 1706 706 1748 nam
729 1698 757 1746 et
781 1688 838 1749 hoe
852 1694 942 1750 maior
960 1701 1004 1751 est
1019 1702 1048 1752 et

49 1773 106 1834 illo
127 1773 229 1832 minor.
269 1771 335 1830 Non
360 1789 459 1849 pamm
489 1771 685 1847 significanter
712 1773 795 1831 etiam
820 1774 869 1832 illa
891 1776 918 1833 iu
938 1775 1047 1835 sobolis

49 1850 121 1936 ἤθη
144 1855 313 1930 dixerimus,
338 1854 439 1932 quibus
461 1855 631 1935 plerumque
652 1857 777 1913 rusticos
786 1859 1046 1953 ,superstitiosos,

50 1957 175 2015 avaros,
197 1938 309 1999 timidos
324 1938 479 2000 secundum
495 1939 692 1999 condicionem
707 1940 920 2037 propositorum
936 1940 1047 2018 elingi-

26 2043 127 2085 .mus.
165 2022 238 2084 Nam
258 2017 361 2102 ιίἥθη
380 2042 480 2086 morea
500 2032 580 2083 sunt.
602 2042 665 2083 oum
687 2022 741 2082 bos
765 2023 920 2100 imitamur,
943 2044 980 2085 ex
1002 2025 1046 2085 his

52 2109 183 2169 ducimus
202 2109 368 2167 orationem.

139 2189 271 2269 Denique
296 2190 355 2250 hoo
382 2208 466 2250 omne
490 2188 596 2249 bonum
627 2198 657 2249 et
689 2208 799 2250 comem
823 2192 914 2250 virum
941 2193 1044 2290 poscit
1055 2200 1089 2255 18

53 2275 135 2350 Quas
151 2276 272 2334 virtutes
293 2293 356 2333 cum
376 2278 460 2333 etiam
480 2275 509 2332 in
525 2274 671 2350 litigatore
688 2275 793 2334 debeat
808 2267 921 2349 orator,
941 2277 965 2334 si
984 2276 1046 2334 lieri

53 2367 169 2437 potest,
186 2357 364 2436 approbare:
380 2359 478 2436 utique
496 2360 559 2436 ipse
575 2366 623 2416 aut
639 2357 744 2417 babeat
757 2368 805 2417 aut
820 2357 928 2418 habere
947 2359 1046 2419 ereda·

53 2452 111 2502 tur.
147 2441 196 2501 Sia
216 2441 346 2519 proderit
367 2442 516 2520 plurimum
531 2442 641 2516 causis,
665 2442 766 2519 quibus
790 2460 829 2500 ex
847 2460 898 2500 sua
920 2441 1046 2502 bonitate

53 2526 145 2585 laniet
158 2525 251 2585 iidem
281 2524 422 2603 Numqui,
437 2524 502 2584 dnm
518 2526 602 2599 dicit,
617 2525 708 2584 malus
721 2526 844 2626 videtur,
860 2528 957 2603 utique
972 2526 1077 2585 male

54 2609 139 2681 dieit3
160 2624 217 2667 non
237 2610 311 2667 enirn
327 2610 463 2668 videtur
453 2617 526 2667 iusta
542 2610 652 2684 dicere,
676 2610 784 2687 alioqui
799 2572 875 2687 ἦθος
888 2609 1044 2668 videretur

55 2692 178 2766 Quare
169 2701 262 2769 ipsum
275 2693 361 2750 etiam
376 2692 489 2752 dicendi
504 2703 596 2768 'genus
611 2693 640 2750 in
655 2691 711 2752 hoo
724 2693 866 2771 placidum
880 2692 967 2751 debet
979 2710 1045 2751 esse
1055 2701 1088 2757 19

55 2794 93 2835 ae
107 2777 192 2844 mite;
208 2774 277 2834 nihil
293 2775 464 2853 superbum,
483 2774 553 2834 nihil
568 2775 674 2834 elatum
692 2777 793 2836 saltem
808 2794 843 2835 ae
859 2775 978 2834 sublime
997 2774 1045 2834 de·

56 2859 182 2926 sidenem
203 2859 339 2937 proprie
361 2858 499 2931 iucunde,
517 2859 695 2917 credibiliter
711 2860 809 2920 dicere
826 2867 871 2919 sat
885 2867 946 2934 est,
964 2858 1044 2918 ideo·

56 2959 115 3021 que
131 2950 160 3001 et
177 2942 288 3001 medius
302 2942 352 3001 ille
370 2944 508 3001 orationis
524 2941 626 3000 modus
642 2946 762 3002 maxime
778 2944 919 3001 convenit.

139 3023 290 3084 Diversum
306 3035 350 3084 est
364 3026 446 3099 huie,
471 3025 547 3102 qnod
563 3017 684 3096 πάθος
698 3027 816 3099 dieitur
836 3024 970 3102 quodque
993 3038 1088 3090 nesio

55 3107 198 3191 affectam
220 3111 338 3206 proprie
360 3125 511 3175 vesamum
539 3117 584 3182 et,
606 3118 638 3167 ut
656 3111 785 3186 proxime
800 3111 948 3186 utriusque
964 3108 1044 3169 dilie-

55 3193 176 3251 rentiam
204 3192 331 3267 signem,
365 3192 435 3252 illud
463 3193 632 3251 comoediae
658 3191 715 3252 boo
742 3192 909 3268 tragoediae
941 3193 1043 3252 simile.

55 3271 137 3334 llaec
150 3291 217 3352 pars
234 3275 406 3351 circuirem,
423 3275 528 3351 odium,
544 3284 659 3349 metum,
676 3275 817 3350 iuvidiam,
834 3278 1045 3338 miserationem

56 3357 121 3417 iere
140 3367 200 3418 tota
219 3367 361 3417 versatur.
398 3358 479 3432 Quae
498 3359 600 3437 quibus
621 3375 658 3417 ex
679 3358 752 3418 loeis
773 3358 902 3421 ducenda
922 3361 994 3435 sint,
1016 3368 1046 3419 et

57 3441 235 3503 manifestum
257 3441 386 3510 omuibus
410 3450 473 3502 eta
497 3441 580 3502 nobis
606 3444 769 3503 iuratione
794 3444 933 3522 prooemii
958 3452 1045 3521 atque
