2434 3925
160 196 200 257 82
471 209 508 257 u.
523 210 600 257 sss.
618 210 837 269 numeremus
919 202 926 221 ¹

159 373 303 439 nostrum,
332 382 405 444 quae
429 364 522 424 lutura
543 366 606 424 usui
627 365 721 425 bonae
741 369 844 425 mentis
863 365 1014 427 iuvenibus
1036 366 1157 427 arbitra

159 468 230 526 mur,
245 450 328 510 nobis
344 460 424 509 certe
439 458 504 549 suut
518 449 669 528 voluptati.

472 591 545 653 QUIS
563 592 673 644 MODUS
690 593 724 643 IN
741 594 837 649 ARTE.

241 691 318 752 Xlll.
348 689 438 751 Nemo
456 701 580 751 autema
595 711 641 751 me
657 695 755 770 exigat
773 692 802 752 id
813 702 1036 771 praeceptorum
1049 711 1159 770 genus,

160 778 236 857 quod
255 786 300 836 est
320 794 337 835 a
359 776 508 855 plerisque
525 777 715 854 scriptoribus
731 780 832 859 artium
854 778 1002 854 traditum,
1022 788 1052 837 ut
1074 780 1160 857 quasi

160 861 294 943 quasdam
314 861 397 937 leges
425 860 590 924 immutabili
618 864 791 921 necessitate
820 864 991 922 constrictas
1018 864 1159 923 studiosis

74 1003 78 1028 ,
159 946 272 1008 dicendi
288 945 394 1005 leram:
417 947 516 1023 utique
533 948 711 1024 prooemium
731 955 760 1006 et
773 945 801 1005 id
816 946 917 1023 quale,
940 948 1072 1023 proxima
1089 947 1160 1006 huic

158 1032 295 1105 narratio,
310 1048 384 1108 quac
400 1030 450 1090 lex
465 1030 568 1091 deinde
583 1031 730 1105 narrandi,
748 1032 910 1108 propositio
925 1039 993 1108 post
1007 1030 1081 1090 banc
1095 1031 1158 1105 vel,

158 1125 190 1175 ut
205 1114 372 1194 quibusdam
383 1114 501 1194 placuit,
514 1116 660 1190 excursio,
684 1123 741 1174 tum
754 1123 851 1173 certus
866 1115 942 1174 ordo
955 1117 1159 1193 quaestionum

159 1210 332 1277 ceteraque,
353 1217 443 1277 quae,
465 1198 546 1258 velut
565 1200 590 1258 si
612 1198 697 1258 aliter
716 1199 815 1259 iacere
830 1199 873 1258 las
889 1216 945 1258 non
965 1202 1017 1275 sit,
1042 1200 1160 1277 quidam

131 1296 290 1363 utanquam
305 1285 376 1344 iussi
389 1285 432 1343 sic
446 1292 612 1361 sequuntur.
656 1282 726 1343 Erat
747 1285 821 1342 enim
844 1283 989 1343 rhetorice
1008 1302 1056 1346 res
1072 1296 1157 1362 pror·

159 1388 208 1429 sus
224 1366 317 1428 facilis
332 1386 368 1428 ac
380 1384 480 1446 parva,
496 1370 520 1426 si
536 1385 592 1427 uno
602 1366 638 1428 'et
651 1368 733 1428 brevi
745 1369 927 1446 praescripto
944 1371 1157 1435 contineremr;

160 1453 212 1514 sed
227 1461 367 1512 mutantur
381 1452 521 1530 pleraque
537 1454 643 1526 causis,
658 1451 848 1530 temporibus,
865 1455 1031 1528 occasione,
1050 1470 1143 1511 neces

160 1540 255 1597 sitate.
299 1536 395 1615 Atque
416 1536 482 1596 ideo
503 1539 600 1596 resin
622 1546 738 1596 oratore
761 1539 916 1614 praecipua
932 1538 1082 1596 consilium
1098 1545 1156 1610 est,

134 1624 228 1701 3quia
242 1622 322 1681 varie
339 1631 367 1680 et
386 1621 531 1681 adrerum
544 1631 686 1681 momenta
702 1623 888 1681 convertitur.
928 1618 1024 1694 Quid?
1040 1623 1064 1680 si
1081 1622 1158 1680 euim

87 1731 92 1744 ·
160 1708 322 1786 praecipias
339 1707 520 1784 imperatori,
537 1708 671 1783 quotiens
687 1707 779 1765 aciem
795 1707 934 1780 instruet,
954 1706 1058 1781 dirigat
1076 1705 1156 1763 iron-

161 1801 234 1867 tem,
259 1807 366 1850 cornua
381 1792 513 1868 utrinque
534 1799 719 1869 promoveat,
743 1792 856 1867 equites
877 1807 931 1868 pro
952 1789 1089 1849 cornibus
1112 1788 1156 1848 lo·

161 1884 222 1935 cet:
251 1877 306 1935 erit
332 1875 405 1934 haec
431 1875 545 1953 quidem
569 1876 729 1934 rectissima
754 1875 880 1934 fortasse
904 1876 995 1949 ratio,
1021 1875 1157 1951 quotiens

160 1959 272 2029 licebit;
294 1959 346 2020 sed
367 1959 519 2020 mutabitur
536 1970 636 2021 natura
652 1959 726 2034 loci,
748 1963 772 2018 si
786 1974 868 2019 mons
889 1968 1039 2034 occurret,
1061 1960 1086 2017 si
1104 1957 1155 2017 llu-

159 2064 224 2106 men
249 2045 391 2119 obstabit,
413 2044 555 2120 collibus,
577 2045 674 2120 silvis,
697 2046 853 2124 asperitate
869 2044 925 2103 alia
941 2041 1155 2122 prohibebitur:

132 2129 277 2191 lmutabit
289 2129 414 2188 bostium
433 2147 542 2205 genus,
557 2120 676 2188 mutabit
688 2129 850 2208 praesentis
866 2128 999 2187 condicio
1017 2128 1155 2187 discrimi-

159 2217 218 2279 nis;
241 2231 317 2272 nunc
337 2214 400 2272 acie
421 2212 531 2272 directa
551 2231 626 2273 nnnc
648 2215 765 2288 cuneis,
789 2231 862 2271 nuuc
884 2212 997 2271 auxiliis
1017 2230 1092 2270 nunc
1114 2211 1151 2270 le·

160 2300 248 2375 gione
262 2296 450 2375 pugnabitur,
472 2314 672 2375 nonuunquam
692 2306 775 2374 terga
794 2299 879 2357 etiam
894 2296 1010 2356 dedisse
1025 2295 1157 2355 simulata

132 2394 148 2444 5
162 2382 230 2458 iuga
249 2380 388 2460 proderit.
426 2379 468 2441 lta
482 2384 661 2459 prooemium
675 2384 870 2441 necessarium
885 2399 920 2440 an
934 2397 1153 2459 supervacuum,

62 2496 65 2499 ,
161 2466 251 2526 breve
266 2460 446 2543 an'longius,
470 2465 505 2526 ad
525 2466 648 2524 iudicem
669 2468 744 2525 omni
766 2482 900 2525 sermone
920 2465 1033 2524 directo
1053 2482 1089 2523 an
1105 2463 1156 2522 ali·

129 2572 135 2584 ·
163 2550 276 2629 quando
292 2566 396 2609 averso
416 2567 470 2627 per
484 2550 607 2627 aliquam
623 2551 742 2626 liguram
759 2550 910 2610 dicendum
927 2550 980 2622 sit,
1001 2550 1157 2608 constricta

161 2654 196 2696 an
211 2635 295 2695 latius
315 2633 378 2694 lusa
397 2637 539 2709 narratio,
563 2636 697 2694 continua
719 2653 754 2694 an
772 2635 878 2707 divisa,
901 2642 983 2692 recta
1001 2651 1036 2693 an
1057 2632 1158 2691 ordine

131 2728 340 2799 6permutato,
361 2737 466 2778 causae
488 2718 642 2779 docebunt.
686 2718 815 2798 Itemque
838 2717 875 2777 de
892 2719 1091 2795 quaestionum
1110 2734 1171 2795 or·-

161 2804 243 2880 dine,
266 2822 329 2863 cum
344 2805 373 2862 in
386 2802 486 2863 eadem
501 2805 700 2863 controversia
716 2803 792 2863 aliud
811 2801 860 2862 alii
874 2803 948 2879 parti
962 2802 1043 2879 prius
1058 2802 1157 2878 quaeri

160 2889 330 2967 frequenter
360 2888 506 2965 expediat.
555 2887 659 2965 Neque
691 2890 765 2947 euim
796 2885 995 2964 rogationibus
1009 2882 1157 2964 'plebisve
1198 2932 1201 2937 .

162 2975 243 3033 scitis
258 2982 356 3034 sancta
372 2981 437 3034 sunt
456 2975 510 3032 ista
529 2982 705 3051 praecepta,
727 2973 780 3031 sed
796 2971 853 3030 boc
870 2970 1008 3048 quidquid
1023 2979 1068 3028 est
1082 2969 1156 3029 utili·

134 3064 203 3119 ttas
225 3059 412 3134 excogitavit.
456 3056 522 3117 Non
541 3057 656 3133 negabo
681 3065 775 3117 autem
792 3058 835 3114 sic
852 3055 923 3114 utile
943 3072 1010 3114 esse
1032 3053 1157 3131 plerum·

163 3159 230 3220 que,
243 3140 350 3219 alioqui
364 3159 421 3202 uec
435 3141 608 3209 scriberem;
626 3159 743 3215 verum,
759 3142 784 3199 si
800 3139 901 3199 eadem
918 3137 967 3198 illa
982 3137 1066 3197 nobis
1081 3137 1157 3197 aliud

162 3225 295 3286 suadebit
309 3226 435 3303 utilitas,
450 3227 524 3287 banc
539 3225 649 3285 relictis
662 3228 864 3303 magistrorum
878 3222 1096 3284 auctoritatibus
1111 3239 1156 3280 se-

162 3328 291 3390 quemm.

132 3405 151 3460 8
244 3392 389 3474 Equidem
408 3395 436 3453 id
459 3397 580 3455 maxime
596 3395 791 3473 praecipiam
817 3413 857 3454 ac
877 3398 1018 3470 repetens
1037 3391 1157 3450 itemm-

164 3498 221 3561 que
241 3483 412 3559 iteransque
431 3480 573 3543 monebo:
594 3498 644 3540 res
663 3478 739 3543 duas,
755 3481 784 3537 in
797 3479 873 3538 omni
886 3485 950 3536 actu
966 3482 1081 3555 spectet
1094 3490 1157 3533 ora-
