2434 3925
199 146 259 210 142
515 161 552 207 u.
565 159 643 208 nnn.
658 157 877 219 purpurarum

138 316 247 381 ruollla
263 282 466 376 obseruatione
482 333 519 374 er
534 316 675 376 trochaeo
692 315 724 375 lit
741 324 923 393 anapaestus.
947 316 1026 378 Idem
1038 321 1199 381 trochaeus
1213 332 1214 395 1

195 399 390 480 praecedente
408 399 495 475 lunga
515 399 546 457 lit
566 400 786 477 paeon,⁴quale
808 409 853 458 001
871 399 908 460 Si
926 410 1033 480 potero
1054 414 1089 464 et
1111 404 1199 465 Dian

194 487 251 547 hoc
264 484 388 559 Cicero,
406 481 511 545 ouant
522 485 648 547 invidia.
677 483 736 543 Sed
753 483 828 543 hunc
842 486 928 544 initiis
944 484 1097 547 dederunt.
1134 488 1197 548 Glu-

194 569 244 628 det
265 580 294 629 et
314 567 494 647 pyrrhichius
516 566 625 626 choreo
646 568 858 646 praecedente,
882 586 946 627 nam
965 571 1008 630 sic
1023 588 1122 648 paeon
1143 582 1192 631 001.

195 653 253 713 Sed
274 670 375 712 omnes
389 651 434 727 hi,
451 653 499 729 qui
515 652 545 710 in
558 651 665 711 breves
684 652 835 727 excidunt,
856 654 946 712 minus
964 665 1046 714 emnt
1062 655 1190 729 stabiles,

194 755 249 797 nec
271 736 340 797 alihi
362 736 425 795 1010
447 737 517 797 satis
533 736 607 812 apti,
627 753 711 813 quam
729 735 778 794 uhi
794 753 896 795 cursus
917 740 1054 798 orationis
1072 743 1192 816 exigitur

136 827 187 884 107
197 830 225 881 et
245 821 381 882 clausulis
407 836 464 879 non
487 821 680 878 intersistitur.
731 818 864 879 Creticus
892 829 921 879 et
942 822 1029 881 initiis
1053 825 1189 900 optimas:

195 903 285 979 Qnoa
301 912 449 982 precatus
471 916 493 964 a
508 905 569 964 diis
581 905 801 966 immortalibus
816 921 900 980 sum,
924 913 953 963 01
974 906 1142 967 clausulis:¹
1158 905 1188 965 ln

194 997 358 1067 conspectu
371 989 477 1066 popuii
491 987 621 1048 Romani
633 1006 756 1049 vomere
768 990 926 1065 postridie.
961 987 1096 1068 Apparet
1111 1008 1185 1063 vero,

195 1091 278 1151 quam
301 1072 376 1131 hene
398 1091 463 1131 eum
484 1071 660 1151 praecedant
674 1071 723 1131 vel
738 1081 912 1150 anapaestos
926 1072 975 1132 vel
996 1073 1065 1149 ille,
1092 1077 1140 1152 qui
1154 1077 1186 1132 ri·

194 1157 278 1216 detur
293 1157 340 1215 lini
358 1157 468 1234 aptior,
487 1173 598 1235 paeon..
626 1157 706 1216 Sicut
725 1166 753 1215 et
768 1175 802 1216 se
815 1158 1041 1235 ipsesequitur:
1058 1156 1187 1220 Servare

194 1260 286 1320 qnam
296 1241 455 1318 plurimos.
491 1241 541 1300 Sic
551 1240 654 1300 melius
671 1258 754 1318 quam
770 1240 880 1299 choreo
895 1241 1111 1319 praecedente:
1129 1241 1187 1303 Non

193 1335 284 1403 turpe
298 1326 445 1385 duceret?
472 1325 497 1383 si
512 1323 610 1383 ultima
623 1323 722 1384 brevis
739 1341 793 1403 pro
811 1325 897 1400 longa
913 1327 963 1393 sit;
977 1325 1038 1384 -sed
1054 1326 1186 1403 tingamus

138 1411 254 1473 108sic:
273 1406 342 1471 Non
354 1417 445 1485 turpe
455 1408 596 1472 duceres.
642 1408 700 1468 Sed
712 1408 760 1468 hic
774 1417 819 1467 est
830 1408 901 1468 illud
916 1411 1015 1485 inane,
1031 1410 1112 1487 quod
1127 1412 1186 1470 diri.

194 1493 343 1553 Paululum
359 1495 433 1553 enim
447 1509 546 1551 morae
562 1492 660 1552 dumus
675 1495 750 1552 inter
760 1491 888 1551 ultimum
903 1510 938 1551 ac
951 1495 1114 1571 proximum
1130 1513 1187 1553 ner·

195 1578 276 1652 bum,
301 1588 330 1636 et
349 1587 439 1656 turpe
453 1575 522 1637 illud
538 1576 693 1637 intervallo
709 1576 834 1654 quodam
856 1574 1056 1654 producimus:
1087 1579 1187 1656 alioqui

195 1665 232 1721 sit
253 1662 553 1725 exultantissimumet
569 1663 688 1720 trimetri
710 1661 792 1720 linis:
824 1658 900 1734 Quis
915 1680 975 1722 non
989 1668 1083 1738 turpe
1103 1664 1188 1723 duce

195 1748 262 1807 ret?
305 1748 385 1806 Sicut
406 1746 476 1805 illud
507 1744 569 1807 Ore
595 1747 741 1823 occipere
761 1746 885 1822 liceret,
908 1747 933 1804 si
951 1748 1069 1822 iungas,
1096 1745 1189 1805 lasciui

196 1832 404 1905 0010111100οη
429 1829 482 1889 sed
496 1832 685 1908 interpunctis
701 1828 870 1906 quibusdam
888 1837 917 1888 et
937 1829 1028 1888 trihus
1047 1832 1130 1906 quasi
1145 1831 1189 1888 ini·

136 1921 188 1976 109
195 1917 240 1975 tiis
258 1915 289 1974 lit
305 1914 422 1993 plenum
439 1916 626 1974 auctoritatis.
661 1912 723 1973 Nec
739 1930 820 1991 ego,
838 1931 901 1973 cum
916 1913 1130 1992 praecedentes
1145 1931 1189 1992 pe·

194 2000 246 2059 des
266 2000 367 2077 posui,
393 2000 489 2075 legem
512 1999 595 2073 dedi,
611 2017 661 2057 *ne
678 1999 726 2059 alii
744 2007 858 2065 essent;
888 1997 940 2057 sed
957 1998 1024 2076 quid
1039 1998 1106 2058 fere
1121 2000 1189 2058 acci·

194 2083 293 2158 deret,
317 2083 384 2160 quid
405 2086 433 2142 in
456 2085 621 2161 praesentia
640 2082 789 2142 videretur
809 2084 963 2160 optimum,
989 2083 1116 2142 ostendi.
1159 2081 1190 2140 Et

195 2167 309 2243 quidem
324 2169 432 2245 optime
450 2176 495 2226 est
512 2167 566 2225 sihi
587 2168 699 2226 iunctus
716 2175 905 2244 anapaestos,
929 2176 960 2225 ut
977 2167 1026 2243 qui
1042 2168 1080 2225 sit
1098 2175 1189 2244 penta·

194 2252 277 2309 metri
301 2252 379 2326 linis,
403 2250 452 2310 vel
467 2249 616 2325 rhythmos
633 2252 681 2328 qui
696 2268 800 2309 nomen
815 2248 851 2309 ab
870 2267 907 2309 eo
922 2252 1023 2309 traxit:
1049 2248 1132 2311 Nam
1145 2250 1191 2309 udi

193 2335 288 2395 iibido
312 2337 502 2410 dorninatur,
530 2337 720 2397 innocentiae
741 2336 806 2396 ieoe
830 2336 1021 2412 praesidia-m
1042 2343 1115 2403 esta
1133 2350 1190 2391 nan

195 2418 374 2495 synaloephe
395 2419 478 2494 facit,
500 2428 531 2478 ut
555 2419 629 2479 duae
652 2418 769 2479 ultimae
786 2416 916 2493 syllabae
932 2434 985 2496 pro
1006 2436 1061 2477 una
1083 2425 1191 2477 sonent

137 2500 299 2564 ltodlelior
318 2501 368 2561 liet
381 2503 576 2580 praecedente
595 2504 727 2582 spondeo
743 2503 791 2562 vel
807 2502 945 2577 bacchio,
964 2512 994 2561 ut
1009 2504 1034 2560 01
1048 2500 1127 2561 idem
1139 2519 1191 2559 mu·

196 2595 242 2645 tes
266 2587 331 2647 lere
355 2588 543 2648 innocentiae
566 2589 760 2665 praesidium
778 2595 832 2648 est.
874 2586 940 2645 Non
958 2604 1004 2645 me
1021 2586 1101 2663 capit
1123 2585 1193 2663 (uta

196 2671 306 2747 magnis
320 2671 390 2729 viris
407 2670 588 2750 dissentiam)
606 2689 716 2750 paeon,
736 2674 783 2749 qui
798 2679 844 2732 001
858 2688 896 2730 ex
910 2669 1000 2730 trihus
1015 2669 1157 2729 brevibus
1171 2676 1193 2727 et

196 2755 295 2832 longa.
338 2754 410 2813 Nam
426 2764 471 2814 est
486 2764 515 2814 et
530 2758 594 2833 ipse
617 2773 671 2815 una
686 2756 752 2833 plus
768 2754 850 2814 brevi
868 2762 1042 2832 anapaestos
1059 2754 1192 2833 facildot

198 2848 228 2900 et
241 2840 372 2917 apiiitoa.
410 2839 494 2912 Quod
511 2841 578 2917 quid
589 2842 629 2899 ita
640 2840 782 2917 placuerit
793 2841 845 2915 iis,
861 2856 919 2898 non
930 2838 1030 2912 video,
1049 2839 1109 2897 nisi
1125 2835 1191 2916 quod

196 2923 276 2985 illum
291 2922 354 2982 iere
370 2922 573 3001 probaverint,
601 2923 704 3002 quihus
727 2922 865 3001 lpquendi
880 2924 972 2998 magis
990 2939 1075 3001 quam
1102 2919 1193 2980 orandi

139 3014 188 3066 111
197 3007 319 3066 studium
333 3009 395 3067 fuit.
440 3007 512 3067 Nam
527 3017 557 3066 et
571 3016 637 3067 ante
652 3026 685 3068 se
700 3007 836 3067 brevibus
848 3005 955 3083 gaudet
966 3004 1140 3085 pyrrhichio
1155 3001 1193 3063 vel

198 3091 324 3166 choreo,
352 3110 421 3152 meo
443 3093 594 3171 facidtas,
624 3100 730 3153 nostra
751 3093 908 3170 saciiitanr
941 3107 976 3148 ac
1001 3089 1193 3167 praecedente

197 3175 328 3252 spondeo
351 3183 446 3235 tamen
462 3176 548 3254 plane
563 3176 626 3234 linis
645 3185 689 3235 001
704 3178 840 3250 trimetri,
859 3192 923 3234 cum
943 3176 979 3233 sit
999 3191 1054 3251 per
1076 3191 1114 3231 se
1133 3188 1192 3251 qno

198 3276 283 3336 que-
309 3256 344 3317 Ei
369 3262 529 3319 contrarius
548 3261 697 3338 principiis
718 3263 821 3319 merito
840 3259 987 3334 laudatur,
1009 3274 1074 3315 nam
1094 3267 1126 3316 et
1147 3255 1191 3335 pri·

197 3360 270 3402 mam
287 3342 420 3402 stabilem
435 3352 464 3402 et
479 3346 531 3405 tris
550 3343 665 3403 celeres
679 3343 777 3403 hahet.
815 3341 921 3403 Tamen
936 3343 993 3401 hoc
1007 3357 1130 3420 quoque
1144 3356 1192 3399 me

197 3427 287 3492 liures
305 3425 378 3485 alies
394 3436 473 3505 puto.
