2434 3925
163 214 221 279 186
476 224 835 287 tremendissimum

159 386 232 444 inina
247 375 414 459 iunguntur,
433 389 462 440 ut
477 400 539 441 cum
554 380 700 443 Socrates
714 388 880 442 accusatus
893 389 952 459 est,
976 384 1057 460 quod
1076 404 1148 448 cor·

158 480 309 545 rumperet
330 469 510 527 iuuentutem
533 475 561 526 et
578 484 672 525 umus
684 467 909 543 superstitiones
922 468 1127 531 introduceret
1131 493 1149 542 ,·

159 562 188 611 et
203 550 314 627 singula
329 569 366 609 ex
382 549 510 627 pluribus
526 550 716 625 colliguntur,
739 557 769 607 ιιι
784 566 846 607 oum
867 550 977 628 ieputio
992 552 1071 612 mole
1089 574 1147 633 pe-

103 695 106 701 .
157 644 206 697 stu
227 637 368 696 obiicitur
387 630 547 709 Aeschini,
569 635 650 711 quod
670 635 809 693 mentitus
828 633 882 709 sit,
912 636 993 710 quod
1013 637 1086 698 nituit
1106 659 1150 700 ec

155 721 310 780 mundetis
328 718 453 796 fecerit,
477 718 558 795 quod
577 725 712 778 morutus
733 718 787 790 sit,
810 719 891 792 qrrod
910 711 1036 780 munero
1056 740 1146 782 ucce-

130 805 246 882 6pem't.
279 800 433 860 Reeusatio
450 817 565 878 quoqne
579 800 677 877 plures
692 800 803 858 interim
818 803 1031 878 propositiones
1046 802 1146 880 babet,

158 896 188 945 ut
203 894 302 946 contra
316 886 481 963 petitionem
502 886 656 961 pecuniae:
679 883 759 944 Male
778 886 895 961 petitis,
913 896 1147 963 procuratorem

158 973 236 1033 enim
256 971 308 1030 tibi
329 987 395 1028 esse
420 986 479 1027 nou
508 969 611 1035 ttcutt;
631 968 687 1027 sed
707 983 805 1044 neque
825 968 885 1042 illi,
912 970 1000 1029 cuius
1025 974 1148 1033 nomine

157 1055 272 1132 titicus,
294 1051 406 1112 dobere
424 1060 654 1130 procuratorem
660 1072 674 1120 ;
703 1052 759 1112 sed
778 1068 875 1129 neque
896 1060 940 1111 est
959 1052 1047 1114 iteres
1068 1057 1145 1130 eius,

132 1148 179 1204 to
195 1146 253 1215 quo
271 1136 428 1212 occepisse
448 1143 580 1194 mutuom
595 1135 681 1194 dicor
687 1157 700 1201 ,-
718 1136 777 1195 sed
788 1154 844 1194 nec
859 1135 920 1213 ipsi
938 1137 1035 1199 debui.
1071 1137 1146 1198 ttul-

157 1221 282 1298 tiplicari
301 1218 373 1277 baec
393 1219 422 1276 in
443 1216 659 1295 quantumlibet
674 1227 810 1295 possunt,
831 1218 883 1277 sed
902 1236 962 1278 rem
981 1222 1147 1281 ostendisse

158 1306 227 1364 satis
250 1311 304 1361 est.
341 1301 401 1359 Hae
423 1302 446 1359 si
469 1310 610 1378 ponantur
631 1301 779 1376 singulae,
807 1301 944 1360 subiectis
967 1303 1146 1380 probationi·

158 1385 228 1462 bus,
245 1386 343 1464 plures
359 1393 423 1443 sunt
439 1387 670 1463 propositiones;
692 1386 716 1443 si
731 1386 951 1461 coniungantur,
972 1388 1000 1445 in
1015 1389 1146 1465 partitio-

159 1489 223 1529 nem
239 1469 350 1528 cadunt.

110 1618 112 1621 ⁵
131 1565 149 1620 Β
243 1551 295 1611 Est
314 1560 342 1610 et
357 1552 430 1610 nuda
444 1552 621 1629 propositio,
645 1551 737 1628 qualis
758 1551 820 1610 iere
840 1546 868 1611 in
884 1554 1144 1615 coniecturalibus:

160 1634 272 1698 Caedis
293 1653 372 1715 opo,-
391 1637 504 1713 turtum
525 1637 652 1703 obiicim·
673 1634 718 1693 eit
738 1638 847 1694 ratione
863 1635 1006 1713 subiecta,
1031 1647 1060 1697 ut
1074 1637 1145 1700 Mu-

156 1724 293 1783 iestutem
314 1721 419 1779 minent
439 1716 472 1778 C.
488 1714 654 1795 Comretius,
676 1736 747 1778 nom
767 1722 901 1780 codicem
920 1722 1058 1781 tribunus
1075 1725 1146 1800 pte-

158 1806 205 1866 bis
224 1806 290 1884 ipse
308 1821 366 1880 pro
386 1804 522 1864 contorto
543 1803 622 1881 lepit.
658 1801 776 1862 Praeter
795 1802 868 1863 baec
887 1805 989 1863 utimur
1010 1808 1144 1882 proposi·

153 1890 236 1948 tione
250 1895 297 1947 aut
311 1896 423 1963 nostra,
445 1895 475 1944 ut
496 1884 686 1947 Adulterium
706 1888 833 1955 obiicio‚·
853 1897 900 1945 aut
921 1887 1091 1964 adversarii,
1114 1898 1146 1948 ut

157 1970 309 2035 Adulterii
327 1991 443 2032 mecum
462 1972 582 2049 opitur;
604 1979 652 2029 aut
666 1972 814 2046 communi,
837 1981 866 2031 ut
880 1971 965 2032 Inter
979 1992 1026 2033 me
1047 1982 1076 2034 ct
1088 1974 1145 2035 od·

68 2103 70 2112 ,
155 2057 326 2121 oersom'um
346 2057 483 2132 quaestio
503 2061 564 2128 est,
585 2063 655 2115 uter
674 2056 713 2114 sit
732 2055 872 2116 intestato
891 2058 1025 2134 propior.
1066 2056 1144 2116 Non·

156 2157 298 2218 nunquam
313 2138 441 2198 diverses
458 2154 572 2215 quoque
587 2139 742 2214 iungimus:
762 2134 828 2217 Epo
847 2140 904 2201 boc
924 2142 1008 2218 dico,
1030 2143 1144 2220 adoer-

157 2226 260 2285 surius
281 2222 345 2281 boc.

129 2315 146 2369 9
238 2304 331 2364 Habet
344 2306 455 2364 interim
468 2304 524 2363 vim
539 2306 763 2382 propositionis,
787 2304 895 2363 etiamsi
910 2323 963 2383 per
977 2324 1010 2366 se
1026 2324 1082 2366 non
1099 2316 1145 2367 est

156 2390 335 2469 propositio,
358 2406 420 2447 oum
444 2389 576 2464 exposito
598 2405 693 2447 rerum
717 2387 817 2447 ordine
833 2387 1011 2449 subiioimus:
1030 2389 1076 2451 De
1096 2392 1144 2450 dis

158 2472 358 2551 copnoscitis,·
374 2480 404 2529 ut
421 2472 456 2528 sit
470 2469 543 2528 baeo
559 2473 739 2530 commonitio
754 2472 865 2545 iudicis,
883 2490 939 2550 quo
955 2491 988 2531 se
1005 2473 1039 2533 ed
1056 2491 1142 2550 quae·

133 2571 136 2576 ·
157 2557 279 2615 ationem
300 2557 394 2613 acrius
412 2554 539 2612 intendat
562 2564 591 2613 et
611 2554 690 2613 velut
713 2555 834 2631 quodam
859 2564 935 2615 tactu
955 2559 1143 2615 resuscitatus

158 2640 240 2699 finem
257 2656 323 2697 esse
336 2639 514 2711 narrationis,
529 2639 636 2697 initium
648 2637 825 2716 probationis
838 2639 989 2716 intelligat,
1006 2649 1045 2713 ct,
1061 2639 1145 2698 nobis

159 2724 400 2783 confirmationem
414 2721 649 2798 ingredientibus,
665 2723 728 2800 ipsc
740 2739 854 2800 qnoque
868 2723 1075 2799 quodammodo
1092 2740 1144 2783 no·

155 2825 223 2866 vum
238 2805 369 2866 audiendi
384 2814 475 2898 sumat
488 2805 645 2864 exordium.

521 2957 563 3007 DE
581 2958 784 3009 PARTITIONE.

239 3054 275 3113 V.
305 3053 461 3114 Partitio
485 3062 529 3111 est
550 3063 709 3113 nostrarum
730 3064 777 3114 eut
797 3053 953 3112 adversarii
969 3055 1143 3131 propositio·

157 3156 222 3198 num
242 3146 289 3197 ent
303 3146 483 3214 utrarumque
500 3137 599 3197 ordine
622 3138 765 3197 collocuta
780 3138 963 3195 enumeratio.
999 3135 1060 3196 Hac
1082 3138 1143 3214 qui-

158 3222 222 3282 dem
236 3220 369 3280 utendum
383 3238 498 3298 semper
517 3229 631 3298 putant,
654 3221 730 3300 quod
752 3238 786 3279 ee
807 3220 854 3279 fiat
876 3236 962 3279 causa
978 3219 1099 3279 lucidior
1115 3228 1144 3278 et

158 3306 245 3365 iudex
259 3306 393 3363 attentior
408 3322 441 3363 ac
456 3304 592 3379 docilior,
616 3306 639 3363 si
655 3305 768 3379 scierit,
791 3312 820 3363 et
841 3303 876 3362 de
898 3318 954 3379 quo
979 3303 1096 3363 dicimus
1114 3311 1143 3362 et

130 3391 196 3454 ude
211 3405 267 3466 quo
282 3387 383 3448 dicturi
399 3377 501 3463 posted
515 3389 611 3447 sunus.
649 3386 758 3447 Rursus
779 3387 890 3465 quidam
906 3386 1099 3464 periculosum
1114 3386 1143 3445 id

159 3474 266 3535 oratori
286 3470 455 3532 arbitrantur
476 3469 583 3531 duabus
606 3488 644 3531 ex
663 3472 774 3532 causis:
800 3470 876 3550 quod
896 3486 1093 3548 nonnunquam
1113 3476 1145 3530 et
