2434 3925
298 253 299 256 Ἴ
331 194 420 244 tusu.
444 194 593 245 aaaron.
616 197 684 243 nna.
708 191 803 258 1n,6.
1013 183 1072 247 127

62 348 137 409 Non
154 357 200 409 est
214 348 290 424 tale,
312 346 419 411 Habeo
432 351 482 411 ius
495 352 641 426 actionis,
661 350 730 414 Nou
750 351 845 413 babes
850 373 864 420 ,·
885 360 916 413 nt
931 353 968 411 sit
984 370 1073 432 qnae·

63 435 146 509 atio,
170 452 213 494 aa
234 433 370 495 babeat?
390 442 421 492 et
440 435 506 495 inde
528 445 630 495 status.
674 436 810 515 Accipiat
832 437 906 497 enim
929 439 1074 498 actionem

63 535 184 592 necne,
204 517 241 577 ad
259 525 392 576 eventum
408 521 544 597 pertinet,
564 538 622 578 non
637 521 672 581 ad
689 538 816 594 causam,
835 521 915 581 etad
932 521 976 596 id,
995 521 1072 600 quod

61 602 237 681 pronuntiat
250 602 355 677 iudex,
374 618 431 660 non
448 603 493 680 id,
513 606 727 682 propterquod
743 606 917 683 pronuntiat.
951 604 1014 665 Hoc
1030 606 1115 665 ittitt

63 686 164 745 simile
186 694 248 761 est,
277 684 455 747 Panieudus
476 708 525 764 es,
553 686 622 750 Nau
646 708 733 757 sunu·
763 687 874 747 videbit
900 688 1003 765 iudex,
1029 708 1071 751 aa

61 771 245 849 puniendus
267 772 328 831 sit?
360 769 419 830 Sed
439 788 498 831 non
517 772 565 831 hic
588 773 649 832 erit
667 773 799 851 quaestio
821 790 876 832 neo
899 772 946 832 hic
968 783 1069 833 status.

62 854 124 914 Ubi
142 850 238 929 ergo?
257 852 498 932 salamenses,
519 857 667 918 bominem
683 857 844 925 occidisti,·
866 854 934 917 Noa
952 859 1071 920 ceddi.-

61 939 115 998 An
140 940 313 999 occiderit?
334 937 544 1002 Honoraadus
557 959 642 1019 sum,
664 939 733 1003 Noa
746 961 799 1010 es,·
820 958 887 999 nutu
902 950 1005 1000 statum
1020 942 1070 1002 ha·

62 1018 143 1084 bet?
163 1038 237 1097 non,
254 1031 285 1081 ut
300 1032 381 1102 puto.
412 1022 620 1086 decorandus
637 1045 721 1103 uam,
745 1027 818 1103 quia
837 1034 999 1104 tyrocinum
1018 1045 1070 1088 oc-

64 1108 153 1177 aidi;
171 1104 240 1166 Noa
251 1108 401 1183 occidisti,
418 1110 551 1186 quaestio
565 1117 594 1168 et
608 1118 710 1168 status.
738 1109 887 1184 Similiter,
903 1107 971 1170 Noa
986 1110 1113 1171 reeicit

24 1247 27 1252 ,
63 1192 156 1270 apis,
183 1190 358 1270 lieateapa
380 1192 545 1253 nonhabet
566 1202 680 1252 statum.
723 1193 780 1253 Ubi
799 1203 844 1252 est
868 1189 963 1270 crgo?
1002 1193 1071 1255 Nou

63 1283 153 1337 recte
172 1277 242 1352 apis
254 1277 483 1354 -iquomiuiosus
518 1276 689 1353 Quaeritur,
707 1276 758 1337 Aa
777 1280 993 1356 iquominiosus
1008 1280 1071 1339 sit?

64 1367 133 1435 ant,
158 1355 207 1418 Aa
229 1377 323 1439 apere
343 1361 539 1440 iquomiuioso
561 1363 673 1424 liceat?
706 1363 893 1439 quaestiones
916 1371 945 1422 et
967 1371 1068 1421 status.

63 1443 150 1522 Ergo
166 1443 365 1507 translativum
385 1462 478 1522 genus
495 1464 601 1505 causae
617 1454 647 1504 ut
664 1447 890 1524 cbmparativum
908 1454 938 1505 et
954 1455 1069 1507 mutuae

66 1528 276 1588 accusationis.
310 1526 350 1587 Αι
368 1531 442 1589 enim
460 1529 554 1590 simile
573 1538 618 1589 est
633 1530 675 1589 illi
697 1528 826 1605 „Habeo
845 1532 909 1605 ius,
931 1549 992 1591 aaa
1013 1531 1069 1593 ba·
1078 1531 1112 1587 76

66 1613 146 1674 bes“
170 1608 361 1689 „Occidisti,
381 1612 476 1674 Recte
495 1616 632 1675 occidi.“
664 1612 730 1673 Non
744 1632 840 1690 nego,
857 1614 909 1673 sed
925 1633 980 1673 nec
995 1615 1071 1675 haec

66 1715 116 1755 res
135 1704 240 1755 statum
257 1696 336 1756 lacit.
368 1695 433 1756 Non
452 1699 526 1757 enim
541 1707 607 1757 sunt
622 1698 677 1757 hae
693 1700 926 1777 propositiones,
944 1698 1070 1776 (alioqui

66 1798 158 1841 causa
182 1797 239 1839 non
265 1780 474 1861 explicabitur)
502 1782 554 1841 sed
577 1799 642 1842 cum
667 1784 726 1840 suis
749 1781 917 1841 rationibus.
960 1781 1070 1843 Scelus

65 1865 215 1927 commisit
234 1863 397 1943 Horatius,
416 1885 553 1927 sororem
572 1867 648 1926 enim
665 1867 800 1926 occidit·
825 1863 894 1927 Nou
911 1867 1069 1943 commisit,

65 1949 173 2011 debuit
191 1950 270 2011 euim
283 1951 427 2012 occidere
441 1970 525 2029 eam,
549 1967 630 2029 quae
648 1950 741 2011 bostis
758 1959 882 2012 mortem
899 1951 1068 2012 maerebat.

66 2034 225 2108 Quaestio,
247 2030 298 2093 Aa
314 2035 393 2096 baec
410 2037 494 2097 iusta
512 2036 631 2096 causa?
652 2035 692 2093 ita
709 2033 843 2113 qualitas.
879 2033 917 2094 Et
937 2034 1069 2093 similiter
1077 2039 1110 2094 tt

65 2119 94 2176 in
116 2117 321 2195 translatione,
353 2118 422 2181 Nou
443 2120 538 2181 babes
558 2120 608 2180 ius
627 2119 814 2196 abdicandi,
842 2121 916 2197 quia
940 2119 1068 2198 iquoati-

65 2204 155 2263 m'oso
171 2221 231 2262 uon
252 2212 295 2264 est
313 2205 403 2265 actia.
435 2203 542 2266 Habeo
559 2204 625 2272 ius,
643 2205 717 2280 quia
734 2203 891 2266 abdicatio
908 2205 990 2264 aetia
1009 2222 1070 2264 aon

67 2294 122 2347 est.
161 2284 330 2361 Quaeritur,
355 2286 437 2371 Quid
455 2290 495 2349 sit
512 2290 612 2350 actia:
636 2287 781 2355 liniemus3
804 2285 872 2349 Nau
889 2288 960 2349 licet
978 2288 1068 2349 abdi·
1159 2290 1161 2297 ⁴

68 2388 145 2430 aare
164 2369 276 2447 filium,
298 2371 497 2448 syllogismos.
530 2371 602 2432 ltern
622 2382 722 2432 cetera
740 2390 795 2450 per
816 2389 915 2431 omnes
935 2381 964 2431 et
980 2374 1068 2431 ratio-

69 2454 151 2513 nales
177 2463 206 2512 et
228 2454 342 2532 legales
362 2465 462 2515 status.
505 2454 569 2516 Nea
591 2458 695 2533 ignoro
717 2455 808 2515 luisse
834 2457 990 2534 quosdam,
1019 2457 1067 2534 qui
1077 2459 1111 2515 78

70 2536 289 2598 translationem
304 2540 476 2600 inrationali
487 2558 604 2618 quoque
620 2558 731 2617 genere
743 2550 886 2618 ponerent
900 2540 957 2600 boc
969 2541 1068 2616 modo,

68 2619 224 2684 Hominem
241 2625 360 2700 accidi,
379 2625 483 2686 iussus
500 2626 541 2686 ab
557 2628 753 2703 imperatore.
787 2624 879 2686 Dorta
896 2625 1000 2701 templi
1017 2644 1068 2686 co-

67 2707 151 2785 qeuti
176 2715 306 2787 tyranno
327 2709 409 2770 dedi.
451 2708 586 2772 Deserui
609 2710 856 2788 tempestatibus,
883 2707 1069 2785 fluminibus,

69 2792 244 2853 valetudiue
263 2793 445 2870 impeditus,
476 2793 505 2851 id
527 2802 590 2868 est,
621 2810 679 2852 non
701 2811 756 2871 per
775 2811 821 2853 rue
844 2793 923 2851 stetit
944 2792 996 2851 sed
1015 2810 1069 2871 per

70 2872 151 2932 illud.
196 2876 224 2935 Α
245 2875 348 2954 quibus
370 2878 455 2936 etiam
476 2875 595 2937 liberius
619 2877 768 2938 dissentio.
808 2876 874 2936 Non
896 2878 971 2936 enim
992 2878 1068 2936 actio
1077 2873 1111 2931 79

71 2958 242 3019 transfertur
259 2960 311 3019 sed
329 2978 416 3021 causa
438 2961 525 3036 lacti,
549 2960 627 3040 quod
645 2960 750 3041 accidit
767 2978 861 3039 paene
883 2962 911 3019 in
927 2962 1003 3019 omni
1018 2961 1067 3020 de·

72 3041 214 3103 lensione.
248 3044 362 3104 Deinde
382 3047 425 3121 is,
447 3045 562 3123 quitali
582 3047 670 3105 utitur
687 3047 865 3123 patrocinio,
884 3063 941 3104 non
956 3046 1069 3105 recedit

72 3125 194 3187 aiorma
217 3129 379 3206 qualitatis,
405 3130 474 3189 dicit
496 3131 588 3205 enirn,
613 3147 647 3188 se
669 3129 755 3207 culpa
777 3147 898 3197 vacare;
925 3138 955 3189 nt
976 3131 1068 3206 magis

73 3211 216 3288 qualitatis
234 3213 343 3291 duplex
359 3215 434 3273 ratio
451 3214 584 3274 iacienda
600 3215 648 3290 sit,
666 3213 759 3273 altera
777 3230 833 3292 qua
850 3222 879 3273 et
894 3213 1001 3275 lactum
1018 3213 1067 3272 do-

71 3294 210 3373 ienditur,
229 3296 321 3358 altera
338 3316 394 3376 qua
409 3305 517 3368 tantum
533 3316 612 3357 reus.

155 3378 343 3442 Credendum*
355 3391 400 3441 est
415 3383 501 3460 igitur
515 3381 576 3458 bis,
598 3398 719 3460 quarunt
734 3382 934 3441 auctoritatem
949 3385 1111 3441 secutusao

73 3473 118 3523 est
133 3462 251 3543 Cicero,
268 3468 434 3544 tria'esse,
449 3484 524 3546 quae
540 3468 568 3526 in
584 3466 660 3526 omni
675 3465 867 3544 disputatione
883 3471 1067 3545 quaerantur,
