2434 3925
366 217 457 268 mon.
470 214 619 269 caenon·
631 178 701 266 nro.
713 218 759 285 m,
771 216 797 269 1.
1015 204 1077 270 249

72 374 225 452 omnibus,
239 373 288 453 qni
303 372 463 435 sollicitare
475 372 541 434 illas
556 381 668 432 aetates
687 373 794 449 solent,
803 374 971 435 anteferret.
1000 373 1076 449 Qua·

73 469 206 542 propter
231 459 274 520 illi
296 458 407 534 dolori,
436 476 520 536 quem
543 475 581 516 ex
603 466 693 517 matre
720 460 827 536 optima
852 467 939 537 atque
964 476 1077 523 omnem

74 545 199 606 laudem
216 560 408 622 supergressa
425 558 535 620 paucos
553 550 618 601 ante
636 559 751 601 menses
767 559 918 619 ceperam,
935 544 1075 620 gratulor.

1 634 3 693 ἒ
73 628 176 690 Minus
200 629 274 687 enim
302 636 363 702 est,
390 626 467 704 quod
499 625 623 686 flendum
647 642 713 685 meo
740 627 854 685 nomine
888 644 972 704 quam
1001 628 1076 706 quod

74 713 159 774 illins
182 708 363 789 gaudendum
386 719 440 770 est.
483 709 547 770 Una
567 719 635 788 post
656 710 730 770 haec
756 709 921 783 Quintiliani
942 713 998 771 mei
1025 714 1107 790 spei)

1 798 6 815 '
75 815 116 857 ac
130 796 282 874 voluptate
299 794 421 870 nitebar,
438 803 467 858 et
481 803 596 872 poterat
612 794 748 853 sufficere
764 794 880 853 solatio.
923 794 988 854 Non
1005 797 1079 856 enim

75 880 240 955 flosculos,
264 885 337 938 sicut
358 881 453 957 prior,
480 878 533 938 sed
554 879 609 937 iarn
633 878 772 939 decimum
799 880 902 938 aetatis
929 881 1078 956 ingressus

1 994 2 1009 π
75 981 202 1039 annum,
219 972 316 1022 certos
335 981 369 1041 ac
389 961 565 1023 deformatos
589 961 700 1022 fructus
722 962 897 1022 ostenderat.
942 962 1009 1023 iuro
1025 969 1120 1042 perio

74 1048 158 1109 mala
172 1065 251 1123 mea,
267 1065 321 1125 per
334 1047 481 1107 infelicem
497 1047 720 1121 conscientiam,
739 1064 793 1124 per
806 1046 873 1106 illos
889 1064 1004 1123 manes,
1027 1066 1077 1106 nu-

76 1133 159 1191 mina
173 1133 229 1191 mei
245 1131 372 1205 doloris,
390 1130 442 1190 has
457 1149 503 1189 me
519 1132 547 1189 in
561 1131 613 1191 illo
629 1130 737 1190 vidisse
751 1132 872 1190 virtutes
887 1131 1004 1207 ingenii,
1020 1148 1079 1190 non

76 1216 169 1276 modo
194 1216 229 1276 ad
254 1214 456 1294 percipiendas
489 1215 672 1293 disciplinas,
705 1231 761 1294 qno
787 1214 856 1274 nihil
885 1217 1078 1293 praestantius

78 1300 209 1377 cognovi
235 1299 356 1377 plurima
381 1308 536 1377 expertus,
562 1300 705 1378 studiique
731 1301 786 1359 iam
817 1308 875 1359 tum
901 1316 959 1359 uon
984 1300 1078 1360 eoacti

79 1384 195 1462 (sciunt
215 1385 440 1463 praeceptores)
463 1385 515 1444 sed
536 1383 705 1462 probitatis,
731 1385 863 1462 pietatis,
885 1384 1076 1459 humanitatis,
1155 1409 1161 1415 ·

78 1468 279 1541 liberalitatis,
301 1476 332 1528 ut
348 1485 468 1546 prorsus
490 1474 592 1546 posset
612 1467 678 1527 hine
701 1486 768 1527 esse
785 1469 854 1528 tanti
879 1468 1003 1529 fulminis
1017 1487 1077 1528 mc-

79 1562 146 1627 tus,
161 1552 238 1630 quod
252 1551 436 1612 observatum
451 1551 513 1611 fere
529 1560 588 1627 est,
612 1552 737 1612 celerius
757 1552 894 1612 occidere
916 1553 1078 1613 festinatam

79 1638 289 1710 maturitatem,
310 1644 340 1695 et
362 1654 431 1696 esse
449 1637 550 1695 nescio
573 1653 672 1713 quam,
694 1654 768 1714 quae
783 1654 852 1714 spes
868 1645 960 1696 tantas
975 1637 1077 1697 decer·

79 1728 147 1799 pat,
171 1720 319 1794 invidiam,
340 1738 377 1779 ne
396 1720 533 1780 videlicet
554 1719 646 1792 ultra,
668 1738 752 1798 quam
774 1720 881 1780 homini
904 1720 1001 1780 datum
1020 1729 1075 1795 est,

78 1812 183 1863 nostra
197 1803 401 1882 provehantur.
445 1803 539 1862 Etiam
554 1802 603 1861 illa
619 1802 734 1862 fortuita
745 1804 864 1863 aderant
879 1806 982 1878 omnia,
995 1806 1118 1864 vocisll

80 1887 243 1947 iucunditas
256 1887 444 1966 claritasque,
461 1889 521 1946 oris
539 1888 665 1945 suavitas
688 1895 717 1945 et
734 1890 762 1946 in
775 1896 952 1966 utracunque
967 1888 1075 1966 lingua,

79 1981 217 2050 tanquam
240 1971 275 2032 ad
296 1991 360 2032 eam
381 1973 492 2032 demum
515 1980 597 2030 natus
627 1980 721 2044 esset,
744 1988 885 2049 expressa
911 1974 1076 2049 proprietas

76 2057 207 2132 ,omnium
223 2056 390 2116 litterarum.
435 2056 494 2115 Sed
510 2054 584 2114 haec
600 2073 669 2133 spes
685 2054 791 2121 adhuc;
808 2054 857 2113 illa
872 2057 991 2130 maiora,
1008 2071 1076 2115 eou-

79 2142 204 2215 stantio,
219 2142 362 2217 gravitas,
382 2149 482 2200 contra
499 2138 618 2198 dolores
635 2140 720 2197 etiam
731 2156 766 2198 ac
780 2146 872 2197 metus
884 2138 982 2198 robur.
1004 2138 1077 2199 Nam

79 2240 141 2303 quo
157 2223 207 2283 illc
224 2225 333 2297 auimo,
359 2243 414 2302 qua
434 2223 609 2283 medicorum
635 2223 820 2283 admiratione
846 2224 984 2282 mensium
1007 2233 1076 2283 octo

79 2307 276 2368 valetudinem
290 2305 373 2367 tulit'l
395 2317 425 2367 ut
439 2326 484 2367 me
499 2310 528 2366 in
544 2308 686 2385 supremis
710 2308 876 2367 consolatus
898 2304 965 2367 est?
992 2326 1076 2386 quam

82 2393 170 2451 etiam
194 2391 332 2457 deficiens
360 2393 472 2471 iamque
497 2409 554 2451 non
578 2401 679 2451 noster
705 2392 798 2470 ipsum
824 2391 904 2451 illum
932 2392 1076 2454 alienatae
1176 2437 1196 2456 ,

81 2476 186 2535 mentis
206 2493 335 2535 errorem
353 2478 430 2536 circa
450 2476 530 2536 solas
550 2475 662 2535 litteras
683 2471 800 2536 hahuit?
832 2475 948 2535 Tuosne
967 2493 1042 2554 ego,
1059 2487 1118 2539 ola
1206 2531 1209 2535 .

82 2576 167 2619 meae
182 2577 250 2637 spes
272 2560 390 2636 inanes,
412 2559 544 2620 labentes
570 2559 691 2635 oculos,
714 2569 791 2619 tunm
812 2559 970 2637 fugientem
992 2561 1076 2639 spiri·

1 2663 2 2668 ¹
82 2652 143 2703 turn
156 2640 238 2703 vidi?
275 2643 364 2703 Tuum
387 2660 494 2721 eorpus
511 2644 646 2720 frigidum
668 2661 800 2721 exangue
821 2644 991 2723 complexus
1018 2645 1076 2705 ani·

82 2744 157 2786 mam
174 2728 308 2804 recipere
329 2745 487 2805 auramque
506 2745 683 2789 communem
702 2728 816 2787 haurire
834 2729 955 2806 amplius
975 2725 1076 2806 potui?

82 2810 194 2888 Dignus
213 2810 257 2870 his
275 2811 465 2887 eruciatibus,
482 2828 555 2888 quos
571 2811 646 2887 fero,
663 2812 765 2889 dignus
780 2812 824 2871 his
840 2811 1071 2888 cogitationibus.

1 2915 3 2934 ·
83 2893 164 2954 Tene
184 2895 328 2956 consulari
349 2914 441 2974 nuper
463 2895 620 2973 adoptione
640 2893 676 2955 ad
701 2897 822 2956 omnium
843 2913 912 2973 spes
934 2894 1117 2957 honorum13

82 2980 163 3056 prius
190 2979 348 3055 admotum,
370 2989 399 3039 te
422 2978 564 3039 avunculo
588 2981 717 3057 praetori
736 2996 874 3056 generum
893 2978 1074 3054 destinatum,

81 3069 130 3137 te,
149 3064 271 3123 omnium
287 3081 373 3141 spes,
390 3065 573 3124 acutissimae
589 3063 774 3182 eloquentiae
790 3058 990 3138 candidatum?
1021 3063 1074 3122 Sn-

83 3155 201 3224 perstes
221 3165 326 3226 parens
351 3157 458 3207 tantum
481 3164 652 3226 poenas-2
696 3146 779 3206 Etsi
803 3162 861 3205 nou
877 3145 982 3224 cupido
1001 3147 1074 3206 lucis

82 3239 164 3289 certe
178 3234 315 3309 patientia
329 3232 455 3292 vindicet
470 3240 499 3291 te
514 3231 626 3309 reliqna
644 3248 709 3290 mea
730 3237 834 3290 aetate.
877 3228 949 3289 Nam
969 3231 1075 3290 frustra

81 3312 157 3374 mala
174 3317 267 3375 omnia
290 3315 326 3375 ad
346 3317 452 3376 crimen
472 3316 604 3375 fortunae
625 3314 799 3390 relegamus.
842 3310 934 3374 Nemo
954 3316 1007 3374 nisi
1021 3330 1074 3373 sua

82 3396 169 3475 eulpa
183 3399 231 3459 diu
250 3398 340 3460 dolet.
385 3399 443 3459 Sed
458 3400 597 3473 vivimus,
615 3407 644 3458 et
658 3398 755 3476 aliqua
768 3398 883 3458 vivendi
896 3399 970 3458 ratio
986 3414 1073 3475 quae·
1084 3406 1116 3463 14

82 3481 173 3544 reuda
186 3492 242 3562 est,
263 3481 495 3565 credendumque
510 3482 685 3543 doctissimis
704 3482 883 3560 hominihus,
898 3482 947 3565 qni
959 3483 1074 3542 unicam
