2434 3925
134 139 193 201 130
442 151 479 197 11.
492 148 570 197 aaa
585 148 804 211 eutaricum

127 304 251 379 Cicero,
283 303 344 380 Tu,
367 306 475 382 inquit,
507 306 574 366 istie
597 304 756 384 faucibus,
783 304 850 363 istic
874 303 1036 380 luteribus,
1070 307 1141 368 iata

123 391 311 469 placitatoria
336 390 427 450 totius
458 390 608 468 corporis.
621 389 772 467 firmitate.
821 386 908 447 Aliud
935 390 1009 448 enim
1034 393 1140 450 mains

127 475 183 533 alio
205 473 381 552 supervenit.
426 471 464 532 At
485 475 511 532 si
532 475 682 551 coepisset
701 480 795 531 atoto
811 488 954 550 corpore,
972 490 1028 532 non
1049 473 1139 534 bene

126 557 162 616 ad
176 557 267 617 latera
281 557 440 633 faucesque
454 556 659 617 descenderet.
688 555 741 615 Est
756 565 785 615 et
800 555 873 615 alius
889 556 1025 633 naturalis
1040 558 1137 633 ordo,

125 650 156 699 nt
175 644 258 702 airon
278 661 317 701 uc
331 642 477 720 secanae,
502 643 582 702 diem
607 660 647 702 oc
661 648 794 717 noctem,
819 647 918 701 ortum
938 650 966 701 et
982 659 1138 702 occasum

83 727 204 791 addicas
227 726 323 811 potins
346 743 429 803 quam
450 733 620 784 retrorsum.
676 722 826 797 Quaedam
842 724 946 783 ordine
963 734 1135 802 permutato

125 809 194 868 fiunt
213 815 411 888 supervacua,
439 817 469 868 ut
488 810 606 888 fratres
623 809 753 887 pemioi;
785 809 889 867 namsi
908 813 1135 887 praecesserint

122 895 252 972 pendat:
265 894 382 972 fratres
399 892 505 952 addere
523 909 580 951 non
598 902 643 952 est
659 909 793 951 necesse.
826 890 879 951 llla
897 892 981 951 nimia
999 909 1134 970 quorun·

124 978 188 1037 darn
210 977 263 1037 fuit
286 976 468 1053 observatio,
494 986 525 1036 ut
545 974 689 1036 vocabula
708 976 822 1051 verbis,
844 974 935 1035 verba
954 995 1053 1035 rursus
1079 977 1133 1037 ad-

123 1060 247 1137 verbiis,
278 1063 391 1120 nomina
421 1062 562 1139 appositis
589 1069 618 1120 et
645 1058 860 1138 pronominibus
890 1069 988 1119 essent
1014 1061 1132 1137 priora.

82 1144 194 1207 taliam
214 1145 245 1204 iit
263 1154 363 1204 contra
385 1162 502 1224 quoque
522 1145 691 1222 frequenter
712 1162 770 1203 non
791 1143 939 1204 indecore.
982 1143 1132 1204 Necnon

125 1239 153 1289 et
168 1228 239 1290 illud
260 1230 362 1288 nimiae
379 1230 608 1308 superstitionis,
631 1230 672 1288 uti
691 1236 825 1306 quaeque
840 1229 896 1287 sint
915 1237 1065 1306 tempore,
1094 1247 1132 1288 ea

124 1314 224 1374 iacere
242 1315 327 1372 etiam
343 1312 443 1372 ordine
459 1315 572 1391 priora;
599 1330 657 1371 non
673 1313 924 1390 quinircquenter
939 1314 976 1370 sit
992 1311 1047 1371 hoc
1064 1332 1130 1372 me-

124 1398 195 1473 lius,
212 1396 264 1456 sed
280 1398 346 1475 quia
361 1399 472 1456 interim
487 1397 552 1475 plus
564 1397 662 1457 valent
673 1405 853 1473 antefgesta,
870 1397 995 1474 ideoque
1007 1396 1130 1456 leviori·

82 1482 176 1563 ithus
198 1481 420 1559 superponenda
440 1488 515 1540 sunt.
556 1480 656 1541 Verbo
680 1499 795 1539 sensum
817 1480 952 1555 cludere,
975 1480 1082 1555 multo,
1103 1484 1130 1540 si

125 1566 298 1642 compositio
317 1567 456 1644 patiatur,
479 1563 615 1644 optimum
631 1575 696 1641 est„
728 1564 760 1624 In
775 1564 872 1624 verbis
889 1566 962 1623 enim
982 1567 1128 1624 sermonis

123 1652 168 1708 vis
190 1658 243 1708 est.
289 1650 319 1709 st
341 1649 370 1709 id
386 1667 520 1728 asperum
536 1651 606 1724 erit,
629 1648 715 1709 cedet
733 1649 807 1708 haec
829 1651 901 1708 ratio
924 1650 1065 1722 numeris,
1097 1658 1128 1707 ut

124 1734 156 1792 lit
171 1732 245 1811 apud
263 1751 386 1792 summos
399 1733 528 1794 Graecos
542 1733 717 1811 Latinosque
732 1741 865 1792 oratores
879 1733 1125 1811 frequentissime.

125 1819 192 1877 Sine
206 1816 292 1877 dubio
303 1819 358 1878 erit
369 1835 469 1892 omne,
483 1818 560 1896 quod
574 1834 632 1877 non
648 1817 760 1893 cludet,
776 1816 973 1895 hyperbaton,
988 1826 1016 1876 et
1030 1818 1126 1895 ipsum

113 1901 181 1961 -hoc
202 1904 278 1961 inter
300 1911 402 1981 tropos
423 1902 472 1961 vel
492 1894 621 1979 figurasJ
637 1920 712 1981 quae
733 1910 798 1960 sunt
817 1902 946 1978 virtutis,
973 1910 1125 1980 receptum

81 1992 178 2048 tlest.
222 1986 286 2046 Non
305 1990 378 2050 enim
398 1986 433 2047 ad
453 1988 545 2065 pedes
565 1986 655 2047 verba
678 1987 805 2046 dimensa
828 1995 909 2062 sunt,
937 1985 1062 2065 ideoque
1087 2005 1124 2046 ex

101 2067 192 2130 'loco
212 2071 421 2131 transferuntur
444 2070 608 2147 inlocum,
637 2080 667 2145 ut
694 2071 860 2147 iungantur,
885 2087 941 2148 quo
963 2080 1125 2147 congruunt

123 2155 256 2214 maxime.
311 2157 392 2219 Siout
419 2157 448 2214 in
473 2163 616 2215 structura
641 2172 775 2218 saxorum
806 2155 916 2215 rudium
943 2156 1028 2215 etiam
1059 2155 1124 2233 ipsa

125 2242 280 2299 enormitas
307 2240 431 2315 invenit,
459 2241 504 2298 cui
528 2239 668 2318 applicari
692 2247 721 2299 et
741 2234 843 2318 inquo
864 2239 958 2318 possit
977 2240 1122 2308 insistere.

123 2320 320 2383 Felicissimae
337 2332 431 2383 tamen
452 2340 548 2386 sermo
570 2332 635 2400 est,
662 2325 707 2383 cui
734 2332 764 2382 et
788 2331 887 2383 rectus
913 2323 985 2383 ordo
1006 2330 1036 2382 et
1056 2333 1123 2400 apta

124 2408 253 2466 iunctura
282 2417 311 2466 et
337 2425 401 2466 cum
434 2407 479 2467 his
505 2425 639 2475 numerus
666 2415 829 2486 opportune
856 2405 963 2467 cadens
992 2408 1123 2483 contigit.

82 2496 116 2549 28
124 2488 271 2564 Quaedam
286 2508 358 2550 vero
378 2493 626 2567 transgressiones
644 2500 673 2551 et
697 2492 804 2568 longae
822 2500 889 2551 sunt
903 2493 999 2567 nimis,
1024 2500 1055 2549 ut
1075 2509 1123 2548 su·

58 2591 61 2596 ·
124 2573 288 2652 perioribus
309 2575 430 2634 diximus
447 2575 543 2651 libris,
568 2585 598 2635 et
619 2576 730 2635 interim
751 2576 835 2634 etiarn
856 2576 1065 2654 compositione
1080 2577 1122 2634 vi-

124 2660 234 2738 tiosae,
257 2677 332 2738 quae
348 2661 376 2719 in
393 2659 450 2718 hoc
465 2660 557 2736 ipsum
571 2668 721 2738 petuntur,
745 2667 775 2718 ut
792 2659 922 2719 exultent
936 2667 1022 2738 atque
1037 2658 1122 2718 lasci·

109 2745 216 2803 uiant:
243 2743 343 2821 quales
363 2743 431 2803 illae
453 2740 646 2820 Maecenatis,
664 2742 735 2806 Sole
756 2752 785 2805 et
803 2762 921 2806 aurora
934 2746 1042 2805 roboot
1052 2743 1123 2821 plo-

123 2828 213 2889 rimo.
257 2826 342 2890 lotar
367 2845 464 2890 sacro
486 2830 576 2889 movit
600 2846 683 2907 aqua
704 2829 857 2907 fraxinos.
907 2825 954 2888 Nc
978 2828 1124 2906 aaronica

125 2914 245 2987 quidem
262 2932 341 2975 nous
360 2914 439 2973 inter
453 2914 638 2973 miserrime
652 2913 788 2974 viderem
808 2931 902 2973 meos.
947 2910 1031 2985 Quod
1049 2913 1124 2971 inter

81 2994 197 3056 illaec
214 2997 369 3073 pessimum
385 3006 445 3075 est,
460 2997 525 3076 quia
542 2998 618 3055 inre
633 2996 707 3056 tristi
724 2996 796 3055 ludit
810 2996 993 3075 compositio.
1026 2995 1123 3072 Saepe

126 3086 221 3137 tamen
236 3088 281 3138 est
295 3080 452 3139 vehemens
471 3080 574 3157 aliquis
589 3098 692 3138 sensus
709 3081 738 3138 in
752 3079 861 3156 verbo,
880 3079 957 3158 quod
973 3080 998 3137 si
1018 3080 1047 3137 in
1063 3081 1122 3137 iue-

125 3161 171 3220 dia
191 3172 274 3239 parte
291 3166 451 3224 sententiae
472 3163 558 3239 latet,
582 3164 704 3223 transire
720 3165 906 3223 intentionem
927 3172 956 3223 et
974 3162 1123 3221 obscurari

126 3246 395 3306 circumiacentibus
415 3248 506 3315 solet;
542 3249 570 3305 in
595 3246 725 3307 clausula
746 3248 870 3325 positum
893 3248 1055 3323 assignatur
1074 3263 1121 3305 au·

125 3328 210 3388 ditoni
226 3338 256 3388 et
267 3329 412 3406 infigitur:
434 3331 520 3409 quale
535 3331 606 3390 illud
623 3340 668 3389 est
684 3329 851 3406 Ciceronis,
880 3329 917 3391 Ut
931 3332 986 3391 tibi
998 3325 1123 3391 necesse

82 3419 203 3477 uocaset
216 3415 249 3475 in
262 3422 426 3492 conspecto
439 3415 544 3494 populi
558 3412 816 3477 amanuensem
828 3416 987 3493 postridie.
1017 3413 1121 3473 Trans-
