2434 3925
267 240 269 243 Α
311 153 820 246 ‚msn.'onanox.uxs.11,19.xo
1033 163 1074 226 99

71 330 170 391 ctione
191 346 259 389 esse
282 337 426 389 contenta.
460 326 524 388 Erit
543 330 618 388 enim
638 329 785 389 rhetorice
804 331 833 390 in
853 338 969 390 oratore
988 333 1073 410 etiam

70 405 206 489 tacente,
229 422 259 473 et
279 414 303 472 si
325 412 446 472 desierit
461 430 551 489 agere
570 412 619 471 vel
639 416 791 491 proposito
813 414 862 474 vel
883 414 981 491 aliquo
1003 434 1072 474 casu
1170 417 1174 430 '

68 496 240 574 impeditus:
259 514 317 555 non
331 497 423 574 magis
438 496 552 556 desinet
568 514 635 555 esse
651 507 749 557 orator
764 515 848 575 quam
862 499 1001 574 medicus,
1022 501 1070 577 qui

70 579 190 641 curandi
205 580 310 640 fecerit
325 580 419 639 linem.
457 579 529 640 Nam
551 589 596 639 est
616 580 736 658 aliquis,
757 599 792 641 ac
806 584 908 641 nescio
929 601 963 642 an
983 585 1098 643 maxi-4

67 683 151 739 mus,
175 666 260 724 etiam
282 666 458 724 exsecretis
474 664 575 724 studiis
594 664 705 725 fructus
726 682 761 724 ac
776 674 834 725 tum
851 683 922 744 pura
937 667 1072 745 voluptas

68 748 247 825 litterarum,
272 766 335 808 cum
350 748 385 807 ab
402 758 467 808 actu
485 749 512 808 id
528 758 573 808 est
589 765 681 827 opere
698 758 884 809 recesserunt
900 759 929 809 et
944 760 1071 810 contem-

68 833 202 912 platione
223 834 266 891 sui
288 833 429 892 fruuntur.
466 833 526 892 Sed
547 833 700 893 effectivae
722 851 838 911 quoque
853 833 959 911 aliquid
979 835 1096 896 similet

69 918 190 994 scriptis
206 916 383 977 orationibus
396 915 445 976 vel
460 915 606 992 historiis,
631 917 707 994 quod
728 920 824 997 ipsum
844 935 918 995 opus
939 919 967 976 in
989 928 1072 996 parte
1145 937 1148 954 ·

70 1001 200 1060 oratoria
214 1003 316 1061 merito
332 1003 480 1078 ponimus,
503 1011 709 1078 consequetur.
744 1003 776 1062 Si
793 1012 887 1061 tamen
901 1019 956 1060 una
971 1021 1009 1060 ex
1023 1005 1071 1061 tri·

69 1084 126 1145 bus
141 1085 249 1144 artibus
261 1084 393 1146 habenda
406 1086 457 1144 sit:
475 1087 541 1163 quia
554 1087 693 1148 maximos
708 1087 769 1145 eius
780 1104 849 1145 usus
863 1095 929 1146 actu
942 1088 1071 1145 contine·

71 1178 119 1229 tur
142 1177 229 1247 atque
253 1178 299 1227 est
323 1171 352 1228 in
378 1186 414 1228 eo
441 1169 689 1246 frequentissima,
723 1169 834 1230 dicatur
863 1172 985 1231 activa
1010 1171 1071 1230 vel

69 1254 388 1330 administrativa,
407 1271 471 1312 nam
489 1262 518 1312 et
532 1253 589 1313 hoo
605 1255 734 1315 eiusdem
751 1256 795 1313 rei
808 1271 912 1315 nomen
928 1264 984 1313 est.

206 1401 341 1455 NATURA
360 1403 405 1454 AN
421 1402 588 1454 DOCTRINA
606 1402 687 1454 PLUS
706 1405 740 1455 El
757 1404 939 1455 CONFERAT.

156 1499 235 1561 XIX.
265 1501 351 1576 Scio,
368 1502 467 1578 quaeri
484 1502 579 1577 etiam,
594 1510 732 1561 naturane
747 1502 812 1580 plus
827 1502 863 1562 ad
879 1502 1071 1580 eloquentiam

72 1587 207 1649 conferat
231 1604 267 1645 an
288 1585 427 1646 doctrina.
470 1584 555 1659 Quod
576 1585 612 1645 ad
637 1588 816 1664 propositum
843 1587 956 1663 quidem
979 1589 1072 1646 nostri

72 1674 173 1751 operis
199 1665 270 1730 nihil
295 1670 435 1748 pertinet;
457 1687 553 1746 neque
575 1671 649 1728 enim
670 1679 879 1728 consummatus
899 1679 998 1730 orator
1017 1673 1072 1729 nisi

71 1776 111 1816 ex
133 1764 255 1832 utroque
277 1754 339 1813 ficri
363 1761 477 1831 potest,
505 1753 657 1831 plurimum
682 1763 775 1812 tamen
797 1753 909 1812 referre
935 1754 1069 1827 arbitror,

72 1858 158 1920 quam
175 1856 242 1898 esse
262 1840 290 1897 in
309 1837 449 1898 hocloco
472 1839 671 1916 quaestionem
692 1837 823 1896 velimus.
859 1835 931 1896 Nam
951 1839 975 1895 si
996 1839 1094 1915 partia

63 1923 202 1985 'utrilibet
218 1924 332 1982 omnino
347 1920 467 1983 alteram
482 1919 628 1996 detrahas,
647 1929 747 1981 natura
762 1922 846 1980 etiam
861 1922 923 1980 sine
941 1920 1071 1980 doctrina

70 2009 190 2069 multum
206 2007 331 2082 valebit,
355 2006 485 2066 doctrina
500 2005 580 2065 nulla
597 2023 664 2063 esse
678 2008 739 2064 sine
756 2014 856 2064 natura
873 2007 990 2083 poterit.
1021 2007 1071 2064 Sin

71 2112 111 2152 ex
128 2094 190 2170 pari
204 2100 323 2151 coeant:
342 2092 371 2149 in
386 2088 580 2150 mediocribus
597 2089 712 2168 quidem
727 2092 858 2166 utrisque
873 2091 962 2148 maius
977 2087 1071 2148 adhuc

72 2177 190 2236 credam
209 2185 327 2235 naturae
353 2192 420 2234 esse
440 2182 629 2249 momentum,
659 2183 869 2233 consummatos
890 2181 983 2233 autem
1005 2173 1071 2251 'slus

71 2261 224 2320 doctrinae
239 2259 349 2320 debere
364 2276 447 2336 quam
463 2267 596 2333 naturae,
619 2258 741 2336 putabo;
764 2259 838 2317 sicut
854 2267 950 2318 terrae
965 2257 1071 2317 nullam

70 2340 251 2405 fertilitatem
267 2342 382 2403 habenti
399 2341 469 2401 nihil
485 2344 608 2420 optimus
625 2342 756 2418 agricola
776 2342 936 2420 profuerit,
961 2350 1070 2402 eterra

71 2429 156 2489 uberi
176 2427 247 2487 utile
268 2426 374 2505 aliquid
396 2428 480 2485 etiam
502 2425 581 2485 nullo
603 2425 720 2485 colente
740 2435 892 2502 nascetur,
915 2435 944 2486 at
959 2428 987 2484 in
1004 2424 1070 2484 solo

72 2511 199 2573 iecundo
215 2511 279 2589 plus
292 2510 386 2571 cultor
398 2528 481 2588 quam
496 2512 559 2588 ipsa
573 2527 628 2588 per
639 2528 672 2569 se
687 2510 801 2569 bonitas
816 2511 871 2570 soli
885 2511 1002 2570 efficiet.
1021 2508 1096 2582 Et,3

73 2600 96 2657 si
113 2595 274 2656 Praxiteles
294 2597 406 2672 signum
421 2593 537 2672 aliquod
559 2613 596 2653 ex
615 2595 716 2654 molari
737 2595 833 2673 lapide
850 2604 970 2655 conatus
992 2602 1071 2652 esset

75 2679 253 2756 exculpere,
276 2677 388 2739 Parium
406 2695 529 2737 marmor
553 2678 668 2738 mallem
693 2679 780 2746 rude;
804 2687 833 2737 at
858 2681 882 2736 si
903 2678 973 2738 illud
996 2676 1071 2736 idem

76 2763 182 2823 artilex
196 2762 374 2840 expulisset,
391 2761 457 2840 plus
471 2764 499 2820 in
513 2761 643 2821 manibus
658 2762 761 2821 fuisset
777 2779 861 2839 quam
872 2764 900 2821 in
917 2777 1069 2821 marmore.

74 2846 207 2925 Denique
228 2856 328 2906 natura
348 2848 467 2906 materia
488 2845 637 2906 doctrinae
661 2854 719 2914 est;
741 2846 815 2906 haec
836 2847 933 2922 iungit,
955 2844 1004 2904 illa
1020 2844 1070 2903 iin-

72 2934 160 3009 gitur.
197 2929 275 2991 Nihil
296 2947 342 2989 ars
358 2933 420 2989 sine
436 2931 572 3005 materia,
594 2932 733 2991 materiae
750 2933 835 2989 etiam
849 2932 912 2988 sine
926 2938 988 2988 arte
1003 2946 1069 3007 pre-

72 3016 143 3074 tium
161 3023 222 3092 est,
245 3031 291 3075 ars
309 3031 416 3073 summa
430 3015 550 3073 materia
566 3016 672 3092 optima
686 3014 799 3073 melior.

372 3159 419 3210 AN
437 3159 556 3211 VIRTUS
574 3159 768 3210 Runxotucu.

159 3256 224 3320 XX.
260 3258 313 3319 Illa
329 3260 461 3336 quaestio
483 3265 529 3317 est
547 3260 654 3317 maior:
677 3274 715 3315 ex
733 3255 834 3315 mediis
852 3255 976 3328 artibus,
997 3271 1071 3332 quae

72 3362 170 3422 neque
192 3342 301 3403 laudari
322 3360 376 3421 per
398 3360 432 3401 sc
453 3360 509 3402 nec
529 3342 687 3419 vituperari
705 3347 827 3418 possunt
846 3340 898 3398 sed
922 3338 1008 3396 utiles
1024 3345 1072 3394 aut

72 3446 161 3490 secus
176 3426 333 3488 secundum
348 3442 445 3487 mores
462 3428 600 3486 utentium
618 3425 698 3500 liunt,
715 3423 853 3501 habenda
861 3425 909 3563 ⁸7¹2<
912 3421 1071 3524 rhetorice,
