2434 3925
322 232 757 301 memonnronnrmnqn.
983 224 1042 286 139

32 391 182 453 condicio
197 398 261 464 est,
278 390 402 466 ideoque
417 392 445 449 in
457 388 501 449 bis
514 391 654 468 quaedam
666 393 750 451 etiam
762 409 935 451 communes.
956 391 1038 452 Veri·
1047 402 1082 456 85

30 487 89 536 tas
102 491 176 534 vero
190 476 255 551 quia
268 476 372 551 patitur
384 492 477 551 aeque
492 472 610 532 brevem
625 493 692 533 esse
707 475 755 534 vel
771 475 886 552 longam
897 476 1039 551 vocalem,

32 576 113 619 curn
128 567 175 617 est
187 558 266 631 sola,
284 575 369 634 quam
383 575 519 617 comeam
534 558 726 618 consonantes
743 577 797 618 nna
811 559 946 637 pluresve
958 578 1040 638 prae·
1076 586 1077 589 ¹

33 643 169 703 cedunt:
190 650 270 701 certe
284 643 313 699 in
328 640 505 700 dimensione
522 642 626 718 pedum
641 643 767 718 syllaba,
785 652 916 722 quaeest
933 643 1041 720 breuis,

31 731 218 804 insequente
239 724 288 783 vel
306 724 388 784 brevi
414 723 486 799 alia,
512 742 586 801 quae
606 718 701 786 tamen
718 727 789 786 duas
810 730 914 805 primas
938 744 1040 786 conso·

32 819 149 870 nantes
163 809 284 882 habeat,
307 808 338 867 dt
353 808 457 884 longa:
480 817 509 866 ut

199 889 357 971 Aprestem
372 894 455 953 tenui
476 911 592 953 rarorum
607 894 765 954 meditaris
785 912 893 955 coeno.
1049 905 1084 959 86

34 976 72 1039 Α
94 977 210 1052 brevis,
230 995 303 1054 pres
323 975 439 1051 brevis,
463 975 550 1036 faciet
565 984 660 1035 tamen
677 976 792 1053 longam
805 979 942 1054 priorem.
986 977 1042 1037 Dat

35 1063 136 1140 igitur
155 1061 196 1121 illi
220 1059 326 1137 aliquid
350 1075 389 1118 ex
412 1077 465 1119 suo
485 1069 627 1137 ternpore.
673 1060 737 1133 Quo
760 1062 862 1136 modo,
882 1062 936 1121 nisi
956 1060 1042 1121 habet

36 1147 114 1226 plus
135 1162 218 1223 quam
238 1161 312 1221 quae
327 1143 514 1219 brevissima,
537 1144 630 1222 qualis
646 1144 709 1221 ipsa
725 1152 804 1203 esset
823 1144 959 1205 detractis
974 1162 1041 1205 con·

39 1224 237 1290 sonantibus?
276 1226 359 1287 Nunc
372 1246 457 1287 nnnm
471 1236 584 1306 tempus
599 1227 797 1288 accommodat
812 1230 901 1306 priori
917 1238 945 1287 et
959 1247 1043 1289 unum

39 1314 155 1391 accipit
176 1330 192 1371 a
214 1321 369 1390 sequente;
397 1312 436 1372 ita
458 1311 530 1371 dnae
551 1321 652 1371 natura
678 1311 784 1372 breves
810 1314 954 1390 positione
978 1320 1043 1371 sunt

39 1408 209 1475 temporum
223 1404 365 1473 quattuor.

18 1476 20 1479 ’
131 1479 221 1539 Miror
232 1487 326 1537 autem
340 1480 369 1537 in
384 1478 439 1538 hac
450 1478 585 1557 opinione
602 1477 785 1538 doctissimos
797 1479 926 1539 homines
941 1478 1083 1555 luissent

41 1573 79 1624 nt
98 1563 174 1624 alios
192 1563 284 1640 pedes
299 1563 339 1622 ita
353 1562 495 1639 eligerent
512 1561 644 1640 aliosque
666 1564 845 1637 damnarent,
870 1565 950 1640 quasi
966 1564 1041 1623 ullus

44 1656 145 1721 esset,
167 1664 253 1725 quem
272 1662 330 1704 non
344 1647 381 1704 sit
395 1664 520 1709 necesse
541 1647 570 1705 in
588 1647 718 1706 oratione
736 1646 921 1724 deprehendi.
962 1646 1044 1708 hicet

42 1733 136 1810 igitur
153 1746 266 1809 paeona
284 1739 421 1807 sequatur
441 1729 592 1808 Ephorus,
613 1730 757 1788 inventum
778 1748 794 1788 a
816 1729 1041 1807 Thrasymacho,

43 1814 199 1896 probatum
219 1812 254 1874 ab
271 1811 445 1888 Aristotele,
469 1812 686 1890 dactylumque,
710 1820 740 1872 ut
753 1821 929 1890 temperatos
948 1812 1042 1872 brevi·

43 1902 102 1960 bus
127 1917 163 1959 ac
183 1898 295 1976 longis3
317 1897 408 1975 fugiat
424 1896 581 1956 molossum
603 1904 632 1956 et
647 1895 829 1971 trochaeum,
853 1896 971 1956 alterius
987 1905 1085 1961 tar-88

44 1986 135 2045 ditate
158 1983 277 2044 alterius
299 1981 449 2041 celeritate
465 1981 609 2049 damnata;
632 1981 754 2056 herous,
775 1982 823 2059 qui
839 1990 883 2039 est
898 1981 973 2040 idem
993 1980 1042 2040 da·

45 2068 157 2143 ctylus,
179 2066 330 2126 Aristoteli
350 2065 487 2144 amplior,
510 2064 620 2125 iambus
644 2064 792 2124 humanior
810 2063 956 2131 videaturs
982 2073 1041 2123 tro-

45 2150 169 2213 chaeum
190 2160 221 2211 nt
245 2151 326 2209 nimis
350 2158 524 2209 currentem
538 2148 652 2208 damnet
674 2148 759 2226 eique
781 2148 913 2207 cordacis
939 2165 1042 2207 nornen

45 2237 188 2312 imponat;
212 2234 371 2311 eademque
389 2233 483 2293 dicant
501 2232 684 2293 Theodectes
707 2250 743 2291 ao
764 2230 980 2309 Theophrastus
1003 2234 1027 2291 si

45 2319 126 2378 milia
140 2327 208 2396 post
223 2334 276 2378 cos
287 2317 525 2377 Halicarnasseus
540 2315 713 2391 Dionysius:
735 2317 892 2393 irrumpent
908 2316 992 2376 etiam
1008 2315 1084 2379 adse

45 2403 169 2477 inritos,
187 2420 243 2461 nec
258 2418 374 2479 semper
387 2400 445 2459 illis
459 2398 551 2459 heroo
567 2407 615 2459 aut
631 2416 744 2477 paeone
763 2416 834 2474 suo,
856 2417 956 2477 quem,
977 2400 1042 2477 quia
1130 2421 1133 2428 ·

46 2503 163 2546 versum
179 2501 245 2546 raro
260 2484 344 2558 lacit,
360 2485 481 2544 maxime
497 2482 633 2558 laudant,
649 2485 689 2543 uti
701 2482 809 2545 licebit.
832 2482 869 2542 Ut
881 2484 936 2543 sint
948 2493 1043 2543 tamen

47 2569 112 2630 eliis
133 2569 180 2628 alii
203 2567 384 2643 crebriores,
409 2585 468 2627 non
488 2567 579 2628 verba
599 2567 721 2643 facient,
743 2585 817 2646 quae
833 2584 926 2645 neque
942 2569 1043 2644 angeri

47 2670 105 2712 nec
119 2654 203 2712 minui
217 2669 273 2712 nec
287 2652 371 2711 sicuti
386 2650 582 2711 modulatione
597 2651 718 2731 produci
734 2651 781 2711 aiut
796 2651 904 2729 corripi
919 2652 1041 2730 possint,

48 2735 102 2797 sed
115 2737 309 2812 transmutatio
326 2745 355 2794 et
370 2735 537 2795 collocatio.

129 2820 266 2899 Plerique
285 2821 410 2879 eulmen
426 2819 620 2878 commissuris
638 2835 737 2878 eorum
751 2817 799 2877 vel
814 2817 954 2877 divisione
974 2815 1086 2878 liunt90
1139 2890 1141 2894 y

49 2906 154 2985 pedes;
176 2920 233 2982 qno
255 2902 301 2978 lit,
326 2911 366 2962 nt⁴
378 2902 479 2962 iisdem
494 2901 592 2961 verbis
613 2902 661 2962 alii
677 2912 763 2980 atque
784 2899 831 2960 alii
847 2917 948 2959 versus
964 2898 1042 2974 fiant,
1077 2949 1082 2958 .

49 2990 201 3066 ntmemini
215 2986 355 3065 quendam
369 3004 427 3046 non
441 2985 596 3062 ignobilem
612 2995 727 3063 poetam
741 2986 780 3044 ita
794 2983 916 3043 lusisse:

129 3071 224 3133 Astra
237 3078 317 3132 tenet
332 3070 464 3145 coelum,
480 3088 567 3131 more
581 3070 714 3145 cloccae,
736 3085 813 3128 oreo
826 3084 959 3128 messem.

48 3155 101 3216 llic
109 3165 266 3216 retrorsum
278 3155 309 3213 lit
322 3154 474 3221 sotadeus;
490 3155 616 3230 itemque
629 3171 645 3211 e
658 3151 779 3211 sotadeo
790 3159 869 3210 retro
881 3150 1042 3211 trimetros:

227 3236 328 3316 Cdpot
345 3240 466 3299 cambit
480 3237 698 3313 mobilepinue
715 3237 855 3311 repetitu.

49 3321 186 3382 bliscendi
206 3338 278 3399 ergo
303 3329 382 3396 sunt,
406 3321 633 3398 curandumque,
656 3327 686 3377 ut
707 3319 762 3377 sint
778 3318 895 3397 plures,
918 3319 966 3397 qni
981 3317 1081 3397 pla-91

51 3415 129 3482 cent,
153 3415 183 3466 et
202 3404 366 3466 circumfusi
392 3404 476 3464 bonis
496 3402 658 3463 deteriores
678 3401 794 3462 lateant.
834 3401 898 3461 Nec
918 3418 990 3461 vero
1014 3402 1042 3459 in
1148 3411 1157 3416 ·

50 3489 150 3551 litteris
176 3489 355 3566 syllabisque
373 3495 482 3548 natura
507 3495 643 3562 mutatur,
669 3486 722 3546 sed
746 3486 854 3564 refert,
884 3502 1042 3563 quaecum
