2434 3925
352 264 604 314 marcennae.
618 262 799 331 marmor.
1004 232 1073 317 ”101

75 418 215 502 operibus
230 419 309 481 volo.
348 418 420 480 Nam
441 419 508 498 quid
524 429 622 479 orator
641 421 669 479 in
687 420 828 482 laudando
848 422 937 484 faciet
950 425 1004 483 nisi
1022 424 1074 485 ho·

72 515 223 567 nestorum
243 513 272 564 et
292 506 416 583 turpium
435 501 570 582 peritus?
591 513 639 564 aut
658 506 686 563 iu
707 505 854 566 suadendo
875 508 929 567 uici
952 509 1075 569 utilitate

72 585 253 671 perspecta?
281 597 329 647 aut
348 590 376 648 in
396 589 527 663 iudiciis,
551 590 576 647 si
596 590 721 648 iustitiae
743 590 780 648 sit
800 588 938 666 ignarus?
976 590 1074 666 Quill

70 693 131 735 uon
147 672 342 733 fortitudinem
361 673 490 751 postulat
505 690 554 731 res
576 673 694 749 eadem,
718 692 781 732 cum
795 692 885 754 saepe
901 685 1000 736 contra
1016 687 1074 736 tur·

70 758 208 819 buleutas
224 755 324 835 populi
344 759 449 834 minas,
473 775 563 836 saepe
586 775 650 817 cum
667 757 833 835 periculosa
855 763 1012 837 potentium
1031 762 1073 821 of·

69 843 174 918 tensa,
196 858 412 917 nonnunquam,
434 851 465 901 ut
483 841 588 901 iudicio
608 840 782 917 Miloniano,
805 843 880 903 inter
902 845 1074 906 circumfusa

69 928 193 987 militum
208 942 285 985 arma
301 925 451 985 dicendum
466 927 518 993 sit;
536 935 582 1000 ut,
598 927 623 984 si
638 928 728 985 virtus
743 943 800 985 uon
815 937 874 1004 est,
890 947 926 988 ue
941 929 1073 1006 perlecta

70 1010 190 1091 quidem
205 1027 273 1070 esse
288 1012 381 1087 possit
396 1012 499 1069 oratio.
539 1008 650 1083 Quodsi
671 1028 706 1068 ea
727 1012 754 1070 iu
774 1029 891 1089 quoque
911 1013 1099 1075 animaliuml)

48 1153 50 1156 ,
69 1105 118 1157 est
133 1097 241 1170 virtus,
265 1111 321 1171 qua
335 1101 464 1172 praestat
482 1103 580 1153 cetera
595 1094 643 1152 vel
658 1094 816 1173 pleraque,
833 1105 863 1155 ut
876 1098 905 1156 in
921 1097 1008 1157 leone
1023 1100 1073 1157 im·
1160 1092 1164 1099 ’

69 1189 176 1259 petus,
198 1180 227 1237 in
241 1194 318 1256 equo
337 1178 495 1245 velocitao;
514 1177 657 1236 homiuem
672 1195 761 1256 porro
775 1182 889 1240 ratione
906 1190 992 1258 atque
1009 1199 1073 1241 ora-

68 1266 153 1325 tione
169 1262 320 1322 excellere
336 1264 442 1322 ceteris
455 1271 565 1323 certum
580 1271 640 1321 est:
658 1280 709 1321 cur
723 1281 780 1323 non
794 1273 851 1324 tam
866 1265 1073 1343 ineloquentia

71 1365 160 1427 quam
181 1349 209 1406 iu
223 1349 335 1406 ratione
350 1349 485 1406 virtutem
500 1348 561 1405 eius
572 1365 651 1406 =esoe
669 1347 834 1417 credamus;
857 1359 997 1428 recteque
1017 1350 1074 1410 hoc

69 1432 150 1510 apud
169 1429 340 1491 Ciceronem
362 1430 466 1490 dixerit
485 1428 625 1490 Crassus:
647 1429 703 1493 Eat
721 1435 800 1493 enim
818 1435 989 1513 eloquentia
1009 1454 1073 1495 uno

70 1516 227 1595 quaedam
240 1516 280 1577 de
291 1516 416 1577 sommia
427 1516 606 1591 virtutibus,
628 1517 737 1593 etipse
756 1515 861 1577 Cicero
877 1537 929 1578 sua
945 1536 1070 1597 persona
1080 1530 1115 1582 10

71 1618 138 1661 cum
153 1599 189 1659 ad
200 1598 317 1660 Brutum
330 1601 359 1659 in
371 1599 503 1678 epistolio
518 1608 576 1658 tum
591 1598 655 1659 aliis
672 1602 757 1661 etiam
772 1601 846 1661 locis
860 1604 993 1662 virtutem
1010 1621 1072 1663 cam
1104 1611 1110 1626 ⁴

69 1680 226 1763 appellet‘l
270 1682 309 1744 At
331 1684 511 1770 prooemium
536 1682 690 1762 aliquando
717 1702 752 1744 ac
777 1688 969 1746 narrationem
995 1687 1072 1746 dicet

68 1769 163 1829 malus
178 1767 264 1828 homo
280 1777 309 1828 et
322 1776 500 1845 argumenta,
517 1768 560 1826 sic
575 1776 605 1826 ut
619 1767 689 1827 nihil
703 1770 740 1827 sn
756 1770 784 1826 in
798 1768 843 1828 his
858 1770 1070 1848 requirendum

69 1851 144 1915 Nam
164 1861 193 1912 et
213 1852 287 1912 latro
310 1852 449 1930 pugnabit
470 1853 592 1926 acriter,
616 1853 707 1910 virtus
729 1861 822 1912 tamen
843 1856 896 1913 erit
917 1854 1070 1922 fortitudo;

68 1945 102 1999 et
115 1945 258 2005 tormenta
274 1938 336 1998 sinc
351 1937 459 2015 gemitu
474 1935 551 1995 feret
566 1935 658 1996 malus
673 1954 792 2013 servus,
808 1937 961 1998 tolerantia
977 1948 1072 1998 tamen

68 2022 183 2084 tloloris
199 2020 283 2081 laude
299 2039 350 2082 sua
367 2038 425 2080 non
438 2018 559 2080 carebit.
595 2019 684 2079 lllulta
704 2020 773 2079 liunt
788 2022 889 2082 eadem
907 2023 958 2082 sed
975 2023 1069 2082 aliter.

68 2105 221 2167 Sufficiant
235 2107 323 2183 igitur
338 2106 430 2180 haec,
454 2106 520 2183 quia
536 2103 573 2164 dc
588 2104 712 2164 utilitate
731 2123 818 2184 supra
834 2108 1027 2167 tractavimus.

389 2257 476 2317 nunu
494 2257 646 2308 nuruum
663 2258 751 2310 uuus.
795 2232 802 2241 '

155 2353 233 2416 xxl.
260 2353 409 2415 Materiam
422 2355 587 2417 rhetorices
600 2357 714 2434 quidam
730 2359 862 2418 dixerunt
876 2375 944 2418 esse
959 2362 1071 2421 oratio·

65 2459 156 2514 nem,
173 2441 270 2517 quain
285 2442 426 2500 sententia
440 2444 556 2519 ponitur
571 2441 647 2519 apud
659 2442 809 2502 Platonem
827 2441 961 2519 Gorgias.
990 2443 1071 2518 Quae

68 2529 93 2587 ei
110 2528 150 2585 ita
168 2526 327 2603 accipitur,
350 2533 381 2584 ut
397 2542 493 2585 sermo
510 2543 680 2604 quacunque
696 2526 733 2586 dc
748 2545 781 2585 re
799 2530 978 2604 compositus
995 2528 1071 2587 dica·

68 2618 117 2670 tur
142 2610 252 2684 oratio,
275 2625 333 2667 non
352 2612 471 2669 materia
499 2611 551 2670 sed
573 2627 648 2688 opus
674 2619 734 2686 est,
757 2620 787 2669 ut
808 2614 935 2670 statuarii
960 2621 1069 2678 statua:

69 2701 178 2754 namet
192 2694 285 2753 oratio
301 2692 425 2753 eflicitur
440 2704 501 2754 arte
517 2697 592 2754 sicut
606 2703 709 2753 statua.
739 2696 789 2754 Sin
804 2695 858 2754 hac
873 2695 1070 2773 appellatione

70 2777 161 2838 rerba
181 2778 244 2855 ipsa
264 2776 420 2854 significari
441 2788 588 2856 putamus,
614 2778 683 2837 nihil
705 2777 778 2838 haec
803 2780 865 2837 sine
886 2798 982 2838 rerum
1003 2779 1070 2838 sub·

69 2864 175 2922 stantia
194 2861 310 2920 iaciunt.
347 2859 466 2934 Quidam
488 2872 670 2941 arpumento
688 2863 928 2941 percuncihilio;
949 2880 1023 2942 quae
1043 2873 1095 2933 eta

68 2948 135 3025 ipsa
149 2947 178 3005 in
193 2954 276 3024 parte
292 2954 357 3004 sunt
372 2947 470 3024 operis
486 2956 515 3006 et
531 2956 592 3006 arte
611 2946 680 3005 liunt
696 2956 725 3005 et
739 2949 857 3006 materia
873 2956 970 3023 egent.
1001 2946 1069 3021 Qui-

68 3030 134 3092 tlam
156 3031 260 3091 civiles
280 3037 488 3108 quaestionem·
515 3047 636 3108 qnorum
662 3033 759 3108 opinio
781 3037 838 3089 non
858 3032 996 3109 qualitate
1017 3032 1069 3092 sed

67 3115 156 3176 modo
173 3115 289 3189 erravit,
307 3122 352 3174 cst
367 3115 441 3173 euim
455 3114 530 3174 haec
544 3117 662 3174 materia
676 3114 838 3174 rhetorices
853 3115 905 3174 sed
921 3134 978 3175 non
994 3116 1068 3176 sola.

69 3197 203 3274 Quidam,
220 3199 286 3275 quia
302 3200 391 3258 virtue
407 3199 444 3257 sit
458 3200 616 3274 rhetorice,
630 3200 777 3269 materiam
793 3201 855 3258 cius
872 3208 963 3261 totam
977 3202 1094 3270 vitame,

68 3291 186 3343 vocant.
223 3280 299 3357 Alii,
325 3283 391 3360 quia
418 3299 475 3342 non
504 3285 629 3342 omniurn
647 3284 782 3341 virtutum
809 3286 928 3344 materia
950 3287 987 3344 sit
1009 3294 1069 3343 tota

67 3367 127 3427 vita
143 3366 196 3426 sed
211 3365 369 3445 pleraeque
385 3375 649 3428 carum'versentur
665 3367 692 3424 in
707 3365 847 3444 partibus,
863 3370 937 3427 sicut
951 3370 1068 3442 iustitia,

68 3449 226 3524 fortitudo,
249 3451 422 3510 continentia
445 3453 571 3529 propriis
592 3450 697 3509 olhciis
713 3459 742 3509 et
760 3468 812 3510 suo
835 3451 890 3510 line
905 3452 1068 3527 intelligun-

68 3542 132 3595 tur:
163 3533 328 3595 rhetoricen
352 3551 469 3612 quoque
490 3534 586 3594 dicunt
606 3536 635 3592 in
654 3552 709 3594 nna
734 3535 829 3614 aliqua
852 3545 935 3614 parte
959 3551 1068 3613 ponen-
