2434 3925
175 179 236 241 258
504 187 867 248 nuseoomrnuum

174 364 256 423 num,
278 346 344 427 qnia
360 344 403 405 liti
417 343 481 425 ipse
496 362 555 405 non
571 343 694 420 sufficit,
710 351 758 404 sut
773 341 878 421 aliquis
894 360 932 402 ex
947 359 985 402 eo
1002 342 1177 420 generent·

174 440 354 505 vocatorum,
372 430 420 507 qni
433 447 465 488 se
476 447 534 490 non
546 446 638 508 posse
650 444 741 505 egere
753 427 937 496 confitentum
954 426 1076 487 deinde
1088 427 1177 489 faciut

173 515 203 576 id
218 515 296 594 qood
312 516 401 573 estin
418 514 532 590 agendo
550 513 758 573 difficillimum.
787 510 861 571 Nem
876 512 924 591 qui
938 511 1106 588 iudicare,
1128 511 1177 589 quii

175 599 337 675 dicendum,
354 597 423 677 qnid
437 598 687 672 dissimulandum,
706 596 775 675 qnid
790 593 991 656 declinandum
1005 598 1177 663 mutandum

175 684 339 760 tingendum
355 683 440 742 etiam
451 683 498 758 sit,
515 691 623 762 potest,
641 699 693 741 cur
704 697 762 740 non
773 680 810 739 sit
825 689 940 740 cretur:
956 680 1101 758 quando,
1118 679 1177 761 quoi

147 768 320 835 odiibcilius
338 775 400 841 est,
428 775 575 826 oratorem
595 762 688 827 iacit?
718 764 754 825 iii
777 782 867 843 porro
887 780 945 823 non
965 774 1088 824 tantum
1106 782 1177 825 noce

174 860 255 928 rent,
277 854 302 910 si
315 852 409 910 omnia
422 851 602 926 scriberent,
619 851 661 909 uti
677 858 761 926 gesta
778 858 852 908 sunt.
883 847 966 909 Nunc
983 851 1177 910 consiliumet

176 936 294 996 colores
312 936 448 995 adiiciant
466 944 495 995 et
511 935 609 1013 aliqua
631 935 734 1012 peiora
747 935 847 1008 reris,
870 932 945 1012 quae
961 933 1114 1013 plerique
1130 951 1177 993 eun

175 1028 371 1100 acceperunt,
391 1028 501 1079 mutare
516 1019 599 1079 nefas
616 1017 725 1078 babent
743 1027 772 1078 et
787 1018 868 1077 velut
883 1017 1009 1078 themata
1027 1021 1064 1077 in
1081 1017 1177 1079 scholis

175 1107 270 1185 posita
287 1103 459 1164 custodiunt.
492 1102 605 1163 Deinde
622 1101 878 1182 deprehenduntnr
891 1111 921 1162 ct
937 1114 1083 1179 causam,
1109 1119 1177 1182 quan

174 1190 291 1250 discere
307 1206 345 1247 ex
357 1189 417 1247 suis
427 1187 620 1266 litigatoribus
631 1188 797 1261 noluerunt,
814 1205 852 1246 ex
867 1187 1050 1247 adversariis
1065 1189 1176 1248 discunt.

147 1273 307 1339 ‘tbiberum
321 1273 409 1349 igitur
422 1271 522 1332 demus
538 1280 604 1331 ante
622 1273 717 1332 omnia
731 1272 783 1345 iis,
805 1288 926 1348 quorum
945 1273 1108 1347 negotium
1125 1273 1176 1331 erit

175 1366 288 1436 tempus
304 1374 339 1417 ac
356 1357 468 1431 locutu,
490 1355 734 1435 exhortemurque
752 1355 845 1430 uitro,
862 1364 892 1414 ut
909 1357 1004 1414 omnia
1024 1355 1176 1432 quamlibet

175 1440 302 1500 verbose
319 1450 348 1499 et
363 1440 438 1500 unde
452 1440 553 1500 volent
567 1442 693 1517 repetita
711 1459 750 1499 ex
770 1449 902 1516 tempore
925 1450 1092 1517 exponant.
1124 1438 1175 1498 Nor

133 1539 140 1556 ·
176 1527 250 1585 enim
271 1533 328 1584 tam
351 1522 436 1584 obest
459 1525 557 1585 andire
577 1542 759 1603 supervacua
777 1541 860 1601 quam
881 1525 1018 1600 ignorare
1045 1539 1174 1584 necessa·

147 1612 229 1674 8ria.
258 1606 440 1686 Frequenter
461 1617 554 1668 autern
578 1618 607 1668 et
628 1610 731 1668 vulnus
750 1618 779 1668 et
800 1608 957 1668 remedium
973 1609 1064 1668 iniis
1089 1616 1173 1668 orator

175 1694 321 1767 inveniet,
339 1710 414 1770 quae
434 1694 573 1769 litigatori
593 1694 622 1752 in
643 1703 772 1752 neutram
788 1702 900 1770 partem
920 1691 1033 1751 babere
1057 1708 1171 1752 momer-

175 1787 234 1837 turn
250 1776 431 1837 ridebantur.
461 1777 524 1837 Nec
547 1785 626 1837 tanta
647 1779 684 1837 sit
705 1787 806 1838 acturo
825 1777 982 1836 memoriae
1003 1775 1132 1852 fiducie,
1150 1781 1170 1831 ut

176 1861 362 1922 subscribere
379 1862 475 1923 audita
491 1863 600 1940 pigent.

260 1945 324 2006 Neo
338 1947 430 2007 semel
446 1946 562 2008 audisse
577 1948 614 2006 sit
629 1945 716 2015 satis;
739 1945 889 2025 cogendus
905 1945 1007 2007 eadem
1026 1948 1133 2008 iterum
1144 1959 1166 2002 st

177 2032 294 2110 saepius
309 2032 409 2092 dicere
422 2032 562 2108 litigator,
578 2047 637 2091 non
648 2031 742 2090 solum
753 2034 820 2111 quia
832 2032 963 2108 effugere
976 2032 1081 2110 aliqua
1095 2030 1166 2110 prin

177 2118 360 2195 expositione
387 2125 560 2193 potuerunt,
593 2118 766 2195 praesertim
791 2115 934 2175 bominem
962 2117 1068 2194 (quod
1093 2128 1164 2191 saepe

177 2201 288 2278 evenit)
311 2202 488 2279 imperitum,
511 2200 565 2261 sed
587 2202 672 2259 etiem
694 2209 724 2259 nt
747 2202 887 2276 sciamus,
912 2219 947 2260 an
967 2200 1076 2261 eadem
1096 2201 1163 2261 dicat

147 2283 291 2346 9Plurimi
315 2286 390 2344 enim
412 2287 584 2345 mentiuntur
606 2293 652 2359 et,
681 2293 815 2363 tanquam
838 2302 895 2344 non
916 2285 1043 2345 doceant
1067 2297 1164 2345 causan

176 2367 230 2427 sed
245 2377 346 2444 agant,
363 2386 420 2428 non
437 2379 468 2429 nt
484 2388 548 2429 cunr
563 2379 686 2447 patrono
703 2370 756 2428 sed
771 2379 802 2429 ut
818 2388 882 2428 cunr
899 2370 992 2430 iudice
1010 2369 1160 2449 loquuntur.

177 2450 362 2529 Quapropter
376 2472 519 2532 nunquam
534 2454 781 2513 satiseredendnm
793 2463 848 2528 est,
861 2454 914 2513 sed
926 2455 1082 2531 agitandus
1093 2448 1160 2512 onci-

135 2546 168 2598 10
176 2533 229 2593 bus
251 2535 343 2595 modis
366 2547 395 2597 et
416 2538 572 2597 turbandus
591 2547 620 2597 et
638 2538 814 2598 evocandus.
846 2537 919 2598 Nam
936 2547 966 2597 nt
981 2539 1105 2599 medicis
1119 2547 1160 2593 aot

176 2620 345 2698 apparentia
369 2622 455 2681 modo
483 2624 550 2681 vitia
572 2623 697 2683 curanda
725 2631 790 2682 sunt
817 2622 978 2682 sedetiam
1005 2615 1160 2682 invenieris

177 2722 251 2782 quae
268 2704 375 2781 latent,
397 2723 488 2783 saepe
503 2707 574 2784 ipsis
591 2725 643 2781 ea,
664 2709 712 2784 qui
728 2707 845 2766 satiandi
860 2715 942 2782 suut,
960 2703 1157 2767 occulentibus:

175 2791 215 2848 ite
236 2788 392 2849 advocatus
407 2790 506 2869 plura,
529 2808 613 2869 quam
629 2792 834 2865 ostenduntur,
860 2793 993 2869 aspiciat.
1023 2790 1098 2851 Nam
1112 2799 1158 2846 cun

176 2875 246 2932 satis
267 2875 296 2933 in
319 2873 460 2934 audiendo
482 2877 639 2953 patientiae
661 2875 850 2954 impenderit:
874 2879 902 2936 in
923 2876 1007 2934 aliam
1027 2890 1124 2935 rursus
1139 2867 1158 2925 εἰ

176 2974 332 3035 personam
346 2960 549 3024 transeundum
563 2968 625 3034 est,
647 2961 835 3038 agendusque
850 2961 1051 3035 adversarius,
1070 2968 1156 3039 propt·

176 3041 300 3104 nendum
316 3043 453 3122 quidquid
469 3046 582 3103 omuino
605 3046 768 3120 excogitari
786 3054 885 3105 contra
900 3052 1013 3124 potest,
1039 3033 1156 3123 quidquid

177 3126 283 3202 recipit
299 3128 327 3185 in
339 3128 479 3187 eiusmodi
494 3128 707 3206 disceptatione
719 3137 828 3188 natura.
855 3128 1083 3204 Interrogendus
1093 3135 1154 3204 quun

138 3206 363 3270 lliniestissime
379 3230 414 3271 ac
429 3213 612 3290 premendus.
644 3211 716 3271 Nam
731 3212 796 3272 dum
810 3216 903 3273 omnia
920 3214 1100 3290 quaerimus,
1119 3204 1154 3265 ab·

180 3292 293 3371 quando
309 3294 345 3354 ad
359 3313 476 3370 verum,
492 3296 541 3355 ubi
554 3298 668 3355 minime
684 3298 919 3374 expectavimus,
934 3298 1122 3375 pervenimus.

264 3375 296 3437 ln
317 3395 424 3438 summa
445 3381 568 3457 optimus
584 3390 629 3440 est
645 3383 672 3439 in
687 3381 825 3441 discendo
842 3390 980 3460 patronus
999 3375 1151 3440 incredulo

186 3460 320 3524 'remittit
335 3463 409 3522 enim
425 3464 552 3540 litigator
569 3467 674 3543 emnia,
690 3473 796 3526 testem
811 3467 961 3545 poputum,
980 3463 1150 3545 paratissiutt
