2434 3925
347 189 777 265 ntsn.oanuon.n1n.1v,a.
998 186 1056 248 165

61 352 132 417 rens
145 362 200 429 est,
213 352 360 413 confessio
371 351 564 412 verecundior
573 369 656 431 quam
668 354 811 431 expositio
821 375 827 412 :
839 352 1060 432 Nonaepamus

62 442 104 502 de
116 440 226 517 templo
237 437 407 516 pecuniam
415 455 482 497 ease
492 439 655 511 sublatam,
673 439 878 501 calumniatur
888 447 988 498 tomen
1004 458 1059 499 ac·

63 521 569 598 armatoractioaesacrileqii,cam
577 520 1061 599 privatasumitaonsacrantos

63 602 166 668 autem
181 608 222 665 de
236 604 293 665 dcc
308 605 504 680 capnoocetio,
522 621 564 664 aa
576 605 772 680 sacrilapiam
786 605 826 664 sil
839 606 1017 665 admissam.

151 688 210 748 Sed
224 686 322 753 uthas
340 686 492 763 aliquando
508 703 565 744 non
582 687 715 745 na'rrandi
731 704 834 746 causas
852 697 939 765 puto:
962 689 1005 746 sic
1024 687 1085 751 ab9

64 771 125 833 illis
150 771 308 844 dissentio,
332 771 380 847 qui
402 787 459 829 non
485 771 648 849 existimant
672 788 738 829 esse
760 771 970 846 narrationem,
995 789 1059 830 cunr

63 873 135 917 reus
152 854 230 932 quod
251 853 387 912 obiicitur
401 862 507 914 tanturn
529 862 631 931 negat;
654 854 683 910 in
700 871 755 931 qua
776 862 821 913 est
836 855 971 931 opinione
988 850 1059 912 Cor·

62 939 159 999 aelius
175 936 298 1012 Celsus,
323 937 373 1019 qui
389 937 567 996 condicionis
590 936 673 995 buius
690 954 756 996 esse
779 935 931 997 arbitratur
947 936 1059 1014 pleras-

64 1040 124 1101 que
140 1022 237 1081 caedis
255 1037 358 1079 causas
375 1028 403 1078 et
421 1037 520 1079 ornnes
536 1020 658 1079 ambitus
677 1038 711 1079 ac
726 1021 957 1099 repetundarum.
994 1020 1102 1083 Noullt

64 1107 141 1166 enim
161 1112 242 1183 putat
265 1121 332 1162 esse
353 1105 562 1180 narrationem,
580 1104 640 1179 nisi
666 1122 740 1181 quae
764 1122 899 1163 summam
923 1105 1058 1183 criminis,

64 1189 103 1249 de
121 1205 178 1267 quo
194 1187 328 1246 iudicium
343 1195 404 1263 est,
427 1189 571 1262 continet,
588 1186 691 1247 deinde
707 1187 812 1246 latetur
828 1190 908 1266 ipse,
933 1203 986 1266 pro
1003 1187 1059 1247 Ra-

63 1272 140 1333 birio
161 1272 296 1330 Postumo
322 1288 456 1330 narrasse
481 1268 669 1338 Ciceronem
697 1280 783 1348 atque
810 1271 861 1330 ille
889 1280 918 1330 et
942 1273 1075 1348 negavit.

64 1357 236 1435 pervenisse
258 1353 454 1414 ad‘liahirium
471 1356 636 1432 pecuniam,
660 1372 716 1432 qua
736 1355 772 1413 de
794 1374 827 1414 re
848 1364 910 1415 erat
926 1356 1058 1433 quaestio
1082 1401 1085 1406 ι

66 1441 237 1512 constituta,
258 1446 288 1497 et
309 1439 337 1495 in
358 1437 413 1497 hac
434 1439 597 1498 narratione
620 1437 690 1497 nihil
714 1437 749 1514 de
774 1440 891 1498 crimine
913 1441 1057 1518 exposuit.

65 1521 132 1599 Ego
153 1531 247 1580 autem
268 1538 388 1598 magnos
404 1522 513 1600 alioqui
535 1530 652 1581 secutus
674 1530 825 1598 auctores,
849 1523 919 1582 duas
943 1541 1012 1582 esse
1033 1524 1099 1587 inlt

58 1607 180 1665 'iudiciis
194 1606 388 1665 narrationum
404 1607 520 1684 species
538 1606 687 1679 existimo,
711 1604 830 1663 alteram
846 1606 936 1684 ipsius
952 1623 1059 1666 causae

67 1690 188 1749 alteram
207 1706 303 1747 rerum
325 1689 360 1748 ad
377 1706 492 1748 causam
513 1689 724 1769 pertinentium
737 1691 959 1765 expositionem.
992 1688 1059 1749 Non
1068 1700 1101 1752 12

65 1774 167 1836 occidi
186 1771 348 1847 borninem,
366 1772 444 1831 nulla
461 1774 586 1831 narratio
604 1780 664 1839 est;
687 1774 837 1837 convenit;
859 1771 912 1830 sed
933 1767 987 1831 er'it
1008 1772 1059 1831 ali·

67 1856 125 1936 qua
147 1864 177 1914 et
196 1856 308 1914 interim
331 1857 415 1916 etiam
437 1855 524 1931 longa
546 1863 646 1914 contra
669 1864 835 1930 argumenta
852 1857 913 1914 eius
935 1855 1060 1913 criminis

67 1940 104 2001 dc
127 1948 258 1999 anteacta
273 1943 347 2015 vita,
370 1941 406 1999 de
428 1939 539 2014 causis,
561 1946 682 2017 propter
698 1955 769 2016 quas
785 1938 924 1998 innocens
940 1939 968 1997 in
984 1939 1059 2016 peri-

66 2023 164 2084 culum
180 2023 352 2098 deducatur,
369 2024 447 2097 aliis,
465 2022 567 2101 quibus
582 2021 751 2081 incredibile
766 2023 804 2098 id,
821 2024 899 2100 quod
914 2021 1058 2098 obiicitur,

67 2108 127 2167 dat.
156 2105 259 2185 Neque
274 2108 348 2166 enim
363 2115 517 2166 accusator
531 2115 637 2165 tantum
653 2105 709 2165 hoo
727 2106 805 2181 dicit,
821 2107 976 2172 occidisti3
995 2105 1059 2181 sed,
1071 2106 1101 2160 ta

66 2190 172 2269 quibus
192 2189 222 2249 id
242 2190 363 2268 probet,
391 2198 497 2250 narrat.
539 2189 630 2249 Utin
657 2190 831 2265 tragoediis,
861 2208 924 2249 curn
945 2188 1061 2248 Teucer

65 2273 174 2334 Ulixen
195 2291 276 2332 reum
297 2274 366 2342 iacit
383 2275 481 2334 Aiacis
505 2274 595 2333 occisi
616 2274 729 2333 dicens:
758 2272 916 2334 luceolum
940 2292 1008 2334 eam
1027 2276 1060 2333 in

66 2358 229 2419 solitudine
242 2360 329 2419 iacto
342 2360 481 2419 exanime
492 2376 605 2436 corpus
619 2359 735 2417 inimici
750 2358 935 2436 complectio
949 2376 1059 2418 cruen-

69 2450 113 2504 to:
138 2456 197 2499 non
211 2441 240 2500 id
254 2442 339 2500 modo
356 2441 457 2500 Ulixes
472 2441 646 2522 respondet,
668 2458 725 2499 non
741 2459 807 2499 esse
824 2460 840 2501 a
857 2459 889 2499 se
905 2441 933 2501 id
949 2440 1059 2499 lacinus

66 2524 237 2600 admissum,
260 2524 312 2584 led
333 2525 387 2585 sibi
410 2523 503 2584 nullab
525 2543 588 2585 curo
605 2525 697 2583 Aiace
716 2525 875 2583 inimicitias
890 2524 999 2599 luisse,
1022 2524 1059 2582 de

67 2607 153 2668 laude
175 2609 251 2667 iuter
276 2610 356 2687 ipsos
377 2618 532 2677 certatum;
558 2608 662 2668 deinde
683 2608 843 2684 subiungit,
867 2608 1011 2686 quomodo
1030 2608 1060 2665 in

36 2709 42 2720 ·
66 2709 131 2751 eam
146 2691 331 2751 solitudinem
344 2694 466 2766 uenerit,
482 2694 624 2752 iacentem
639 2693 797 2750 exanimem
812 2693 848 2750 sit
864 2692 1058 2770 conspicatus,

6 2845 7 2858 χ
65 2775 193 2851 gladium
215 2776 366 2834 evulnere
388 2777 554 2835 extraxerit.
591 2774 643 2834 His
665 2774 825 2834 subtexitur
840 2775 1058 2850 argumentatio.

6 2883 7 2894 ¹
67 2858 126 2918 Sed
142 2877 179 2918 ne
194 2858 264 2918 illud
280 2859 395 2938 quidem
409 2861 472 2917 sine
487 2860 651 2919 narratione
668 2867 728 2933 est,
747 2859 860 2918 dicente
877 2866 1058 2932 accusatore,
1069 2864 1102 2921 14

65 2940 164 3004 Fuisti
182 2944 215 3003 in
229 2962 264 3004 eo
284 2948 366 3018 icco,
385 2945 417 3003 ia
438 2959 496 3021 quo
515 2953 584 3004 tutte
602 2943 745 3003 inimicos
765 2943 885 3003 occicus
906 2950 965 3002 ecl:
991 2939 1060 3001 Noa

64 3026 134 3105 Μ·
164 3026 314 3086 dicendum
342 3029 435 3102 enim,
462 3026 510 3086 ubi
532 3026 629 3086 luerit.
680 3025 775 3098 Quare
798 3024 918 3083 ambitus
942 3041 1059 3103 quoque

68 3109 174 3169 causae
193 3118 222 3168 et
241 3112 463 3189 repetundarum
479 3109 535 3186 boc
558 3112 643 3170 etiam
666 3109 764 3188 plures
785 3108 946 3167 huiusmodi
962 3126 1058 3168 narra·

66 3193 163 3251 tiones
186 3192 295 3252 habere
317 3202 469 3271 poterunt,
491 3210 548 3273 quo
569 3194 652 3272 plura
673 3194 804 3259 crimina;
828 3192 976 3270 inquibus
996 3194 1059 3270 ipsa

68 3277 184 3354 quidem
199 3277 329 3354 neganda
352 3286 433 3352 sunt,
456 3278 509 3337 sed
526 3277 701 3353 argumentis
717 3278 900 3354 expositione
917 3276 1070 3335 contraria

6 3429 7 3444 ,
67 3361 260 3420 resistendum
273 3370 301 3421 et
316 3362 456 3421 interdum
470 3361 592 3436 singulis
607 3358 747 3419 interdum
761 3360 913 3418 universis.
936 3360 981 3417 An
991 3374 1059 3417 reus
1068 3364 1101 3416 15

6 3449 7 3454 ’
68 3443 191 3504 ambitus
206 3444 282 3505 male
303 3444 445 3522 narrabit,
465 3460 539 3522 quos
554 3450 692 3522 parentes
708 3440 854 3518 babuerit,
876 3442 1058 3522 quemadmo-
