2434 3925
169 242 231 305 262
491 253 851 314 musmouruurumur

170 411 342 489 scripsisse,
360 409 385 468 si
400 408 456 468 alia
472 427 510 469 ex
525 408 657 484 diverso,
674 424 759 487 quam
774 410 882 486 opinati
897 408 1027 485 inerint,
1050 427 1188 468 occurre

128 505 161 561 17
169 498 233 556 rint.
270 493 354 555 luviti
370 495 445 552 euim
464 492 606 553 recedunt
627 510 642 551 a
660 493 841 571 praeparatis
865 502 895 552 et
911 501 972 552 tota
994 496 1140 561 actione
1155 513 1187 552 re

169 580 294 659 spiciunt
317 580 541 656 requiruutque‚
569 594 635 635 uum
655 576 762 655 aliquid
784 594 822 634 en
839 576 897 637 illis
913 578 1086 637 intervelli
1111 588 1185 655 atque

170 683 207 723 ex
224 673 356 741 tempore
368 661 497 722 dicendis
512 663 601 720 inseri
617 661 725 739 possim
742 660 819 738 quod
834 663 859 720 si
873 662 936 720 liat:
959 678 1028 720 uon
1045 663 1183 723 cohaere

169 767 225 808 nec
248 747 444 807 commissuris
464 746 568 820 modo,
593 747 665 804 utin
681 761 773 822 opere
788 745 865 804 male
885 747 1003 821 iuncto,
1038 746 1182 807 hiantibus

104 833 221 897 ·18sed
245 833 309 910 ipsa
330 829 439 889 coloris
462 828 669 908 inaequalitate
691 829 845 905 detegitur.
886 828 928 888 lta
947 848 1007 888 nec
1040 830 1133 891 liber
1151 841 1181 890 est

170 919 293 995 impetus
314 932 370 973 nec
393 932 461 973 cura
485 922 637 989 contexta,
666 921 696 972 et
709 921 861 990 utrumque
877 912 960 974 alteri
982 914 1119 983 obstat:
1148 915 1181 975 illu

171 1003 261 1074 euim,
285 1017 359 1077 quae
379 1000 488 1076 scripta
503 1007 583 1073 sunt,
608 999 734 1057 retinent
753 1000 894 1073 animum,
917 1014 976 1056 nou
1001 1010 1180 1079 sequnntur.

169 1085 270 1164 ltaque
285 1085 313 1143 iu
324 1083 368 1143 ιιι
383 1083 544 1142 actionibus
559 1083 650 1154 omni,
667 1091 698 1140 ut
709 1081 859 1159 agricolae
872 1082 979 1157 dicunt,
995 1087 1097 1161 pede
1108 1095 1181 1146 stm-

130 1171 244 1233 19dum
255 1176 308 1232 cst.
336 1166 408 1226 Nam
420 1186 484 1227 cum
499 1170 527 1227 iu
542 1167 743 1246 propositione
760 1183 795 1225 ac
807 1167 982 1226 refutatione
1000 1185 1107 1230 causa
1126 1187 1182 1230 con

171 1255 271 1313 sistat:
295 1269 369 1329 quae
385 1261 501 1311 nostrae
516 1253 607 1330 partis
622 1260 702 1328 sunt,
722 1252 832 1329 scripta
847 1269 915 1310 esse
929 1262 1085 1330 possunt;
1117 1272 1182 1332 quae

171 1339 258 1398 etiam
277 1353 483 1414 responsurum
503 1336 698 1396 adversarium
724 1344 835 1395 certum
858 1345 919 1411 est,
946 1336 1011 1415 (est
1036 1342 1126 1398 enim
1141 1338 1180 1397 ali·

172 1422 284 1501 quando
299 1421 423 1498 certum)
439 1420 501 1499 pari
518 1437 586 1480 cura
601 1418 785 1479 refelluntur.
814 1419 861 1480 Ad
874 1421 930 1480 alia
944 1438 1035 1480 unum
1050 1432 1180 1500 paratust

171 1506 277 1566 afferre
299 1522 469 1584 possumus,
495 1512 526 1564 nt
546 1522 662 1564 causam
683 1503 758 1563 bene
780 1506 960 1572 noverimus;
989 1505 1130 1566 alterum
1150 1506 1179 1564 ili

130 1601 297 1664 tosumere,
315 1598 346 1649 ut
360 1588 503 1650 dicentem
521 1589 718 1649 adversarium
732 1588 888 1665 diligenter
903 1589 1072 1648 audiamus.
1106 1591 1177 1651 Licet

171 1683 266 1734 tamen
280 1673 487 1752 praecogitare
502 1672 585 1750 plura
600 1680 630 1731 et
644 1674 764 1732 animum
779 1672 815 1732 ad
833 1688 934 1732 omnes
951 1691 1042 1732 casus
1062 1693 1175 1753 compu-

172 1776 260 1833 nere,
281 1757 367 1836 idque
390 1767 437 1817 est
454 1759 541 1817 tutius
555 1757 642 1831 stilo,
667 1773 725 1835 quo
747 1756 862 1817 lucilius
885 1766 914 1817 et
933 1758 1084 1818 omittitur
1103 1763 1174 1836 cogi

172 1843 242 1902 tatio
265 1851 295 1902 et
314 1842 495 1903 transfertur.
534 1841 593 1902 Sed
616 1842 678 1900 sive
699 1841 729 1900 iu
744 1841 950 1919 respondendo
965 1842 1061 1901 luerit
1086 1844 1172 1904 subito

173 1926 342 2003 dicendum,
363 1928 426 1986 sive
444 1944 519 2006 quae
539 1925 595 1986 alia
613 1927 747 2003 exegerit
761 1927 853 2002 ratio,
880 1944 1023 2005 uunquam
1052 1945 1171 2008 oppret-

172 2030 235 2071 sum
251 2030 285 2071 se
299 2030 334 2071 ac
348 2011 560 2091 deprehensum
577 2009 679 2070 credet
693 2020 807 2086 orator,
831 2013 876 2071 cui
895 2010 1049 2089 disciplina
1072 2023 1103 2073 et
1119 2023 1169 2072 stu·

131 2096 247 2162 aldium
269 2105 297 2154 et
318 2097 488 2155 exercitatio
505 2096 619 2156 dederit
634 2097 712 2153 vires
736 2098 821 2155 etiam
841 2095 1001 2163 facilitatis;
1026 2114 1168 2176 quemque

173 2189 310 2238 armatum
325 2197 441 2257 semper
452 2198 486 2240 ac
501 2179 581 2239 velut
595 2180 625 2237 in
637 2181 787 2257 procinctu
804 2188 925 2239 stantem
938 2196 995 2238 nou
1010 2184 1108 2258 magis
1126 2201 1166 2240 uu·

174 2280 258 2341 quam
276 2265 410 2323 incensis
430 2266 523 2324 oratio
540 2281 624 2342 quam
639 2265 668 2321 in
681 2263 769 2323 rebus
786 2265 936 2324 cotidianis
951 2282 986 2323 ac
1002 2264 1165 2325 domesticis

174 2364 271 2406 sermo
288 2347 420 2416 deiciet;
441 2368 497 2409 nec
514 2358 688 2426 se'unquam
701 2357 824 2426 propter
839 2348 896 2407 hoc
911 2349 991 2407 oueri
1008 2347 1163 2420 subtrahet,

173 2431 260 2490 modo
275 2433 312 2491 sit
328 2451 434 2493 causae
446 2431 602 2495 discendae
617 2440 745 2510 tempua;
761 2450 826 2491 nam
841 2441 940 2493 cetera
956 2450 1077 2511 semper
1088 2436 1162 2493 sciet.

497 2586 540 2636 DE
559 2586 687 2637 GENERE
704 2585 845 2636 urceum.

257 2684 294 2746 X.
327 2686 487 2764 Superest,
508 2695 539 2745 ut
559 2685 652 2746 dicam
669 2688 706 2745 de
725 2703 866 2763 genere
890 2686 1081 2744 orationis.
1114 2685 1161 2745 llic

174 2778 237 2830 erat
255 2772 423 2848 propositus
439 2770 550 2831 anobis
565 2773 594 2830 in
612 2770 752 2831 divisione
768 2773 858 2848 primu
874 2770 956 2828 locus
971 2770 1088 2836 tertius:
1104 2787 1159 2829 narn

174 2857 211 2914 ita
229 2856 435 2932 promiseram,
450 2874 496 2914 me
514 2855 550 2914 de
565 2865 644 2931 arte,
661 2855 698 2915 de
715 2856 843 2930 artifice,
859 2854 896 2915 de
912 2870 1003 2931 opere
1018 2853 1156 2914 dicturum.

175 2937 246 2998 Cum
261 2941 298 2998 sit
313 2948 407 2999 autem
428 2940 589 2999 rhetorices
605 2949 692 3017 atque
709 2941 832 3000 oratoris
852 2956 926 3018 opus
948 2938 1038 2996 oratio
1053 2939 1156 3016 plures·

176 3039 232 3098 que
248 3026 310 3083 eius
324 3023 452 3099 formae,
473 3026 548 3084 sicut
569 3024 732 3083 ostendam:
760 3025 788 3082 in
810 3022 939 3082 omnibus
955 3022 999 3081 his
1015 3031 1042 3080 et
1055 3040 1103 3082 ars
1116 3031 1155 3082 est

176 3113 205 3162 et
220 3108 334 3183 artilex,
352 3107 504 3185 plurimum
518 3117 613 3167 tamen
626 3109 748 3167 invicem
760 3107 907 3172 differunt:
923 3125 979 3166 nec
993 3106 1081 3165 solum
1097 3125 1153 3186 spe

177 3190 237 3263 cie,
254 3200 284 3250 ut
302 3193 414 3267 signum
434 3194 517 3268 signo
534 3200 563 3250 et
579 3190 675 3250 tabula
695 3190 811 3251 tubulus
830 3199 858 3249 et
877 3192 953 3250 actio
969 3191 1085 3265 actioni,
1109 3191 1152 3250 sed

175 3290 285 3349 genere
302 3276 383 3352 ipso,
401 3283 431 3335 ut
446 3275 564 3335 Graecis
580 3273 760 3335 Tuscanicae
775 3285 904 3348 statuae,
922 3283 952 3333 ut
967 3273 1083 3333 Asianus
1099 3276 1150 3334 elo

147 3367 165 3419 ‘t
178 3375 269 3434 quens
284 3357 391 3417 Attico.
427 3362 502 3418 Suos
517 3368 611 3419 autem
626 3358 699 3418 haec
716 3377 836 3437 operum
851 3376 977 3435 genera,
1000 3376 1066 3436 quae
1082 3359 1148 3432 dicu,

177 3450 206 3500 ut
228 3450 362 3501 auctores
379 3443 421 3501 sic
439 3445 523 3501 etiam
545 3451 688 3501 amatores
705 3442 825 3509 labeum
850 3453 935 3521 atque
958 3441 1023 3501 ideo
1041 3443 1146 3502 nondum

76 3553 79 3556 ·
177 3533 222 3585 est
244 3525 393 3606 perlectus
409 3535 507 3585 orator
522 3543 556 3586 uc
573 3529 673 3587 nescio
692 3545 727 3588 un
742 3544 788 3588 ars
809 3526 883 3603 ulla,
908 3544 965 3586 non
988 3525 1070 3585 solun
1089 3526 1145 3604 quia
