2434 3925
295 231 386 281 msc.
408 230 556 280 amurca.
577 232 648 280 nm.
667 232 701 298 v,
725 230 766 283 ιο.
972 217 1035 282 21⁹

29 386 220 469 pecaniam
238 403 395 464 nunquam
408 385 647 465 aeremberti,
666 388 1047 465 mammotreptis,

30 475 118 535 citro
136 489 159 531 a
177 487 225 531 me
247 478 403 532 mutuatu
425 489 468 531 ee.
510 469 572 529 lex
593 478 654 544 est,
684 468 744 542 Orci
756 471 840 547 patri
851 471 1036 548 proditionis

28 575 89 618 reo
109 573 175 616 non
191 552 329 636 offuerit,
359 554 488 615 celerer
506 555 556 614 rit.
599 553 695 629 Negat
714 553 806 627 tilius,
829 555 891 614 oiri
903 557 933 615 ri
941 563 1036 633 pater

28 640 195 701 obsoletus
209 639 258 698 sit.
291 636 367 711 Quid
381 634 477 714 signi?
497 637 560 697 Lex
574 636 682 712 altera,
706 635 891 698 Proditionis
906 638 1035 699 damna·

28 730 86 783 tus
106 739 178 783 com
199 720 351 782 aduocato
375 723 485 782 coutet.
536 718 641 780 Cicero
666 738 720 799 pro
747 717 881 780 Cluentio
905 720 1093 787 Publiumloc

29 804 180 884 Popilium
200 812 229 864 et
250 803 394 864 Tiberium
417 802 529 865 Guttam
552 805 621 864 dicit
639 820 698 863 ιιοιι
719 803 815 863 iudicii
835 807 963 883 corrupti
981 805 1033 865 sed

30 889 159 948 ambitus
180 904 248 947 esse
269 888 427 948 damnatos.
471 886 547 961 Quid
566 884 661 965 signi?
688 887 765 967 qued
780 897 967 948 accusatores
983 905 1033 948 eo·

29 991 114 1047 rum,
144 972 193 1049 qui
214 980 295 1032 erant
316 971 371 1049 ipsi
394 971 514 1031 ambitus
529 971 668 1049 damnati,
691 971 789 1047 elege
807 973 864 1031 siut
878 981 945 1050 post
959 970 1034 1032 banc

28 1056 187 1116 victoriam
206 1056 341 1115 restituti.
384 1053 448 1116 Nec
468 1055 559 1114 miuus
573 1056 602 1116 in
615 1055 673 1115 boc
688 1073 776 1115 curae
790 1054 878 1115 debet
893 1055 1089 1129 adulterinos
1199 1116 1205 1125 ,

29 1138 103 1217 quid
125 1139 344 1216 proponendum
363 1156 463 1216 ιιιιιιιι,
488 1139 634 1216 mornado
654 1141 692 1199 sit
705 1139 783 1219 quod
796 1140 1033 1217 proposuerimus

29 1221 224 1301 probandum.
263 1221 316 1282 llic
332 1224 446 1282 omnino
461 1223 505 1281 uis
520 1223 708 1298 inventionis,
725 1225 749 1281 si
761 1239 818 1282 non
829 1224 937 1297 maior,
952 1230 1033 1281 certe

28 1309 127 1385 prior.
171 1303 243 1365 Nam
263 1314 294 1365 ut
315 1306 373 1365 tela
394 1323 573 1384 supervacua
594 1315 660 1366 sunt
675 1308 832 1382 nescienti,
856 1306 923 1386 quid
937 1314 1032 1386 petat:

29 1391 79 1451 sie
96 1397 279 1469 argumenta,
301 1391 355 1448 nisi
370 1389 559 1469 provideris,
573 1393 619 1450 cni
634 1391 676 1449 rei
692 1390 852 1451 adhibenda
867 1392 932 1450 siut.
969 1388 1034 1450 lloc

30 1485 99 1551 est,
121 1471 199 1553 quod
218 1471 423 1550 comprehendi
437 1481 499 1533 arte
514 1489 571 1533 uon
585 1476 688 1553 possit.
727 1473 874 1552 Ideoque,
893 1491 957 1533 cum
968 1473 1092 1552 plu-110

29 1578 85 1619 res
97 1559 198 1618 eadem
209 1555 375 1632 didicerint,
391 1557 548 1633 generibus
559 1565 789 1635 argumentorum
801 1557 940 1617 similibus
952 1567 1033 1617 uten-

29 1652 96 1710 tur:
121 1641 194 1702 alius
213 1642 272 1702 alio
291 1641 388 1720 plura,
411 1640 514 1718 quibas
534 1650 644 1716 utatur,
663 1643 799 1702 inveniet.
844 1643 887 1702 Sit
908 1640 1034 1719 exempli

30 1728 130 1804 gratia
150 1728 300 1805 proposita
324 1726 538 1799 controversia,
563 1742 639 1803 quae
661 1741 825 1784 communes
840 1727 954 1784 minime
970 1742 1033 1784 cum

31 1811 100 1871 aliis
116 1811 304 1888 quaestiones
319 1808 422 1869 habet:
445 1806 521 1869 Cum
536 1807 655 1870 Tbebos
670 1810 828 1870 eoerdsset
840 1805 1032 1883 Alexander,
1041 1814 1091 1867 111

30 1896 149 1957 invertit
169 1893 306 1971 tabulas,
332 1893 456 1973 quibus,
484 1900 603 1953 cantaro
622 1892 736 1954 talenta
756 1900 861 1953 mutuo
880 1890 1034 1952 l’ltcssotit
1128 1942 1131 1955 .

32 1981 163 2042 dedisce
189 1975 361 2054 l’bebcraos,
392 1977 613 2039 emutioebatcr.
654 1975 738 2053 Hos,
768 1976 842 2054 pario
867 1984 938 2038 erut
958 1992 1034 2035 osca

33 2063 209 2124 commilitio
223 2060 448 2135 Thessalorum,
470 2061 593 2123 donarit
605 2061 654 2122 bis
666 2062 746 2122 ultro
751 2083 768 2131 ,·
785 2068 893 2139 posteo
903 2059 1035 2120 restituti

32 2166 54 2208 o
73 2143 256 2207 Cassandro
274 2144 407 2208 Thebani
424 2153 588 2224 reposcant
603 2143 772 2207 Tbessoior.
815 2143 901 2222 Apud
916 2141 1033 2221 rinpbi·

34 2232 150 2290 ebenus
171 2231 274 2305 egitur.
319 2227 439 2289 (lentum
460 2229 567 2290 talenta
585 2237 616 2289 et
630 2229 789 2289 credidisse
805 2244 857 2288 ecs
875 2235 989 2287 cunstat
1003 2233 1035 2285 et

34 2331 94 2373 uon
113 2315 274 2391 recepisse.
318 2312 365 2372 Lis
382 2314 472 2373 omnis
488 2331 526 2373 ex
542 2330 595 2387 eo,
616 2312 694 2391 quod
708 2312 876 2373 Alexander
890 2329 926 2371 ea
941 2309 1093 2371 Thes-lli

6 2435 9 2444 «
34 2398 106 2457 salis
129 2395 255 2456 donasse
275 2397 392 2472 dicitur,
417 2397 533 2476 pendet.
575 2394 704 2457 Constat
724 2397 795 2457 illud
817 2412 951 2475 quoque,
976 2411 1034 2454 non

35 2498 105 2539 esse
123 2479 168 2539 bis
183 2479 218 2539 ab
233 2479 400 2540 Alexandro
416 2482 566 2559 pecuniam
581 2480 690 2547 datam;
717 2482 864 2559 quaeritur
881 2495 971 2555 ergo,
997 2496 1034 2537 an

33 2562 161 2643 proinde
176 2565 229 2639 sit,
252 2565 330 2643 quod
345 2565 439 2624 datum
454 2573 514 2640 est,
536 2582 572 2625 ac
585 2567 611 2624 si
626 2567 776 2643 pecuniam
791 2560 927 2624 dederit?
958 2561 1092 2636 Quidni

33 2646 198 2726 proderunt
214 2657 445 2723 argumentorum
462 2649 536 2723 luci,
565 2650 620 2707 nisi
637 2649 711 2710 baec
726 2650 806 2727 prius
822 2648 942 2721 videro,
963 2645 1034 2706 nihil

35 2747 105 2789 eum
125 2730 223 2806 egisse
248 2730 397 2806 donando,
424 2749 482 2791 nou
504 2733 635 2810 potuisse
658 2732 782 2808 donare,
807 2748 865 2791 non
885 2725 1034 2791 donasse?

33 2813 76 2875 Et
92 2815 183 2891 prima
198 2814 314 2893 quidem
327 2818 402 2875 actio
420 2815 514 2876 facilis
529 2833 563 2876 ac
578 2815 745 2876 favorabilis
757 2816 948 2895 repetentium
959 2815 1033 2887 iure,

36 2897 118 2976 quod
136 2899 165 2956 vi
185 2899 222 2957 sit
242 2897 379 2967 ablatum
402 2900 455 2960 sed
475 2898 541 2959 bine
561 2900 717 2960 vehemens
732 2901 864 2980 quaestio
879 2907 909 2958 et
929 2912 1034 2976 aspera

36 2983 169 3041 exoritur
184 2982 221 3042 de
235 2984 298 3042 iure
312 2982 399 3060 belli,
420 2982 581 3044 dicentibus
598 2983 763 3057 Thessalis,
786 2982 843 3042 boc
856 2998 962 3058 regna,
982 2996 1034 3058 pc·

35 3064 143 3144 pulos,
169 3065 241 3126 lines
262 3068 390 3144 gentium
411 3075 497 3146 utque
511 3065 622 3126 urbium
637 3066 786 3127 contineri.
830 3064 1092 3126 lnveniendumlll

38 3157 140 3209 eontra
156 3158 217 3223 est,
239 3167 297 3228 quc
313 3151 399 3211 distet
414 3150 489 3210 baed
502 3168 589 3210 caasa
605 3168 622 3209 a
637 3151 759 3224 ceteris,
779 3165 854 3227 quae
865 3151 893 3208 in
904 3157 1032 3226 potesta·

37 3241 98 3292 tem
111 3234 232 3292 victoris
245 3235 391 3303 venireut;
408 3252 464 3294 nec
478 3235 556 3295 circa
570 3233 770 3312 probationem
784 3250 833 3292 res
844 3232 961 3306 haeret,
980 3232 1033 3292 sed

39 3317 117 3377 eirca
140 3319 378 3395 propositionem.
427 3318 561 3378 Dicamus
584 3318 728 3394 inprimis:
759 3315 792 3376 lu
815 3333 870 3391 eo,
900 3315 978 3394 quod
1004 3317 1034 3374 in

39 3401 174 3460 iudicium
199 3400 304 3462 deduci
329 3409 443 3480 potest,
478 3400 548 3460 nibil
568 3400 668 3461 valere
689 3402 733 3459 ius
754 3398 824 3459 belli
836 3421 842 3468 ;
871 3417 927 3459 nec
947 3400 1033 3458 armis

40 3492 142 3566 erepte
162 3486 217 3546 uisi
237 3486 323 3547 armis
345 3503 435 3567 posse
455 3485 583 3546 retineri.
627 3484 744 3565 ltaque,
770 3483 818 3546 ubi
837 3483 889 3545 illa
906 3482 1032 3567 valeant,
