2434 3925
340 211 787 278 msr.oauuoa.n1a.V11,3.
1029 205 1066 266 21

67 371 275 433 adulterium:
296 371 352 444 ita,
377 367 445 429 Non
463 376 508 430 est
521 368 578 428 boc
590 368 724 445 fartam,
741 388 800 431 aon
818 377 861 430 εει
876 370 933 431 boc
948 372 1069 449 depost·
1171 407 1174 418 ·

67 464 152 529 tum,
167 472 227 515 noo
240 462 285 514 εει
298 454 355 514 too
373 454 564 514 adulterium.
599 451 714 522 Interim
729 471 745 512 a
763 452 900 531 qualitate
916 454 951 514 ad
966 456 1097 522 linitio-2

68 556 138 597 uem
160 537 359 611 descenditur,
383 545 414 595 ut
435 538 463 594 iu
484 535 643 595 actionibus
660 537 835 611 dementiae,
856 538 948 597 malae
965 549 1068 599 tracta-

68 622 175 696 tionis,
200 622 243 680 rei
266 620 400 698 publicae
421 619 533 687 laesae;
559 620 587 678 iu
614 620 715 698 quibus
743 621 870 678 sirecte
895 621 969 681 facta
991 642 1068 700 esse,

69 723 149 785 quae
173 705 361 780 obiiciuntur,
380 704 441 766 rdici
463 721 520 762 nou
542 713 657 781 potest,
679 704 750 763 illud
770 707 927 779 succurrit,
943 705 1010 768 Non
1025 717 1070 769 εει

67 790 152 850 mole
178 798 332 862 tractore,
359 788 600 865 rempublicam
623 789 758 850 loedere.
788 785 890 846 Finitio
916 790 1002 865 igitur
1026 794 1069 851 rei

67 875 241 952 propositae
257 874 375 950 propria
391 879 420 930 et
431 871 553 932 dilucida
565 880 594 929 et
608 870 736 931 breviter
751 872 959 949 comprehensa
971 875 1067 934 verbis

70 958 238 1016 enuntiatio.
272 954 391 1015 Constat
405 956 543 1030 maxime,
560 955 635 1015 sicut
651 964 696 1015 est
710 956 830 1028 dictum,
852 974 977 1032 genere,
1000 971 1095 1037 spe-3

71 1040 139 1114 cie,
155 1040 368 1115 differentibus,
385 1040 528 1118 propriis:
551 1047 582 1097 ut
603 1041 628 1098 si
656 1040 736 1099 linias
755 1057 873 1117 equum,
893 1041 977 1117 (noto
994 1044 1067 1102 enim
1126 1111 1128 1122 Ι

67 1125 193 1183 maxime
213 1133 277 1183 utar
299 1124 450 1203 exemplo)
476 1140 568 1199 genus
594 1133 639 1183 est
660 1123 776 1198 animal,
798 1124 913 1201 species
933 1127 1064 1202 mortale,

68 1207 231 1268 differentia
255 1207 441 1282 irrationale,
472 1208 556 1284 (nam
583 1215 612 1265 et
640 1207 725 1266 homo
752 1207 873 1267 mortale
894 1211 976 1286 erat)
1000 1227 1066 1286 pro·

68 1291 163 1370 prium
176 1292 316 1351 hinniens.
342 1290 422 1351 Haec
433 1291 583 1351 adhibetur
596 1292 718 1349 orationi
730 1290 858 1368 pluribus
871 1293 974 1351 causis.
997 1293 1096 1356 Nam-t

67 1384 130 1434 tum
145 1384 190 1434 est
214 1384 323 1435 certum
348 1375 384 1434 de
399 1377 512 1433 nomine
528 1374 580 1434 sed
600 1377 762 1452 quaeritur,
785 1392 921 1452 quaeres
937 1378 963 1435 ei
981 1377 1069 1436 subii-

69 1458 172 1518 cienda
194 1461 244 1523 sit:
266 1468 322 1517 tum
342 1477 390 1518 res
413 1467 458 1518 est
478 1459 638 1517 manifesta.
669 1457 706 1517 Et
723 1458 800 1536 quod
815 1462 927 1518 nomine
944 1471 1065 1536 constat,

68 1543 108 1602 de
133 1561 165 1601 re
180 1542 294 1603 dublum
315 1552 375 1618 est,
401 1544 512 1601 iuterim
532 1543 698 1615 coniectura
721 1550 779 1600 est:
804 1550 833 1601 ut
854 1545 878 1601 si
901 1555 1064 1621 quaeratur,

69 1626 291 1704 quidsildccs.
319 1625 408 1702 Nam,
425 1626 511 1705 quiid
527 1634 629 1702 neget,
646 1627 735 1685 deum
746 1628 961 1703 esseepititum
972 1632 1094 1692 omni-5

69 1712 128 1772 bus
138 1712 280 1788 portibus
300 1712 482 1785 immixtum,
499 1726 557 1767 uon
571 1709 628 1768 hoc
643 1708 734 1782 dicat,
756 1708 856 1768 falsam
872 1727 937 1769 esse
954 1712 1067 1771 divinae

68 1793 148 1854 illius
171 1803 288 1854 naturae
310 1789 556 1873 appellationem?
578 1793 653 1851 sicut
673 1791 833 1869 Epicurus,
857 1796 903 1870 qui
919 1794 1065 1854 humanam

65 1880 99 1937 el
120 1877 239 1937 formam
265 1879 417 1956 locumque
429 1891 433 1899 '⁸
442 1880 516 1936 inter
536 1876 766 1936 mundosmedit.
805 1874 925 1935 Nomine
945 1886 1065 1955 uterque

71 1979 127 2021 uno
145 1964 246 2028 utitur;
269 1971 362 2022 utrum
377 1964 414 2022 sit
432 1963 460 2021 iu
474 1979 523 2035 re,
547 1960 700 2019 coniectat.
738 1958 853 2019 luterim
872 1961 994 2039 qualitas
1011 1971 1094 2024 tra-6

71 2055 180 2120 ctatur,
197 2055 227 2105 ut
247 2048 321 2124 quid
339 2048 380 2107 cit
394 2046 561 2121 rbeton'ce,
581 2048 630 2105 oio
639 2045 854 2122 persuadendi
868 2061 909 2104 aa
924 2046 998 2106 dene
1016 2048 1064 2105 di-

71 2131 162 2191 cendi
174 2131 326 2191 εειειιιίαἳ
355 2129 439 2203 Quod
454 2147 546 2206 genus
562 2137 607 2187 est
623 2130 651 2186 in
668 2126 779 2186 iudiciis
794 2126 1063 2204 frequentissimum.

68 2214 121 2273 Sic
136 2215 210 2272 euim
225 2215 386 2291 quaeritur,
401 2232 443 2274 ort
458 2212 664 2291 deprebensae
676 2213 708 2272 io
723 2213 870 2289 lopooort'
883 2231 950 2272 com
963 2213 1066 2275 alieno

67 2315 169 2358 uxore
186 2299 308 2357 adulter
326 2299 388 2359 eit?
412 2298 477 2375 quia
494 2314 551 2355 non
571 2296 607 2354 de
623 2286 817 2373 appelldtione
835 2295 887 2355 sed
902 2296 938 2355 de
954 2298 982 2354 vi
997 2296 1065 2356 lacti

18 2446 20 2449 ¹
68 2382 133 2439 eius
156 2380 320 2458 ambigitur,
342 2400 377 2441 an
399 2383 511 2440 omnino
529 2382 705 2458 peccaverit.
741 2378 812 2438 Nam
835 2381 859 2438 si
881 2384 1063 2458 peccaverit:

68 2480 127 2523 nou
149 2473 247 2541 potest
270 2482 337 2523 esse
358 2465 433 2525 aliud
456 2483 539 2543 quam
566 2463 696 2524 adulter..
722 2462 874 2522 Diversum
895 2473 939 2523 est
962 2476 1093 2541 genunt

69 2565 134 2606 cum
146 2550 343 2607 controversia
355 2549 485 2607 consistit
499 2551 527 2607 in
544 2549 673 2622 nomine,
688 2547 764 2625 quod
775 2547 882 2625 pendet
896 2551 1064 2626 exscripto,

68 2648 125 2690 uec
150 2641 281 2691 versatur
303 2634 331 2691 in
351 2632 462 2691 iudiciis
485 2632 538 2691 uisi
560 2639 683 2709 propter
704 2631 809 2706 verba,
832 2649 906 2709 quae
927 2632 1005 2691 litem
1024 2632 1064 2690 i·

69 2716 163 2774 oiuut:
192 2713 258 2789 Aa,
275 2718 327 2793 qui
340 2736 373 2776 εε
387 2716 545 2792 interficit,
561 2716 715 2776 domicillo
726 2717 787 2776 stt?
813 2712 877 2788 Arc,
894 2717 946 2791 qai
960 2725 1065 2794 tyran-

66 2816 141 2858 ottm
154 2800 185 2858 in
200 2809 322 2862 mortem
339 2801 496 2877 compulit,
513 2799 731 2877 tyrannicida?
743 2795 792 2858 Ao
808 2801 947 2859 carmina
961 2816 1064 2876 mape-

67 2900 138 2942 rttm
162 2884 360 2960 veneficium?
389 2883 450 2942 Res
472 2883 545 2942 enim
569 2882 719 2942 manifesta
743 2891 802 2958 est,
824 2883 988 2957 sciturque,
1008 2898 1065 2939 uon

66 2967 144 3026 idem
159 2985 226 3025 esse
245 2968 381 3027 occidere
398 2986 431 3026 se
448 2965 524 3045 quod
540 2965 642 3041 alium,
656 2982 713 3024 non
727 2964 803 3024 idem
818 2964 954 3023 occidere
970 2974 1064 3039 tyran·

67 3067 136 3110 uum
153 3052 236 3128 quod*
246 3051 423 3129 compellere
436 3052 471 3111 ad
487 3058 625 3124 mortem,
643 3066 699 3108 non
713 3049 788 3108 idem
805 3049 927 3107 carmina
939 3066 975 3108 ac
990 3065 1064 3107 mor·

66 3133 181 3194 tileram
198 3137 359 3212 potionem;
376 3137 522 3213 quaeritur
537 3142 650 3208 tamen,
666 3150 702 3191 an
719 3131 821 3190 eodem
838 3134 950 3191 nomine
965 3133 1064 3211 appel·

65 3217 153 3278 landa
174 3216 238 3276 sint.

153 3300 319 3379 Quanquam
337 3310 428 3373 autem
450 3301 603 3360 dissentire
623 3302 671 3359 vix
694 3300 786 3358 audeo
808 3316 824 3358 a
841 3296 999 3373 Cicerone,
1016 3301 1093 3378 qul8

65 3383 174 3444 multos
199 3395 315 3443 secutus
338 3393 472 3445 auctores
492 3385 576 3457 dicit,
600 3384 755 3442 linitionem
777 3401 843 3442 esse
865 3384 901 3442 de
919 3384 1020 3442 eodem
1036 3392 1065 3442 et

66 3469 106 3531 de
123 3468 229 3534 altero;
251 3487 366 3549 semper
386 3469 517 3544 neganti,
539 3466 656 3544 aliquod
678 3484 744 3528 esse
761 3485 881 3542 nomen,
902 3466 1062 3542 dicendum,
1134 3490 1139 3503 ⁴
