2434 3925
181 218 202 279 4
491 230 528 276 m.
544 229 624 276 nna.
641 227 861 288 oumnrurunr

180 384 300 444 fundare
315 382 445 461 legibus,
468 383 620 443 emendare
636 383 748 443 iudiciis
764 385 873 460 possit,
894 399 951 442 non
966 382 1040 441 alius
1058 384 1094 440 sit
1110 400 1182 461 pro-

139 469 259 531 11iect0
281 486 364 547 quam
386 477 492 527 orator.
529 467 644 543 Quare,
663 469 777 527 tametsi
798 486 843 525 me
862 467 958 526 fateor
980 486 1096 525 usurum
1116 469 1182 543 qui-

180 552 315 627 busdam,
341 570 415 629 quae
436 551 680 630 philosophorum
700 551 782 612 libris
803 555 1001 625 continentur,
1024 560 1117 609 tamen
1142 569 1182 609 ea

181 639 243 695 iure
259 654 388 714 vereque
410 636 605 696 contenderim
627 654 695 695 esse
715 637 814 714 operis
836 639 928 695 nostri
945 636 1122 713 proprieque
1142 636 1181 693 ad

140 732 172 783 12
181 729 271 790 artem
286 722 440 779 oratoriam
454 723 612 799 pertinere.
635 720 698 794 uin,
716 722 741 779 si
759 720 993 799 frequentissime
1008 719 1044 777 de
1059 721 1180 782 iustitia,

181 804 364 879 fortitudine,
394 807 582 884 temperantia
616 807 781 883 ceterisque
814 803 953 863 similibus
979 803 1180 862 disserendum

182 898 250 963 est,·
265 889 338 948 adeo
353 898 383 948 ut
399 891 448 948 vix
463 889 522 948 ulla
537 890 631 968 possit
646 906 732 949 causa
748 891 887 965 reperiri,
910 890 939 947 in
957 905 1041 964 quam
1055 904 1111 945 non
1127 886 1178 945 ali·

182 990 236 1050 qua
258 989 295 1031 ex
315 972 359 1031 his
380 974 487 1033 incidat
509 975 658 1051 quaestio,
683 990 776 1050 eaque
792 975 885 1032 omnia
907 974 1180 1047 inventionemque

182 1057 348 1116 elocutione
374 1066 439 1115 sunt
462 1057 650 1135 explicanda:
674 1056 864 1132 dubitabitur,
887 1056 1050 1133 ubicunque
1070 1056 1115 1113 vis
1137 1056 1179 1112 in·

179 1142 258 1217 genii
280 1150 309 1200 et
329 1144 413 1218 copia
435 1141 548 1200 dicendi
569 1141 749 1219 postulatur,
775 1141 814 1200 ihi
835 1149 934 1218 partes
960 1141 1085 1198 oratoris
1111 1155 1178 1197 esse

139 1236 172 1290 13
181 1221 375 1303 praecipuas?
398 1224 581 1303 Fueruntque
597 1225 688 1300 haec,
710 1233 741 1284 ut
762 1223 867 1284 Cicero
889 1225 1071 1302 apertissime
1096 1222 1177 1281 colli-

180 1311 232 1384 git,
251 1309 486 1385 quemadmodum
500 1311 595 1369 iuncta
609 1318 707 1368 natura
723 1311 766 1368 sic
782 1309 880 1367 officio
899 1315 1014 1385 quoque
1030 1306 1177 1384 copulata,
1210 1339 1211 1346 κ

181 1400 211 1450 ut
221 1391 307 1451 iidem
321 1393 467 1470 sapientes
480 1402 565 1470 atque
582 1394 756 1470 eloquentes
767 1393 950 1453 haberentur.
972 1390 1063 1451 Scidit
1074 1391 1178 1450 deinde
1210 1385 1211 1462 l

181 1494 214 1533 se
238 1476 376 1552 studium,
399 1486 485 1554 atque
507 1480 608 1536 inertia
625 1478 731 1537 iactum
753 1486 813 1552 est,
837 1486 868 1535 ut
889 1485 967 1536 artes
991 1493 1058 1534 esse
1079 1476 1177 1552 plures
1210 1493 1211 1512 ¹

181 1560 356 1619 viderentur.
392 1559 463 1620 Nam
486 1570 516 1620 ut
539 1563 658 1638 primum
680 1561 777 1637 lingua
799 1579 865 1619 esse
887 1563 1034 1637 coepitio
1056 1567 1176 1636 quaestu

181 1646 395 1721 institutumque
412 1645 595 1724 eloquentiae
609 1644 692 1705 bonis
707 1646 781 1704 male
798 1647 852 1704 uti:
876 1663 973 1703 curam
987 1661 1113 1717 morum,
1132 1643 1176 1719 qui
1210 1677 1211 1696 2

140 1727 282 1790 lidiserti
298 1728 490 1804 habebantur,
511 1730 700 1807 reliquerunt.
732 1728 774 1788 lla
794 1745 865 1788 vero
886 1729 1022 1787 destituta
1043 1728 1176 1786 infirmio·
1210 1769 1211 1792 ,

181 1812 259 1872 ribus
282 1815 404 1889 ingeniis
425 1813 504 1873 velut
527 1814 653 1892 praedae
671 1814 733 1873 fuit.
768 1813 837 1873 lnde
860 1813 988 1890 quidam,
1012 1821 1177 1889 contempto

181 1896 395 1957 benedicendi
421 1898 539 1974 labore,
566 1899 601 1958 ad
627 1897 792 1957 formandos
819 1899 927 1956 animos
953 1896 1176 1974 statuendasque

180 1985 257 2042 vitae
273 1982 357 2060 leges
372 1986 502 2060 regressi
525 1993 635 2062 partem
655 1984 769 2061 quidem
785 1985 942 2060 potiorem,
963 1985 988 2040 si
1007 1982 1095 2041 dividi
1111 1999 1177 2058 pos·
1210 1994 1211 2043 l

181 2076 242 2142 set,
262 2070 454 2135 retinuerunt;
476 2085 579 2126 nomen
596 2078 691 2127 tamen
712 2067 767 2126 sibi
787 2067 1041 2126 insolentissimum
1060 2083 1177 2142 arroga-

181 2160 298 2225 verunt,
320 2161 351 2209 ut
372 2152 427 2210 soli
450 2153 608 2230 sapientiae
629 2151 751 2210 studiosi
771 2160 964 2225 vocarentur,
987 2149 1064 2228 quod
1084 2168 1178 2228 neque

182 2236 281 2293 summi
298 2236 488 2312 imperatores
513 2252 608 2313 neque
628 2237 657 2293 in
679 2235 807 2294 consiliis
827 2255 923 2294 rerum
942 2237 1126 2293 maximarum
1148 2252 1179 2292 ac

181 2319 269 2378 totius
285 2317 527 2378 administratione
549 2321 591 2379 rei
607 2318 743 2397 publicae
759 2320 919 2380 clarissime
934 2320 1042 2378 versati
1059 2317 1113 2377 sibi
1130 2336 1178 2376 un-

182 2419 266 2479 quam
287 2402 433 2461 vindicare
453 2413 519 2462 sunt
539 2405 611 2462 ausi.
652 2402 764 2463 Facere
786 2407 860 2464 enim
880 2405 986 2481 optima
1009 2420 1091 2480 quam
1111 2419 1178 2479 pro·

140 2501 173 2553 15
181 2488 295 2545 mittere
311 2485 479 2546 maluerunt.
506 2487 552 2547 Ac
572 2496 702 2547 veterum
722 2490 836 2566 quidem
852 2490 1012 2565 sapientiae
1029 2487 1179 2564 prolesso·

181 2589 243 2630 rum
258 2570 363 2629 multos
378 2580 407 2630 et
422 2571 543 2631 honesta
559 2574 749 2651 praecepisse
764 2582 803 2647 et,
818 2582 849 2631 ut
863 2573 1078 2650 praeceperint,
1095 2574 1180 2629 etiam

181 2656 308 2728 vixisse,
334 2655 421 2716 facile
448 2658 660 2723 concessorum
694 2659 801 2715 nostris
823 2673 894 2715 vero
921 2655 1100 2733 temporibus
1128 2654 1180 2715 sub

181 2739 237 2798 hoc
258 2741 372 2799 nornine
388 2742 509 2799 maxima
529 2743 558 2799 in
577 2740 726 2818 plerisque
747 2743 816 2800 vitia
839 2741 989 2800 latuerunt.
1023 2738 1181 2803 Nonenim

181 2825 286 2881 virtute
300 2841 335 2882 ac
350 2823 466 2899 studiis,
486 2834 517 2884 ut
531 2824 709 2884 haberentur
723 2825 905 2903 philosophi,
929 2823 1109 2896 laborabant,
1129 2823 1183 2882 sed

106 2947 110 2955 ·
180 2908 289 2966 vultum
311 2916 340 2966 et
360 2909 502 2967 tristitiam
524 2918 553 2968 et
572 2909 822 2974 dissentientema
841 2911 947 2969 ceteris
970 2907 1096 2967 habiturn
1112 2926 1184 2984 pes·
1210 2940 1211 2949 κ

140 2993 260 3058 resimis
281 2992 409 3051 moribus
429 2993 667 3071 praetendebant.
698 2992 778 3052 llaec
793 3003 904 3067 autem,
929 3010 1002 3070 quae
1018 2992 1098 3050 velut
1113 3009 1184 3067 pro·
1210 3002 1211 3037 ἐ

181 3077 243 3153 pria
258 3075 461 3155 philosophiae
476 3087 660 3151 asseruntur,
675 3080 783 3154 passim
798 3087 951 3137 tractamus
968 3093 1078 3135 omnes.
1109 3075 1185 3148 Quis

182 3162 257 3219 enim
277 3177 335 3219 non
357 3160 392 3220 de
413 3164 505 3236 iusto,
528 3179 623 3238 aequo
643 3180 678 3237 ac
698 3162 793 3236 bono,
815 3162 900 3220 modo
923 3179 981 3220 non
1003 3170 1032 3219 et
1047 3162 1091 3219 vir
1113 3178 1184 3237 pes·

181 3245 284 3321 simus,
312 3243 460 3323 loquitur?
482 3249 545 3324 quis
560 3263 618 3304 non
633 3248 719 3304 etiam
735 3243 907 3305 rusticorum
922 3246 1018 3323 aliqua
1034 3245 1069 3303 de
1086 3249 1184 3304 causis
1210 3254 1211 3259 ’

181 3328 356 3388 naturalibus
372 3328 504 3406 quaerit?
527 3348 590 3388 nam
611 3330 766 3389 verborum
787 3333 952 3408 proprietas
970 3348 1007 3389 ac
1020 3329 1184 3389 differentia

81 3470 85 3473 .
182 3413 329 3487 omnibus,
364 3416 412 3490 qui
438 3431 600 3473 sermonem
627 3432 713 3473 curae
740 3413 861 3489 habent,
895 3413 983 3474 debet
1008 3431 1077 3472 esse
1104 3431 1184 3474 com-

142 3505 171 3561 17
181 3501 281 3558 munis.
315 3497 373 3559 Sed
396 3515 430 3557 ea
450 3507 480 3559 et
503 3500 576 3572 sciet
598 3500 706 3577 optime
725 3507 754 3557 et
774 3499 927 3576 eloquetur
950 3506 1062 3565 orator:
1086 3501 1138 3575 qui
1162 3502 1185 3557 si
