2434 3925
348 242 787 311 msa.onsaon.c1n.xu,1.
1023 231 1082 292 too

76 419 189 481 raquo,
215 415 290 479 qaae
314 405 414 458 natura
437 413 495 456 non
516 406 582 458 sunt
600 397 841 477 reprehendenda
862 408 949 479 atque
971 401 1083 459 interim

76 496 148 548 suot
161 482 345 557 necessaria,
361 480 430 541 alibi
446 499 530 558 qnam
545 499 608 540 mos
626 484 789 562 permiserit
806 487 899 562 turpia
914 484 1081 544 habeantur.

75 571 156 634 lllud
171 571 228 628 iam
241 567 386 640 diximus,
407 574 512 644 quanto
534 566 600 644 plus
624 568 726 626 nitoris
747 576 776 625 et
797 567 890 627 cultus
906 568 1126 631 demonstra-48
1200 610 1201 619 t

76 656 160 715 tinae
180 653 336 725 materiae,
359 659 390 708 ut
413 650 448 709 ad
465 648 687 709 delectationem
704 650 875 710 audientium
892 653 1083 728 compositae,

78 756 178 817 quam,
197 753 272 815 quae
289 742 355 793 sunt
369 735 398 792 iu
413 743 480 794 acta
497 742 528 793 et
543 736 739 811 contentione,
755 736 905 795 suasoriae
920 735 1084 795 iudiciales·

79 840 140 901 que
157 820 331 900 permittant.

167 904 232 964 lloc
246 902 340 962 adhue
354 900 560 978 adliciendum,
576 901 688 981 aliquas
704 904 806 977 etlam,
830 919 903 980 quae
919 911 985 961 sunt
1000 918 1084 978 egre·

79 991 150 1068 gine
165 988 280 1048 dicendi
293 987 426 1061 uirtutes,
443 1003 501 1063 quo
516 987 607 1046 minus
623 985 757 1062 deceant,
774 987 851 1046 ellici
865 986 1085 1046 condicione

81 1089 282 1134 causarum.
313 1069 358 1129 Au
374 1071 524 1148 quisquam
538 1069 637 1129 tulerit
650 1088 731 1130 reum
745 1072 772 1129 io
788 1071 952 1130 discrimine
970 1071 1083 1147 capitis,
1093 1079 1128 1133 to

80 1156 343 1237 praecipueque-sl
363 1154 438 1231 apud
453 1155 594 1214 victorem
612 1163 641 1212 et
662 1156 819 1233 principem
841 1172 895 1232 pro
914 1156 1026 1232 seipse
1044 1154 1085 1212 di-

81 1249 145 1316 cat,
171 1238 316 1318 frequenti
335 1238 539 1316 translatione,
567 1239 642 1297 lictis
663 1248 710 1298 aut
729 1240 862 1317 repetitis
882 1256 920 1297 ex
941 1246 1085 1297 vetustate

80 1324 197 1399 verbis,
219 1323 430 1400 compositione
449 1339 524 1401 quae
540 1323 578 1380 sit
590 1323 713 1382 maxime
731 1323 874 1399 avulgari
891 1342 944 1383 usu
963 1331 1084 1397 remota,

81 1406 303 1470 decurrentibus
318 1405 464 1484 periodis,
489 1424 573 1485 quam
593 1406 758 1466 laetissimis
779 1408 853 1467 locis
876 1408 1086 1483 sententiisque

83 1487 249 1554 dicentem?
278 1489 345 1550 Non
359 1490 482 1568 perdant
503 1491 577 1550 baec
592 1493 686 1549 omnia
701 1494 898 1551 necessarium
912 1490 1086 1570 periclitanti

82 1574 285 1636 sollicitudinis
300 1574 440 1648 colorem,
457 1573 669 1652 petendumque
684 1577 769 1635 etiam
785 1576 983 1635 innocentibus
1001 1575 1085 1632 mise·

83 1659 228 1720 ricordiae
245 1659 403 1718 auxilium?
434 1655 693 1717 commoveaturne
713 1661 862 1737 quisquam
881 1662 942 1718 eius
960 1654 1129 1726 lortuna,50

83 1762 170 1823 quem
184 1743 319 1803 tumidum
334 1760 369 1802 ac
384 1742 428 1800 sui
442 1743 594 1802 iactantem
611 1750 640 1800 et
655 1741 834 1802 ambitiosum
849 1744 1007 1802 institorem
1024 1743 1086 1800 elo·

85 1829 220 1906 quentiae
243 1828 272 1885 in
295 1827 412 1904 ancipiti
435 1836 516 1886 sorte
540 1824 658 1885 rideat?
692 1825 757 1885 Non
782 1829 867 1886 immo
888 1827 982 1886 oderit
1007 1843 1087 1884 reum

83 1911 176 1972 verbo
198 1919 388 1989 aucupantem
410 1918 440 1970 et
459 1911 573 1972 anxium
594 1910 631 1970 de
653 1909 727 1971 lama
749 1911 873 1989 ingenii,
898 1919 927 1971 et
948 1910 994 1970 cui
1018 1927 1085 1970 esse

84 1997 194 2057 diserto
210 1992 318 2055 vaceti
349 1994 434 2068 Quod
453 1998 525 2055 mire
544 1993 582 2053 ll.
601 1991 718 2054 Caelius
734 1998 761 2055 in
779 1997 950 2055 defensione
969 2012 1084 2068 causae,
1095 2001 1127 2052 51

86 2097 142 2158 qua
163 2098 231 2139 reus
251 2079 289 2139 de
311 2080 340 2139 ui
359 2079 430 2154 luit,
456 2078 714 2158 comprehendisse
733 2080 848 2139 uidetur
868 2080 952 2138 mibi:
975 2076 1022 2139 Ne
1036 2078 1088 2139 eui

84 2171 218 2225 oestrum
230 2170 322 2242 atque
335 2164 426 2224 etiam
440 2164 580 2237 omnium
596 2165 651 2240 qui
663 2164 709 2224 od
724 2183 790 2225 reto
803 2166 955 2242 opendcm
970 2169 1087 2237 assunt,

85 2267 170 2310 meus
183 2255 238 2309 out
251 2250 351 2308 sottus
365 2248 518 2309 mobilior
530 2256 585 2308 cut
597 2265 658 2308 com
671 2248 900 2309 immoderatior
914 2248 1020 2324 aliquo
1034 2252 1089 2306 out

86 2334 227 2410 deaeque,
242 2332 323 2409 quod
337 2332 490 2393 nemimem
504 2338 558 2405 est,
579 2333 744 2393 iactantior
755 2344 859 2410 peetus
873 2332 970 2409 foisse
982 2330 1088 2391 video·

85 2423 147 2477 tor.
184 2416 273 2494 Atqui
297 2424 362 2474 sunt
383 2414 522 2493 quaedam
547 2416 677 2474 actiones
698 2418 727 2474 in
748 2417 961 2490 satisfactione,
983 2415 1130 2492 depre·52

87 2501 217 2576 catione,
244 2499 430 2558 confessione
455 2501 585 2576 positae:
618 2500 837 2559 sententiolisne
863 2500 987 2559 llendurn
1013 2495 1089 2556 erit?

88 2583 309 2662 epiphonemate
332 2592 381 2642 aut
400 2583 609 2658 enthymemata
631 2581 813 2644 exorabunt?
842 2583 924 2658 Nou,
951 2581 1089 2661 quidquid

88 2670 173 2726 meris
188 2668 338 2728 adiicietur
351 2666 514 2742 affectibus,
530 2684 631 2726 omnes
647 2684 745 2727 eorum
761 2669 851 2730 diluet
864 2670 942 2726 vires
960 2675 989 2725 ct
1003 2667 1088 2723 mise·

89 2751 228 2810 rationem
248 2752 404 2811 securitate
428 2747 558 2811 laxabit?
589 2752 670 2829 Age,
693 2754 718 2811 si
740 2752 777 2813 de
803 2761 895 2811 morte
917 2746 1132 2809 liliisui've153

89 2835 203 2911 iniuria,
220 2853 295 2914 quae
310 2844 402 2895 morte
418 2837 456 2895 sit
470 2836 604 2912 gravior,
624 2836 775 2896 dicendum
790 2836 864 2915 patri
879 2835 978 2893 luerit:
997 2841 1045 2893 aut
1060 2833 1089 2890 in
1104 2891 1107 2897 Δ

90 2919 229 2980 narrando
250 2920 372 2996 gratiam
390 2918 469 2978 illam
484 2920 692 2997 expositIonis‚
717 2938 791 2997 quae
809 2920 958 2994 continget
975 2934 1012 2975 ex
1028 2934 1088 2975 ser·

90 3019 173 3064 mone
187 3020 259 3082 puro
278 3013 364 3081 atque
379 3002 522 3078 dilucido,
544 3013 682 3081 quaeret,
704 3002 832 3063 breviter
844 3020 879 3061 ac
894 3002 1091 3077 signilicantcr

91 3086 217 3148 ordinem
233 3089 276 3147 rei
290 3088 449 3167 protulisse
470 3104 527 3146 nou
543 3096 710 3155 contentns;
729 3097 777 3146 aut
792 3095 958 3162 argumenta
974 3085 1091 3145 diducet

91 3172 119 3229 iu
132 3171 238 3249 digitos
260 3181 290 3231 et
309 3174 540 3251 propositionum
561 3188 596 3231 ac
616 3171 799 3251 partitionum
817 3170 944 3248 captabit
959 3169 1091 3249 leporem

93 3264 134 3330 et,
158 3264 188 3315 ut
208 3255 378 3333 plerumque
400 3258 429 3316 in
444 3257 502 3316 boc
518 3273 629 3333 genere
643 3256 731 3313 moris
751 3264 812 3331 est,
834 3255 993 3314 intentione
1015 3252 1089 3313 omni

91 3340 209 3399 remissa
224 3337 381 3416 loquetur?
415 3339 481 3413 Quo
496 3340 604 3416 ingerit
618 3338 730 3398 interim
744 3339 829 3400 dolor
841 3336 913 3398 ille?
941 3338 989 3398 ubi
1006 3337 1133 3398 lucri-54

93 3439 155 3481 mas
173 3421 373 3482 substiterintl
401 3425 477 3485 unde
494 3442 528 3483 se
544 3425 574 3482 in
592 3423 715 3483 medium
730 3434 787 3485 tam
804 3442 906 3484 secura
923 3421 1088 3482 observatio

94 3507 191 3565 artmm
220 3503 351 3567 miseriti
387 3506 454 3567 Non
476 3508 512 3568 ab
542 3507 664 3570 exordio
699 3526 792 3587 usque
822 3509 857 3569 ad
884 3508 1010 3566 ultimam
1037 3520 1088 3562 vo·

853 3590 914 3651 13*
