2434 3925
63 226 68 234 ·
165 189 254 252 224»
484 204 845 266 u.ons.oo1uu1u1nn1

165 360 276 422 Eadem
296 359 476 437 aliquatenus
492 358 611 418 liberius
626 357 761 419 deorsum
775 361 971 438 spectantibus
986 363 1093 441 digitis
1112 367 1170 426 col·

166 442 264 521 ligitur
278 445 306 503 iu
320 460 374 502 uos
392 453 421 502 et
436 443 526 501 insius
542 443 629 521 paulo
645 444 673 501 iu
688 443 831 503 diuersum
852 445 1024 523 resolvitur,
1047 459 1081 507 nt
1100 467 1170 528 quo·

126 528 318 599 pedemmodo
333 544 496 586 sermonem
517 528 609 604 ipsum
627 526 762 604 prolerre
776 529 917 587 rideatur.
947 529 1037 590 Biuos
1054 534 1170 593 interim

125 667 128 671 .
166 613 272 690 digitos
293 610 490 688 distinguimus
511 610 563 669 sed
579 627 637 668 non
657 611 766 669 inserto
783 611 909 689 pollice,
936 615 1054 691 paulum
1072 626 1170 677 tamen

166 695 350 758 inferioribus
365 696 438 754 intra
454 694 650 772 spectantibus
665 693 718 753 sed
732 711 770 753 ue
787 695 844 754 illis
860 696 974 774 quidem
987 701 1109 776 tensis,
1127 704 1169 780 qui

126 795 161 851 99
168 798 255 860 supra
277 788 352 839 suut.
383 778 499 838 iuterim
516 779 637 839 extremi
654 777 775 856 palmam
790 781 868 839 cirea
889 781 944 839 ima
958 782 1081 858 pollicis
1106 804 1168 863 pre·

163 874 256 941 munt,
280 865 344 942 ipse
365 861 510 942 prioribus
532 861 567 921 ad
588 862 700 922 medios
723 862 860 922 articulos
880 866 1021 940 iungitur;
1051 868 1168 927 interim

165 958 282 1029 quartus
306 947 424 1026 oblique
447 947 613 1024 reponitur;
638 946 749 1005 interim
772 956 905 1023 quattuor
919 950 1050 1009 remissis
1073 955 1169 1029 magis

74 1046 81 1065 ¹
166 1051 249 1112 quum
269 1033 377 1106 tensis,
397 1030 506 1108 pollice
528 1030 602 1089 intus
617 1029 769 1104 inclinato,
790 1029 918 1091 babilam
938 1032 1168 1096 demonstrando

165 1118 289 1178 inlatus
311 1124 359 1176 aut
383 1114 608 1190 distinguendis,
637 1131 710 1191 quae
734 1114 870 1189 dicimus,
896 1134 1007 1176 manum
1029 1118 1168 1191 iacimus,

107 1211 227 1264 ldocnm
246 1201 347 1279 supina
362 1201 390 1259 in
405 1196 548 1257 sinistrum
564 1198 654 1272 latus,
673 1213 763 1275 prona
781 1199 810 1257 in
824 1199 947 1258 alterum
962 1200 1066 1260 iertnr.
1097 1205 1169 1264 Sunt

164 1296 194 1346 et
208 1285 251 1345 illi
267 1284 374 1343 breves
388 1291 505 1360 gestus,
523 1299 586 1341 eum
602 1300 700 1340 manus
717 1282 823 1341 leviter
838 1283 977 1361 pandata,
997 1285 1100 1362 qualis
1119 1305 1167 1347 ro·

163 1371 289 1430 nentium
310 1376 371 1443 est,
395 1368 491 1445 parvis
514 1365 674 1425 intervallis
690 1374 719 1425 et
738 1365 1014 1427 subessentieutibns
1036 1368 1168 1430 humeris

47 1460 50 1471 '
163 1462 315 1526 movetur,
341 1452 463 1511 maxime
486 1459 553 1528 apta
575 1467 664 1528 parce
687 1459 717 1509 et
739 1451 820 1528 quasi
845 1452 941 1512 timide
963 1451 1166 1530 loquentibus.

164 1537 217 1598 Est
237 1536 414 1596 admirationi
435 1532 612 1594 conveniens
633 1533 684 1593 ille
704 1544 823 1610 gestus,
840 1553 906 1613 ,quo
926 1554 1025 1594 manus
1047 1540 1167 1600 modice

164 1622 295 1701 supinata
312 1638 346 1680 ac
362 1638 416 1699 per
431 1618 560 1696 singulos
577 1636 592 1677 a
607 1620 721 1677 minimo
739 1617 865 1678 collecta
883 1620 1000 1696 digitos,
1018 1621 1166 1681 redeunte

105 1712 153 1765 101
162 1706 252 1782 flexu,
271 1703 354 1763 simul
370 1703 532 1783 explicatur
547 1710 634 1780 atque
651 1704 835 1762 conuertitur.
866 1702 930 1763 Nec
944 1721 1000 1762 uno
1015 1705 1111 1765 modo
1128 1708 1165 1764 in·

161 1798 347 1867 terrogantes
368 1797 481 1865 gestum
501 1787 717 1864 componimus,
742 1787 911 1865 plerumque
927 1797 1023 1847 tamen
1045 1799 1163 1850 verten-

161 1884 206 1935 tes
228 1890 355 1949 manum,
377 1880 522 1949 utcunque
547 1871 708 1949 composita
730 1881 784 1931 est.
825 1870 928 1931 Pollici
950 1873 1106 1949 proximus
1125 1874 1162 1933 di

133 1961 239 2037 *gitns
252 1949 462 2035 'mediamquffi
485 1973 540 2034 qua
558 1953 661 2015 dexter
681 1964 744 2031 est,
767 1975 892 2033 unguem
910 1956 1028 2035 pollicis
1050 1974 1161 2017 summo

162 2060 215 2102 suo
237 2045 376 2119 iungens,
398 2042 525 2100 remissis
542 2042 664 2115 ceteris,
686 2049 775 2100 estet
799 2041 1025 2119 approbantibus
1049 2052 1083 2101 et
1101 2061 1161 2102 nar·

105 2133 154 2184 102
162 2127 290 2187 mutibus
307 2134 336 2185 et
353 2123 589 2202 distinguentibus
604 2124 739 2185 decorus.
775 2123 831 2184 Cui
848 2143 905 2185 non
919 2125 1087 2200 dissimilis,
1111 2125 1160 2185 sed

151 2210 336 2288 complicitis
351 2209 442 2269 tribus
458 2209 572 2286 digitis,
589 2226 647 2287 quo
662 2227 737 2267 nuno
752 2208 856 2269 Graeci
871 2210 1020 2288 plurimum
1036 2218 1161 2284 utuntur,

163 2296 249 2355 etiarn
266 2303 387 2372 utraque
401 2311 503 2367 manu,
527 2295 661 2370 quotiens
681 2294 891 2367 enthymemata
911 2311 963 2352 sua
980 2301 1067 2370 gestu
1084 2293 1161 2353 velut
1196 2363 1197 2376 χ

133 2378 379 2439 *corrotundant
412 2376 526 2437 Gaesim
548 2395 647 2436 manus
665 2376 760 2437 lenior
776 2379 913 2456 promittit
936 2386 965 2437 et
986 2386 1160 2452 assentatur,
1196 2387 1197 2436 i

163 2464 277 2522 citatior
291 2461 440 2537 bortatur,
464 2462 578 2520 interim
594 2461 699 2522 laudat.
728 2460 782 2521 Est
796 2471 826 2521 et
842 2461 892 2521 ille
907 2462 1038 2539 urgentis
1053 2464 1159 2522 oratio·
1196 2489 1197 2498 ¹

165 2564 230 2606 nem
250 2553 350 2622 gestus
370 2545 498 2623 vulgaris
521 2547 612 2621 magis
629 2564 712 2624 quam
728 2564 766 2605 ex
781 2554 860 2621 arte,
883 2546 933 2624 qui
956 2545 1102 2605 contrabit
1123 2546 1159 2606 al·
1196 2551 1197 2608 i

103 2635 155 2690 103
163 2640 248 2691 terno
264 2630 413 2708 celerique
431 2638 508 2689 motu
526 2638 555 2689 et
570 2629 697 2707 explicat
711 2648 832 2704 manum.
863 2628 917 2688 Est
933 2638 962 2689 et
977 2630 1028 2689 illa
1044 2647 1121 2690 cava
1135 2638 1161 2689 et
1196 2661 1197 2738 p

162 2721 231 2776 rara
251 2723 280 2774 et
305 2731 393 2792 supra
419 2714 529 2774 humeri
556 2714 732 2774 altitudinem
753 2709 829 2774 elata
854 2732 918 2773 eum
939 2713 1063 2791 quodam
1084 2724 1160 2774 motu

162 2799 243 2859 velut
257 2798 400 2860 hortatrix
416 2816 530 2866 mauus;
557 2816 573 2857 a
588 2799 752 2875 peregrinis
772 2797 881 2858 sobolis
896 2807 991 2857 tamen
1004 2814 1105 2875 prope
1119 2816 1160 2858 re·

164 2891 249 2961 cepta
271 2883 394 2942 tremula
420 2884 536 2943 scenica
559 2891 613 2942 est.
651 2881 783 2958 Digitus,
811 2900 875 2941 cum
896 2883 995 2940 summi
1017 2882 1160 2954 coierunt,
1196 2847 1197 2942 l

164 2968 200 3027 ad
215 2984 269 3026 nos
279 2965 412 3042 referre,
429 2985 480 3026 cur
495 2966 664 3045 quibusdam
679 2966 877 3044 displicuerit,
901 2967 1012 3026 nescio.
1046 2964 1161 3026 Namid

164 3059 193 3109 et
221 3051 326 3111 leviter
351 3051 524 3110 admirantes
549 3059 579 3109 et
604 3052 716 3109 interim
736 3050 830 3110 subita
855 3050 1051 3125 indignatione
1082 3050 1161 3111 velut

103 3141 155 3197 104
162 3133 357 3212 pavescentes
368 3143 398 3193 et
408 3135 600 3213 deprecantes
617 3134 745 3194 iacimus.
774 3134 848 3208 Quin
861 3150 1060 3211 compressam
1078 3137 1160 3194 etiarn

163 3235 274 3276 manum
299 3220 524 3296 inpoenitentia
546 3219 594 3278 vel
611 3219 652 3278 ira
668 3220 781 3295 pectori
801 3217 1004 3292 admovemus,
1029 3216 1080 3275 ubi
1106 3235 1160 3277 vox

162 3301 211 3360 vel
229 3303 303 3360 inter
321 3302 422 3361 dentes
441 3321 581 3381 expressa
603 3319 661 3361 non
677 3302 816 3361 dedecet:
843 3298 925 3373 Ouid
944 3320 1028 3361 ormo
1044 3302 1159 3380 spond

165 3383 248 3458 Ouid
262 3386 387 3464 focius?
406 3384 521 3445 Averso
535 3386 644 3463 pollice
660 3385 858 3445 demonstrare
873 3384 992 3463 aliquid,
1009 3395 1159 3463 receptum
1196 3381 1197 3468 ζ

105 3471 256 3548 losmagis
279 3478 349 3549 puto
376 3486 460 3549 mam
481 3472 588 3530 oratori
607 3470 754 3530 decorum.
789 3469 849 3529 Sed
871 3487 934 3528 cum
954 3469 1045 3527 omnis
1064 3477 1157 3529 motus
1196 3521 1197 3524 ,

1196 3589 1197 3624 l

1196 3633 1197 3678 l
