2434 3925
162 192 222 256 160
472 204 833 265 massmannum

156 360 231 421 baec
244 376 355 438 genera
375 358 519 419 recidere.
548 356 621 419 Nam
635 360 660 418 si
673 359 796 419 iudicem
811 358 985 437 benivolum,
1002 368 1153 438 attentum,
1204 376 1205 439 j

157 445 283 506 docilem
303 444 413 503 babeo:
437 442 504 521 quid
524 444 646 520 amplius
664 443 784 504 debeam
800 453 918 523 optare,
939 461 997 504 uon
1018 447 1154 523 reperio:

157 547 222 589 cunr
239 536 332 586 metus
346 529 427 605 ipsc,
450 528 497 604 qui
512 529 634 613 maxime
650 527 764 587 videtur
780 546 847 587 esse
863 538 945 588 extra
959 528 1049 605 baec,
1067 538 1097 588 ct
1111 536 1154 588 at·

158 620 268 672 tentum
282 610 404 671 iudicem
419 610 506 670 iaciat
522 619 551 669 et
565 609 601 669 ab
619 611 743 670 adverso
765 611 866 671 favore
882 611 1039 671 deterreat.

116 705 151 757 52
239 695 347 754 Verum
369 697 501 772 quoniam
520 711 577 753 non
601 703 647 754 est
660 697 729 754 satis
745 695 943 755 demonstrare
964 695 1155 771 discentibus,

159 797 233 858 quae
248 782 304 839 sint
318 782 346 838 in
360 780 472 838 ratione
487 779 641 857 prooemii,
659 778 712 837 sed
728 780 879 840 dicendum
894 781 990 855 etiarn,
1007 781 1155 857 quomodo

157 864 260 941 perlici
275 863 412 924 facillime
429 864 557 941 possint:
579 862 635 921 boc
653 863 773 939 adiicio,
796 872 827 922 ut
847 862 974 923 dicturus
998 865 1155 939 intueatur,

159 948 237 1026 qaid,
253 947 329 1027 apud
346 964 442 1025 quem,
459 963 512 1024 pro
534 963 607 1023 quo,
626 954 843 1025 contraquam,
860 964 917 1025 quo
935 956 1078 1025 ternpore,
1096 963 1157 1025 quo

159 1031 243 1106 loco,
266 1048 323 1109 quo
346 1048 442 1090 rerum
465 1039 558 1105 statu,
582 1048 638 1107 qua
659 1030 739 1107 vulgi
754 1032 829 1091 fama
845 1030 996 1090 dicendum
1012 1032 1067 1105 sit,
1086 1029 1159 1108 qnid

158 1116 282 1176 iudicem
297 1116 405 1173 sentire
422 1113 561 1174 credibile
578 1115 631 1188 sit,
655 1122 805 1191 antequam
823 1116 991 1193 incipimus,
1012 1123 1071 1173 turn
1086 1113 1159 1192 quid

158 1199 355 1260 desideremus
371 1207 420 1257 aut
438 1191 638 1277 deprecemur.
674 1196 740 1275 lpsa
754 1199 834 1258 illum
849 1208 948 1258 natura
964 1215 1000 1257 eo
1012 1197 1111 1271 ducet,
1128 1205 1160 1257 ut

117 1285 248 1358 53sciat,
272 1283 339 1362 quid
359 1284 481 1361 primurn
495 1280 646 1340 dicendum
666 1282 713 1340 sit.
743 1282 782 1342 m
804 1301 878 1341 rrunc
895 1300 994 1356 omne,
1014 1299 1072 1360 quo
1087 1298 1160 1340 coe-

160 1375 280 1446 perunt,
299 1367 477 1443 prooemium
491 1374 606 1443 putant,
631 1373 676 1440 et,
696 1374 727 1424 ut
742 1367 868 1444 quidque
881 1367 1039 1440 succurrit,
1055 1367 1160 1444 utique

161 1452 187 1509 si
207 1450 303 1529 aliqua
324 1451 466 1509 sententia
480 1447 651 1524 blandiatur,
674 1452 832 1510 exordium.
869 1449 957 1509 Multa
978 1458 1073 1508 autem
1093 1450 1160 1507 sine

159 1533 247 1593 dubio
263 1542 329 1592 sunt
348 1542 377 1592 et
393 1533 457 1592 aliis
472 1532 600 1611 partibus
618 1550 722 1592 causae
738 1534 912 1600 communia;
934 1533 1002 1592 nihil
1018 1542 1116 1591 tamen
1133 1534 1161 1590 in

161 1635 275 1697 quaque
294 1617 397 1677 melius
412 1617 525 1691 dicitur,
543 1634 628 1694 quarn
645 1617 722 1695 quod
738 1634 832 1695 aeque
848 1617 923 1676 bene
941 1616 997 1676 dici
1013 1616 1082 1676 alibi
1098 1633 1159 1675 non

118 1701 263 1781 54possit.
300 1700 419 1761 Multum
456 1702 546 1759 ratiae
563 1700 685 1760 exordio
701 1710 763 1776 est,
785 1701 862 1778 quod
878 1701 913 1760 ab
931 1702 1044 1760 actione
1061 1700 1160 1759 diver·

160 1802 212 1844 sae
228 1786 318 1863 partis
331 1794 479 1844 materiam
494 1784 594 1851 trabit;
618 1783 675 1843 boc
693 1785 775 1862 ipso,
792 1785 870 1863 quod
891 1802 949 1844 non
964 1784 1160 1862 compositum

160 1869 237 1929 dorni
256 1868 310 1928 sed
331 1867 370 1927 ibi
392 1877 479 1946 atque
500 1886 539 1927 ex
557 1876 701 1927 renatum
724 1878 753 1928 et
775 1868 914 1928 facilitate
929 1868 1033 1927 tamam
1049 1867 1160 1944 ingenii

161 1961 249 2030 anget
275 1961 305 2012 et
325 1953 401 2024 facie
428 1952 568 2030 simplicis
594 1954 759 2031 sumptique
786 1972 825 2012 ex
851 1955 984 2032 proximo
1014 1952 1159 2011 sermonis

161 2038 247 2098 iidem
264 2054 381 2116 quoqne
402 2038 539 2116 acquirit;
562 2037 637 2096 adeo
652 2045 699 2112 nt,
723 2038 835 2097 etiamsi
857 2038 970 2115 reliqua
987 2038 1099 2115 scripta
1118 2044 1160 2095 at·

161 2140 218 2201 que
234 2119 383 2181 elaborata
398 2123 470 2195 sint,
486 2130 581 2180 tamen
596 2120 766 2199 plerumque
784 2121 915 2180 videatur
929 2129 989 2180 tota
1006 2129 1160 2197 extempo-

161 2205 231 2264 ralis
252 2205 362 2276 oratio,
387 2205 468 2263 cuius
488 2205 596 2262 initium
618 2203 686 2263 nibil
708 2206 872 2282 praeparati
889 2203 1025 2263 babuisse
1039 2204 1161 2264 manile·

120 2292 236 2348 55stum
255 2297 309 2346 est.
347 2287 592 2365 Frequentissime
614 2304 686 2347 vero
708 2290 888 2366 prooemium
909 2287 1027 2347 decebit
1048 2296 1078 2347 et
1093 2305 1161 2345 sen·

161 2373 313 2433 tertiarum
328 2380 358 2430 et
374 2372 589 2450 compositionis
606 2380 635 2430 et
651 2373 733 2430 vocis
750 2380 780 2430 et
795 2372 891 2431 vultus
908 2371 1067 2444 modestia,
1085 2370 1162 2429 adeo

162 2465 193 2516 nt
209 2457 238 2515 in
254 2472 365 2531 genere
381 2472 487 2514 causae
503 2457 588 2515 etiam
605 2454 783 2515 indubitabili
796 2454 899 2514 liducia
915 2473 948 2513 se
966 2456 1029 2533 ipsa
1044 2457 1163 2513 nimium

163 2556 289 2600 exerere
304 2556 361 2597 non
376 2539 491 2598 debeat.
532 2537 598 2598 Odit
619 2541 693 2598 enirn
717 2539 804 2599 iudex
817 2539 880 2598 iere
896 2538 1032 2615 litigantis
1048 2540 1162 2597 securi·

162 2632 269 2698 tatem,
294 2641 415 2700 cumque
430 2624 475 2681 ius
490 2641 572 2682 suurn
586 2623 745 2699 intelligat,
767 2624 872 2682 tacitus
894 2623 1089 2681 reverentiam
1108 2639 1163 2700 po·

121 2707 261 2766 56stnlat.
299 2706 363 2766 Nec
377 2708 468 2765 minus
483 2707 655 2783 diligenter,
679 2725 715 2766 ne
731 2707 860 2785 suspecti
884 2708 972 2765 simus
989 2705 1048 2765 ulla
1065 2714 1164 2783 parte,

162 2791 321 2857 vitandum
337 2799 459 2869 propter
478 2791 556 2869 quod
578 2791 692 2849 minime
707 2791 846 2850 ostentari
861 2790 948 2849 debet
965 2792 993 2848 in
1011 2791 1164 2867 principiis

164 2893 249 2951 cura,
273 2877 340 2953 qnia
363 2875 477 2935 ridetur
496 2892 544 2934 ars
568 2876 659 2933 omnis
684 2874 806 2933 dicentis
823 2883 923 2933 contra
938 2874 1064 2933 iudicem
1082 2873 1164 2933 adbi-

120 2959 237 3018 aiberi.
275 2959 335 3019 Sed
359 2961 451 3037 ipsum
475 2958 550 3018 istud
571 2960 681 3018 evitare
704 2975 831 3016 summae
857 2958 925 3016 artis
943 2966 997 3016 est.
1037 2956 1113 3017 Nam
1136 2957 1164 3015 id

163 3044 227 3102 sine
248 3042 335 3101 dnbio
358 3042 394 3102 ab
418 3041 548 3101 omnibns
571 3050 601 3101 et
624 3043 738 3119 quidem
761 3042 869 3119 optime
891 3049 1085 3120 praeceptum
1103 3049 1163 3105 est;

162 3144 264 3185 rernm
284 3126 642 3203 aliquatenustemporum
665 3126 836 3184 condicione
852 3134 991 3199 mutatur,
1015 3126 1085 3201 quia
1109 3126 1163 3182 iam

164 3209 334 3289 quibusdam
355 3211 383 3267 in
407 3211 518 3270 iudiciis
539 3209 719 3287 maximeque
738 3209 908 3285 capitalibus
926 3216 974 3266 aut
995 3208 1075 3286 apud
1096 3225 1161 3267 cen·

163 3295 303 3356 tutrices
319 3294 375 3370 ipsi
389 3293 500 3351 iudices
517 3293 637 3368 exigunt
653 3291 793 3351 sollicitas
809 3302 838 3351 et
854 3301 1004 3351 accuratas
1017 3292 1158 3362 actiones,

264 3378 370 3454 mique
389 3394 440 3449 se,
460 3377 514 3435 nisi
537 3378 565 3433 in
588 3374 711 3434 dicendo
737 3377 821 3434 etiam
843 3376 990 3452 diligentia
1008 3381 1159 3453 appareat,

284 3475 306 3539 ἃ,
322 3477 380 3518 nee
400 3458 501 3519 doceri
524 3467 634 3550 tanturn¹
653 3458 708 3520 sed
724 3460 809 3522 etiarn
826 3460 967 3522 delectari
980 3458 1093 3530 volunt.
1122 3454 1161 3516 Et
