2434 3925
331 240 774 309 msu.onuron.n1n.xn‚o.
934 206 1046 292 '261

40 397 190 477 patientia
213 405 266 457 est.
301 394 373 456 Nam
394 405 423 456 et
445 397 474 455 in
493 397 575 476 ipsos
595 398 627 457 lit
647 399 769 475 impetus
791 397 977 476 frequenter,
1000 401 1050 478 qui

41 490 186 563 egerunt,
205 489 234 541 et
251 489 331 540 certe
347 479 532 557 petulantiam
547 484 660 560 patroni
675 482 803 557 litigator
817 482 877 542 luit.
904 484 963 543 Sed
977 483 1050 551 haec

37 567 162 625 minora
178 573 242 624 sunt
256 565 321 642 ipso
337 563 389 624 illo
404 565 473 627 vitio
492 566 592 640 animi,
615 566 692 645 quod
708 565 865 626 maledicus
882 584 898 625 a
915 567 1049 627 malefico

38 666 107 724 non
130 650 217 709 distat
236 651 290 707 nisi
312 649 479 708 occasione.
514 647 618 726 Turpis
639 649 773 727 voluptas
795 659 824 710 et
847 650 997 711 inhumana
1020 662 1050 712 et
1058 663 1091 715 10

38 732 120 794 nulli
139 732 313 793 audientium
327 732 405 792 bono
417 742 498 809 grata
514 750 530 792 a
546 732 739 809 litigatoribus
751 733 866 812 quidem
881 735 1050 814 frequenter

41 818 195 893 exigitur,
212 818 260 896 qui
275 816 413 879 ultionem
428 815 534 880 malunt
549 835 634 895 quam
649 816 856 877 defensionem.
881 819 941 878 Sed
953 838 1049 898 neque
1114 857 1118 866 ·

40 902 107 963 alla
119 900 208 960 multa
223 901 259 960 ad
275 899 421 960 arbitrium
438 917 536 960 eorum
548 899 681 962 facienda
694 910 773 969 sunt;
789 901 846 961 boe
859 903 972 980 quidem
986 905 1049 981 quis

41 985 194 1046 bominum
210 984 295 1045 liberi
309 984 395 1044 modo
415 985 562 1061 sanguinis
588 987 744 1059 sustineat,
770 985 903 1063 petulans
924 1005 991 1046 esse
1014 987 1050 1046 ad

43 1068 171 1129 alterius
192 1065 359 1128 arbitrium?
388 1067 476 1146 Atqui
498 1069 583 1128 etiam
603 1069 632 1127 iu
653 1069 812 1128 advocatos
836 1071 926 1146 partis
947 1071 1048 1130 adver·
1059 1084 1089 1137 11

43 1170 102 1212 sae
118 1151 244 1212 libenter
258 1151 385 1212 nonnulli
400 1152 586 1220 invehuntur;
615 1152 711 1232 quod,
734 1153 787 1213 nisi
804 1154 829 1210 si
845 1151 921 1212 lorte
935 1172 1048 1214 merue-

44 1245 133 1311 runt,
155 1245 184 1296 et
203 1235 382 1295 inhumanum
398 1245 443 1295 est
459 1244 597 1314 respectu
613 1237 801 1295 communium
820 1236 997 1313 officiorum,
1020 1247 1050 1298 et

47 1339 117 1380 cunr
132 1321 188 1398 ipsi
206 1322 253 1398 qui
270 1321 338 1380 dicit
352 1320 452 1381 inutile
469 1321 548 1399 (nam
560 1319 636 1380 idem
651 1321 720 1379 iuris
737 1323 922 1398 responsuris
939 1322 1049 1402 datur),

45 1414 111 1464 tum
127 1421 232 1463 causae
249 1406 432 1480 contrarium,
449 1407 514 1482 quia
530 1404 616 1482 plane
632 1405 789 1464 adversarii
806 1404 874 1465 liunt
890 1414 918 1466 et
933 1407 1049 1482 inimici,

48 1497 84 1548 et
99 1487 377 1566 quantulumcunque
392 1489 434 1548 eis
449 1490 550 1547 virium
566 1497 626 1563 est,
646 1487 819 1553 contumelia
834 1499 966 1567 augetur.
996 1491 1049 1550 Su·
1058 1505 1091 1556 lt
1178 1507 1181 1513 ·

49 1590 108 1652 per
130 1573 222 1632 omnia
243 1574 319 1649 perit
340 1572 405 1646 illa,
431 1590 506 1651 quae
530 1572 681 1650 plurimum
697 1573 805 1633 oratori
819 1583 848 1633 et
871 1575 1049 1634 auctoritatis

48 1664 84 1716 et
103 1655 169 1715 fidei
191 1657 290 1730 alfort,
315 1657 473 1731 modestia,
496 1657 521 1715 si
536 1674 552 1715 a
566 1657 630 1715 viro
647 1656 724 1716 bono
740 1658 768 1715 in
783 1657 912 1716 rabulam
932 1658 1050 1719 latrato-

48 1758 172 1818 remque
189 1743 382 1815 oonvertitur‚
406 1742 583 1819 compositus
601 1757 660 1799 non
682 1740 718 1801 ad
735 1742 855 1800 animum
878 1741 980 1801 iudicis
998 1742 1051 1801 sed

50 1823 92 1884 ad
109 1823 284 1883 stomachum
299 1824 460 1900 litigatoris.
495 1822 677 1902 Frequenter
699 1826 784 1884 etiam
799 1828 915 1903 species
932 1825 1050 1884 liberta·
1059 1839 1093 1891 13

49 1909 92 1969 tis
107 1907 251 1968 deducere
269 1909 304 1969 ad
322 1910 510 1969 temeritatem
525 1908 602 1969 solet
623 1926 680 1969 nou
696 1909 790 1969 causis
807 1908 892 1969 modo
909 1908 961 1969 sed
978 1909 1050 1988 ipsis

52 2009 187 2071 quoque,
210 1994 258 2071 qui
273 1994 419 2069 dixerunt,
446 1992 650 2071 periculosam.
684 1992 748 2053 Nec
764 1995 904 2053 immerito
919 1994 1051 2053 Pericles

51 2076 171 2137 solebat
186 2086 298 2154 optare,
316 2096 353 2136 ne
369 2078 446 2156 q'uod
464 2076 518 2136 sibi
534 2077 653 2136 verbum
668 2079 696 2137 in
714 2087 838 2137 mentem
852 2080 975 2153 veniret,
992 2094 1050 2155 quo

53 2159 181 2240 populus
201 2161 407 2221 offenderetur.
440 2161 498 2220 Sed
520 2162 596 2239 quod
615 2161 666 2220 ille
686 2159 722 2220 de
745 2160 872 2240 populo,
896 2162 925 2221 id
940 2178 997 2238 ego
1014 2161 1051 2220 de

54 2240 186 2304 omnibus
209 2247 321 2321 sentio,
342 2246 390 2324 qui
411 2245 573 2305 tantundem
589 2253 712 2324 possunt
728 2262 847 2304 nocere.
884 2245 956 2306 llam
976 2262 1050 2324 qnae

53 2329 158 2401 fortia,
186 2328 251 2388 dum
276 2329 424 2405 dicuntur,
452 2328 639 2405 videbantur,
668 2329 772 2406 stulta,
803 2347 866 2388 cum
893 2328 1050 2407 laeserunt,

55 2420 205 2471 vocantur.

140 2494 237 2572 Nunc,
262 2498 328 2575 quia
348 2497 457 2557 varium
477 2496 540 2556 fere
562 2497 742 2574 propositum
766 2498 911 2574 agentium
931 2496 999 2572 ruit,
1023 2506 1094 2559 etii

59 2579 233 2658 quorundam
248 2598 316 2640 cura
330 2581 470 2641 tarditatis
483 2580 659 2658 quorundam
674 2580 798 2640 facilitas
812 2583 980 2641 temeritatis
996 2583 1049 2639 cri-

56 2665 132 2723 mine
147 2662 303 2724 laboravit:
325 2683 411 2743 quem
427 2664 541 2724 credam
560 2664 625 2723 iore
641 2667 669 2723 in
684 2664 741 2724 boc
759 2666 882 2726 oratoris
897 2664 1050 2738 modum,

56 2745 171 2808 tradere
198 2765 255 2807 oon
280 2748 403 2808 alienum
427 2749 549 2808 videtur.
591 2748 704 2809 Afferet
730 2749 765 2809 ad
790 2748 940 2808 dicendum
966 2758 1092 2809 curaeio

58 2849 174 2908 semper
194 2841 328 2909 quantum
350 2823 500 2909 plurimum
522 2834 640 2911 poterit.
671 2832 773 2910 Neque
788 2835 862 2890 enim
879 2831 936 2891 boo
957 2830 1051 2893 solum

57 2911 231 2992 negligentis
250 2915 301 2975 sed
317 2915 384 2975 mali
400 2926 429 2975 et
448 2917 476 2975 in
491 2925 629 2994 suscepta
652 2934 738 2976 causa
755 2915 856 2993 perfidi
872 2934 907 2975 ac
923 2915 1050 2993 prodito·

25 3023 31 3034 ¹
58 3000 99 3059 ris
114 3006 172 3074 est,
195 3001 277 3076 peius
299 3018 389 3076 agere
405 3018 488 3077 quarn
506 3002 608 3078 possit.
640 2999 770 3077 Ideoque
794 3018 829 3058 ne
849 2998 1052 3077 suscipiendae

60 3082 171 3160 quidem
182 3091 248 3142 sunt
263 3101 367 3143 causae
379 3084 489 3161 plures,
506 3101 590 3162 quam
605 3083 709 3162 quibus
725 3082 909 3142 suffecturum
923 3101 955 3142 se
968 3084 1050 3142 sciat.

60 3166 144 3226 Dicet
159 3169 268 3245 scripta
286 3185 369 3244 quam
383 3185 433 3226 res
449 3170 574 3245 patietur
591 3167 712 3245 plurima
729 3175 775 3240 et,
794 3175 824 3225 ut
839 3165 1052 3226 Demosthenes
1060 3176 1093 3229 16

61 3251 117 3324 ait,
142 3252 166 3308 si
182 3252 345 3327 continget,
370 3260 400 3310 et
413 3251 537 3328 sculpta.
578 3251 638 3311 Sed
655 3249 712 3310 boc
729 3258 776 3309 aut
793 3252 900 3329 primae
921 3252 1051 3311 actiones

62 3342 110 3394 aut
127 3352 199 3412 quae
216 3337 245 3395 in
259 3334 382 3414 publicis
397 3335 508 3394 iudiciis
524 3343 591 3413 post
609 3335 779 3396 interiectos
794 3333 855 3393 dies
871 3335 971 3394 dantur
985 3353 1050 3413 per-

62 3419 200 3485 miserint;
225 3428 253 3478 at
269 3436 332 3478 curn
352 3420 481 3494 protinus
501 3417 734 3498 respondendum
755 3426 816 3477 est:
840 3420 933 3478 omnia
956 3418 1052 3495 parari

63 3518 118 3561 noo
140 3511 275 3581 possunt,
300 3503 375 3563 adeo
397 3512 427 3562 ut
449 3502 536 3581 paulo
561 3504 652 3562 minus
672 3503 813 3582 promptis
839 3504 923 3561 etiam
946 3509 1052 3560 noceat
