2434 3925
260 280 261 283 ,
350 246 440 296 ruso.
463 243 614 297 onauoa,
635 246 704 295 ma.
728 246 758 313 1,
787 244 829 298 12.
1049 231 1090 293 tt

80 412 241 467 moventur
262 421 318 464 nec
347 420 401 464 suo
429 403 492 466 nisu
511 401 614 464 studiis
636 400 769 463 insistunt
794 403 847 464 sed
867 400 1034 462 formandos
1056 419 1090 462 se

80 487 284 552 tantummodo
307 496 470 565 praestant,
491 505 549 547 non
569 486 701 545 similiter
722 487 888 562 fatigantur.
932 485 1089 547 Praeterea
1099 496 1130 551 ll
1172 536 1174 538 >

82 572 249 634 secundum
271 572 355 631 aliana
371 573 474 632 aetatis
491 571 568 631 illius
586 570 755 629 facilitatem
769 569 849 629 velut
863 571 1024 650 simplicius
1038 570 1089 630 do·

85 666 193 738 centes
214 664 372 734 sequuntur
386 674 458 731 nec,
479 673 554 733 quae
575 656 632 714 iam
647 656 775 735 egerint,
796 655 960 714 metiuntur.
995 654 1090 714 Abest

83 743 149 803 illie
172 740 266 801 adhuc
292 740 377 799 etiam
406 739 515 800 laboris
542 738 687 797 iudicium.
731 737 841 813 Porro,
867 748 897 798 ut
922 741 1092 817 frequenter

86 827 206 905 experti
223 843 336 899 sumus,
354 824 445 884 minus
461 824 551 884 aflicit
570 840 673 882 sensus
691 823 825 900 fatigatig
837 841 921 900 ιιιιιιιι
939 825 1088 900 cogitatio.

42 969 46 976 ,
174 908 235 969 Sed
255 926 292 967 ne
316 909 458 986 temporis
479 907 593 985 quidem
612 924 736 984 unquam
760 906 825 984 plus
851 909 921 982 erit,
950 909 1017 985 quia
1044 909 1133 969 bis12

86 992 233 1055 aetatibus
256 994 347 1051 omnis
365 993 393 1051 in
410 991 551 1052 audiendo
573 992 725 1069 proiectus
745 1000 800 1050 est.
846 989 916 1051 Cum
937 992 973 1052 ad
996 993 1091 1053 stilum

88 1078 230 1152 secedet,
254 1095 318 1136 cum
337 1075 489 1153 generabit
508 1076 571 1154 ipse
593 1075 700 1153 aliquid
720 1084 806 1152 atque
833 1083 1005 1153 componet:
1032 1085 1091 1135 tum

88 1162 231 1222 inchoare
248 1160 322 1220 baec
339 1161 432 1220 studia
453 1160 503 1220 vel
522 1177 579 1218 non
596 1158 712 1219 vacabit
731 1160 780 1219 vel
795 1177 852 1219 non
868 1159 979 1219 libebit
1009 1160 1090 1239 Ergo
1100 1168 1134 1223 13

90 1265 157 1307 cuna
178 1245 381 1323 grammaticus
396 1253 486 1304 totum
510 1261 656 1322 occupare
678 1243 753 1302 diem
775 1260 832 1303 non
853 1246 947 1322 possit
966 1263 1022 1304 nec
1041 1247 1090 1305 de·

90 1331 174 1405 beat,
191 1347 228 1388 ne
247 1329 384 1388 discentis
397 1330 519 1388 animum
536 1327 633 1387 taedio
653 1336 780 1387 avertat:
801 1327 903 1406 quibus
919 1330 1016 1408 potius
1032 1339 1091 1389 stu·

91 1415 147 1474 diis
168 1413 243 1472 haec
263 1421 424 1491 temporum
445 1413 526 1472 velut
548 1410 693 1472 subsiciva
714 1410 903 1472 donabimus?
945 1413 1018 1473 Nam
1037 1424 1134 1482 necle

92 1516 150 1577 ego
166 1497 317 1558 comminui
338 1497 500 1558 studentem
516 1498 544 1555 in
554 1496 599 1555 bis
616 1498 745 1575 partibus
757 1496 838 1572 volo,
857 1515 913 1555 nec
927 1498 1092 1559 moduletur

92 1592 140 1643 aut
156 1582 272 1641 musicis
287 1582 362 1641 notis
381 1583 493 1641 cantica
511 1581 648 1659 excipiat,
668 1600 723 1641 nec
741 1582 838 1659 utique
854 1582 889 1641 ad
905 1583 1091 1642 minutissima

90 1685 184 1745 usque
206 1666 384 1743 geometriae
405 1682 496 1743 opera
515 1666 683 1741 descendat,
707 1682 763 1724 non
782 1666 952 1724 comoedum
974 1668 1002 1725 in
1024 1671 1098 1746 pio·⁸

91 1750 246 1810 nuntiando
265 1768 321 1809 nec
338 1750 506 1810 saltatorem
525 1751 552 1807 in
571 1759 657 1826 gestu
672 1750 766 1816 iacio;
785 1767 860 1826 quae
879 1751 903 1808 si
921 1752 1015 1811 omnia
1030 1753 1091 1811 exi-

91 1853 203 1913 gerem,
227 1833 429 1911 suppeditabat
445 1843 540 1893 tamen
561 1842 684 1911 tempus.
728 1833 827 1910 Longa
843 1841 887 1892 est
906 1836 990 1910 enim,
1017 1853 1092 1913 quae

91 1920 194 1995 discit,
219 1927 318 1994 aetas,
342 1927 371 1978 et
395 1936 453 1996 ego
472 1936 529 1979 non
543 1918 580 1979 de
600 1918 691 1978 tardis
713 1918 837 1995 ingeniis
860 1917 973 1996 loquor.
1005 1918 1133 1985 Dent-15

93 2023 148 2083 que
169 2022 221 2063 cur
238 2004 267 2061 in
286 2004 329 2063 his
346 2003 492 2080 omnibus‘,
517 2021 591 2081 quae
613 2003 750 2063 discenda
770 2002 878 2061 oratori
897 2003 993 2063 iuturo
1010 2014 1090 2081 puto,

92 2089 210 2148 eminuit
224 2087 317 2162 Plato,
338 2090 387 2166 qui
401 2105 459 2147 non
478 2096 630 2148 contentus
652 2087 823 2165 disciplinis,
846 2105 917 2165 quas
940 2097 1092 2165 praestare

91 2181 228 2252 poterant
251 2171 395 2247 Athenae,
418 2189 477 2231 non
498 2171 758 2248 Pythagoreorum,
783 2171 818 2231 ad
841 2188 914 2249 quos
936 2173 964 2230 in
982 2171 1092 2232 ltaliam

91 2258 297 2333 navigaverat,
321 2256 452 2335 Aegypti
468 2274 583 2335 quoque
601 2257 774 2316 sacerdotes
797 2255 866 2316 adiit
885 2264 972 2335 atque
992 2274 1092 2317 eorum

91 2358 198 2401 arcana
216 2337 390 2417 perdidicit?

177 2424 361 2485 Dillicultatis
383 2425 543 2503 patrocinia
568 2425 763 2502 praeteximus
791 2424 944 2500 segnitiae.
988 2422 1092 2502 Neque
1101 2436 1134 2489 16

92 2511 168 2571 enim
191 2508 274 2568 nobis
297 2511 397 2588 operis
420 2526 500 2569 amor
528 2517 583 2584 est,
606 2527 672 2584 nec,
697 2509 763 2586 quia
784 2511 822 2568 sit
843 2507 966 2568 honesta
988 2527 1023 2568 ac
1045 2528 1091 2568 re·
1153 2505 1155 2509 ’

91 2613 155 2654 rum
172 2592 366 2672 pulcherrima
387 2592 570 2672 eloquentia,
594 2595 702 2671 petitur
721 2593 802 2670 ipsa,
829 2594 881 2652 sed
903 2592 938 2652 ad
959 2593 1093 2653 venalem

92 2695 175 2737 usum
198 2685 227 2736 et
249 2678 396 2738 sordidum
417 2677 528 2737 lucrum
550 2679 736 2754 accingimur.
781 2676 886 2735 Dicant
913 2678 976 2734 sine
998 2677 1042 2736 his
1065 2680 1093 2736 in
1101 2685 1134 2740 17

93 2762 159 2821 loro
172 2761 252 2821 multi
273 2769 302 2819 et
320 2759 478 2840 acquirant,
501 2762 566 2821 dum
589 2763 626 2821 sit
642 2761 820 2838 locupletior
835 2760 938 2838 aliquis
958 2761 1093 2821 sordidae

93 2847 199 2905 mercis
221 2847 387 2922 negotiator
414 2855 443 2905 et
462 2846 527 2924 plus
551 2847 619 2904 roci
639 2863 710 2904 suae
730 2844 836 2904 debeat
866 2861 986 2922 praeco,
1030 2843 1094 2904 Nec

93 2929 180 2989 velim
200 2930 314 3008 quidem
332 2930 473 2990 lectorem
491 2930 552 2989 dari
570 2930 664 3005 mibi,
677 2928 743 3006 quid
761 2929 853 2988 studia
869 2928 997 2987 relerant
1015 2945 1093 2988 com·

94 3022 265 3092 putaturum.
311 3012 366 3087 our
391 3031 463 3074 vero
489 3015 641 3090 imaginem
668 3015 759 3091 ipsam
786 3012 972 3088 eloquentiae
998 3012 1093 3073 divina
1104 3023 1137 3077 18

95 3097 216 3175 quadam
237 3107 334 3157 mente
358 3099 543 3176 conceperit,
574 3099 681 3176 quique
703 3096 781 3157 illam
805 3098 851 3173 (ut
872 3098 911 3155 ait
932 3114 990 3156 non
1011 3098 1094 3174 igno·

93 3181 159 3241 bilis
182 3183 326 3262 tragicus)
348 3184 477 3259 reginam
500 3199 595 3240 rerum
611 3183 772 3244 orationem
787 3189 877 3259 ponet
894 3190 960 3240 ante
978 3182 1093 3256 oculos,

94 3265 277 3345 fructumque
298 3285 355 3326 non
378 3285 415 3327 ex
437 3267 512 3344 stipe
537 3265 758 3326 advocationum
786 3266 839 3326 sed
861 3266 1014 3325 exanimo
1032 3266 1094 3324 'suo

94 3358 125 3409 et
147 3351 392 3428 contemplatione
413 3368 448 3410 ac
471 3351 593 3410 scientia
614 3358 712 3428 petet,
743 3358 915 3427 perpetuum
937 3350 1017 3409 illurn
1038 3367 1094 3409 nec

93 3434 228 3494 fortunae
246 3435 421 3501 subiectum:
439 3435 526 3494 lacile
538 3433 725 3512 persuadebit
738 3433 803 3509 sibi,
822 3443 853 3491 ut
864 3432 1005 3510 tempora,
1019 3450 1094 3510 quae

95 3517 290 3596 spectaculis,
318 3535 438 3598 carapo,
461 3520 601 3593 tesseris,
629 3519 732 3579 otiosis
754 3517 878 3595 denique
900 3516 1093 3593 sermonibus,
