2434 3925
128 193 171 259 90
475 207 512 254 a.
528 204 838 267 rimamarum

129 364 167 424 ad
177 361 401 442 'promerendum
418 362 524 420 actioni
541 361 671 421 favorem
686 362 748 421 sive
770 361 970 421 adlevandum
984 364 1131 425 varietate

129 447 272 508 fastidium
288 448 350 505 sive
365 446 401 505 ad
420 446 559 524 quaedam
574 446 623 504 vel
639 446 787 505 decentius
803 446 952 505 indicanda
967 447 1014 506 vel
1026 449 1128 507 tutius.

85 543 121 597 aa
213 531 271 590 Sed
289 539 450 607 antequam,
468 548 542 607 quae
558 532 662 607 cuique
680 531 723 588 rei
741 529 832 606 figura
848 532 1011 606 conveniat,
1027 540 1127 590 osten·

129 615 183 674 do:
199 612 350 674 dicendum
361 607 416 689 est',
432 631 613 691 nequaquam
631 631 682 672 eas
696 631 763 671 esse
776 622 832 672 tam
843 614 957 688 multas,
974 632 1058 692 quam
1070 617 1130 674 sint

128 698 325 775 aquibusdam
341 700 523 757 constitutae.
548 697 651 774 Neque
671 699 745 756 enim
755 715 801 756 me
812 699 1051 757 moventnomina
1062 698 1127 773 illa,

86 793 203 860 aequae
219 782 331 858 fingere
346 785 445 859 utique
461 780 581 841 Graecis
599 783 840 859 promptissimum
862 791 916 842 est.
942 781 1018 841 Ante
1032 785 1129 842 omnia

128 867 215 943 igitur
238 866 299 942 illi,
324 868 372 945 qui
393 866 513 925 totidem
535 865 641 942 figuras
663 874 762 943 putant
780 875 850 943 quot
878 865 1016 942 affectus,
1038 884 1127 945 repu-

128 949 239 1018 diandi;
262 966 320 1010 non
341 950 406 1028 quia
422 949 543 1009 affectus
559 966 616 1008 noo
634 951 689 1008 sint
707 949 847 1026 quaedam
868 950 1021 1029 qualitates
1045 968 1127 1010 men-

127 1035 182 1109 tis,
200 1032 252 1093 sed
270 1036 336 1112 quia
352 1034 462 1111 ligura,
483 1051 567 1111 quam
589 1050 646 1092 non
671 1033 860 1093 communite?
872 1035 926 1093 sed
941 1036 1060 1112 proprie
1073 1051 1127 1093 no·

128 1120 281 1193 miramus,
304 1135 361 1177 non
382 1120 419 1176 sit
440 1117 564 1195 simplex
578 1119 621 1176 rei
637 1119 833 1195 cuiuscunque
851 1120 1016 1178 enuntiatio.
1048 1119 1128 1192 Qua·

128 1196 250 1282 propter
262 1203 291 1261 in
306 1201 429 1262 dicendo
440 1203 537 1276 irasci,
554 1200 667 1276 dolere,
684 1202 825 1277 misereri,
838 1203 949 1277 timere,
966 1202 1127 1278 confidere,

104 1300 107 1309 ’
130 1295 315 1346 contemnere
331 1303 389 1345 uon
407 1294 472 1344 sunt
489 1285 614 1361 figurae;
637 1302 695 1343 non
715 1286 807 1362 magis
823 1304 906 1364 quam
922 1285 1056 1361 suadere,
1073 1287 1127 1344 mi·

86 1371 206 1445 unani,
228 1386 350 1446 rogare,
375 1387 527 1429 excusare.
575 1368 634 1429 Sed
654 1369 727 1429 fallit
748 1387 846 1448 pamm
867 1371 1021 1445 intuentes,
1046 1369 1127 1448 qood

128 1454 276 1513 inueniunt
290 1454 319 1511 in
334 1452 464 1513 omnibus
484 1453 528 1511 his
550 1452 624 1513 locis
647 1453 753 1529 figuras
775 1463 803 1513 et
824 1471 922 1513 earum
938 1454 1071 1531 exempla
1088 1472 1127 1513 ex

130 1536 306 1597 orationibus
329 1546 499 1615 excerpunt.
542 1534 646 1616 Neque
668 1540 741 1595 enim
764 1556 831 1615 pars
852 1537 910 1597 ulla
930 1538 1043 1597 dicendi
1066 1546 1136 1612 est,

130 1638 204 1697 quae
219 1638 276 1680 non
291 1622 426 1699 recipere
443 1639 493 1680 eas
507 1625 609 1699 possit.
650 1621 709 1681 Sed
732 1620 807 1682 aliud
828 1631 872 1680 est
888 1621 1037 1681 admittere
1052 1621 1125 1698 figu-

129 1723 190 1765 ram
207 1704 283 1765 aliud
306 1705 425 1782 liguram
445 1724 522 1765 esse.
565 1705 669 1783 Neque
691 1708 766 1767 enim
788 1705 915 1765 verebor
934 1705 1125 1783 explicandae

86 1790 172 1857 aerei
182 1791 274 1865 gratia
286 1788 512 1867 frequentiorem
524 1790 653 1849 eiusdem
664 1791 786 1849 nominis
795 1791 1006 1867 repetitionem.
1027 1789 1125 1862 Quare

130 1872 236 1933 dabunt
250 1873 318 1932 mihi
333 1874 455 1954 aliquam
470 1875 498 1932 in
512 1876 675 1949 irascente,
697 1873 892 1951 deprecante,
915 1874 1069 1933 miserante
1092 1872 1124 1931 ii·

129 1975 240 2035 garam,
259 1959 336 2026 scio;
353 1957 477 2018 sednon
493 1958 558 2018 ideo
575 1959 677 2034 irasci,
695 1958 840 2034 misereri,
859 1958 1012 2036 deprecari
1031 1956 1124 2034 ligura

130 2042 193 2100 erit.
234 2039 339 2102 Cicero
363 2043 477 2119 quidem
498 2044 591 2102 omnia
615 2043 752 2102 orationis
773 2043 876 2103 lumina
893 2044 922 2102 in
938 2043 1013 2101 hune
1027 2040 1124 2100 locum

130 2126 272 2202 congerit,
288 2127 410 2186 mediam
425 2127 574 2205 quandam,
592 2136 623 2185 ut
638 2126 771 2203 arbitror,
788 2136 904 2186 secutus
920 2128 1009 2185 viam:
1025 2134 1057 2184 ut
1070 2142 1122 2183 ne·

130 2226 188 2288 que
209 2211 299 2267 omnis
320 2227 416 2269 sermo
438 2210 561 2270 schema
578 2209 753 2270 iudicaretur
771 2227 867 2289 neque
887 2228 922 2269 ea
943 2210 1023 2284 sola,
1047 2226 1124 2286 quae

130 2292 272 2352 haherent
294 2293 417 2373 aliquam
438 2304 577 2354 remotam
598 2294 634 2353 ab
655 2312 708 2353 usu
730 2296 869 2354 communi
886 2294 1045 2367 fictionem,
1069 2292 1124 2352 sed

131 2393 207 2453 quae
228 2386 327 2437 essent
351 2378 510 2438 clarissima
530 2378 616 2438 etad
637 2378 807 2438 movendum
822 2378 978 2438 auditorem
991 2376 1124 2435 ualerent

130 2459 295 2536 plurimum;
318 2478 403 2538 quem
427 2461 539 2521 duobus
561 2462 596 2520 ab
625 2478 661 2520 eo
687 2462 768 2521 libris
793 2471 944 2522 tractatum
969 2460 1065 2520 locurn
1086 2459 1124 2520 ud

130 2541 243 2602 litteras
262 2544 389 2621 subieci,
411 2563 447 2605 ne
467 2546 630 2606 fraudarem
650 2544 785 2623 legentes
804 2544 910 2607 iudicio
934 2545 1046 2605 maximi
1071 2560 1122 2602 au·

132 2627 231 2686 ctoris.

89 2715 123 2770 26
213 2709 245 2770 ln
259 2713 345 2771 tertio
361 2710 398 2772 de
415 2709 537 2771 Oratore
552 2713 591 2773 ita
606 2714 743 2791 scripturn
758 2722 817 2773 est:
839 2712 878 2774 ln
895 2720 1045 2792 perpetua
1062 2729 1122 2772 aa·

132 2801 191 2865 iem
207 2798 358 2872 cratone,
386 2814 455 2857 mam
476 2802 506 2857 et
525 2798 745 2859 coniunctionis
765 2799 916 2859 lenitatem
934 2804 963 2858 et
981 2813 1123 2858 numero·

131 2897 216 2955 ram,
239 2895 330 2959 qaam
344 2881 427 2956 attat,
449 2881 597 2942 rationem
616 2883 809 2959 tenuerimus,
827 2890 888 2942 tam
904 2890 950 2942 eet
969 2880 1058 2958 quari
1072 2879 1122 2940 lu-

131 2964 262 3025 minibus
281 2964 498 3043 distinpaeada
518 2973 547 3025 et
564 2965 790 3044 frequentanda
812 2966 907 3028 omnia
929 2966 1027 3027 oratio
1050 2982 1121 3023 cen·

90 3049 123 3106 at
130 3049 292 3109 tentionem
316 3057 409 3126 atque
427 3049 597 3118 verboram.
636 3048 716 3111 Nam
741 3058 771 3111 et
792 3051 986 3111 commoratio
1007 3065 1070 3108 ana
1088 3049 1122 3108 in

130 3149 166 3190 re
197 3134 379 3208 permultam
404 3140 500 3194 meoet
533 3139 562 3193 et
587 3134 714 3194 illustris
739 3134 915 3213 explanatio
945 3146 1122 3207 raramque,

132 3216 222 3292 quasi
233 3216 462 3293 pecuniamne
479 3224 637 3295 aspectam
649 3236 750 3295 paene
763 3219 924 3302 subiectio,
945 3233 1026 3294 quae
1040 3222 1070 3275 et
1086 3215 1122 3275 in

131 3300 312 3377 exponenda
326 3318 361 3360 re
373 3300 538 3378 plurimam
556 3303 638 3362 valet
651 3310 680 3362 et
694 3302 739 3363 ad
751 3302 965 3363 illustrandam
980 3302 1024 3375 id,
1039 3299 1122 3376 quod

131 3385 308 3462 adponitur,
330 3392 359 3444 et
382 3383 427 3444 ad
440 3384 704 3462 amplificandum,
726 3392 760 3445 at
778 3387 832 3460 iis,
854 3387 906 3463 qai
920 3385 1065 3456 audiant,
1079 3382 1120 3442 il·

130 3469 195 3545 iad,
211 3468 292 3547 qaod
306 3468 493 3548 aapebimac,
508 3478 654 3550 quantam
668 3468 791 3548 efficere
802 3470 901 3533 matio
913 3469 1034 3550 poterit,
1048 3473 1120 3530 tan·
