2434 3925
391 163 480 213 nisa.
502 164 650 214 oannon.
673 165 742 211 nra.
758 166 810 230 nr,
825 161 852 214 4.
1015 127 1019 135 ⁸
1049 153 1106 215 131

111 319 160 377 ier
180 317 237 377 hoc
259 317 400 378 ultimum:
421 320 513 378 minus
528 318 646 378 valebit.
691 318 762 378 Nam
781 321 867 377 totius
884 320 985 379 ductus
1000 319 1047 379 hic
1069 332 1114 381 est

111 403 196 479 quasi
216 419 334 478 mucro,
356 411 387 460 ut
407 420 461 480 per
481 421 514 461 se
543 403 630 462 ioeda
644 404 779 462 vomendi
795 406 955 462 necessitas
975 405 1030 463 iam
1045 405 1113 465 nihil

109 486 187 545 ultra
208 485 428 563 expectantibus
451 487 523 546 hanc
545 504 661 564 quoque
681 487 820 546 adiiceret
835 486 1059 562 deformitatem,
1083 499 1114 548 ut

111 569 195 629 cibus
217 572 310 629 teneri
334 586 391 628 non
416 579 518 648 posset
541 571 691 649 postridie.
737 570 857 629 Solebat
880 570 954 629 Aier
972 571 1154 639 Domitiusnl

109 655 248 712 traiicere
264 655 292 712 in
309 653 447 713 clausulis
467 653 557 713 verba
574 663 680 713 tantum
695 655 875 731 asperandae
896 658 1113 734 compositionis

110 738 205 814 gratia
221 746 251 796 et
274 739 395 796 maxime
417 739 445 797 in
467 739 639 816 prooemiis:
665 747 695 797 nt
720 755 778 817 pro
796 737 959 812 Domitilla,
990 739 1114 800 Gratias

109 840 204 899 opem
220 823 381 890 cantaram,-
409 830 439 880 et
453 839 507 899 pro
527 821 639 896 Laelia,
656 819 712 882 Eis
731 825 867 900 atrisque
882 823 969 899 opud
988 832 1016 884 tc
1034 825 1113 884 indi·

111 924 179 966 cem
197 907 391 982 periclitatur
411 904 527 966 Laelio.
572 905 656 964 Adeo
672 905 780 982 refugit
801 913 928 965 teneram
946 905 1112 965 delicatam·

112 1005 170 1067 que
190 989 354 1049 modulandi
374 989 569 1067 voluptatem,
593 998 624 1047 nt
650 989 829 1048 currentibus
849 1007 902 1067 per
924 1006 956 1048 se
977 992 1112 1065 numeris,

112 1073 191 1149 quod
213 1090 265 1131 eos
292 1072 451 1147 inhiberet,
476 1073 628 1132 obiiceret.
672 1072 884 1150 Amphiboliam
907 1090 1024 1151 quoque
1051 1074 1154 1133 berith

110 1157 216 1216 vitiosa
233 1157 379 1216 locatione
394 1157 566 1230 verborum,
582 1173 666 1215 nemo
683 1166 743 1231 est,
762 1158 811 1235 qui
826 1159 947 1217 nesciat.
973 1157 1052 1217 llaec
1068 1176 1112 1216 ar-

110 1239 220 1309 bitror,
238 1250 268 1300 ut
283 1243 311 1300 in
325 1240 425 1317 brevi,
448 1241 484 1301 de
501 1241 601 1300 ordine
622 1241 712 1299 luisse
729 1241 865 1311 dicenda;
886 1243 933 1319 qui
950 1243 975 1299 si
991 1243 1112 1300 vitiosus

111 1333 173 1384 est:
197 1325 266 1384 licet
281 1334 310 1384 et
324 1326 419 1384 vincta
441 1327 478 1385 sit
496 1334 526 1384 et
545 1333 613 1403 apte
634 1326 741 1386 cadens
762 1328 870 1403 oratio,
895 1335 990 1386 tamen
1010 1326 1111 1384 merito

110 1410 303 1486 incomposita
324 1409 443 1469 dicatur.

197 1491 371 1552 lunctura
393 1493 534 1570 seqnitur.
576 1492 630 1552 Est
651 1495 680 1552 in
696 1492 809 1567 verbis,
829 1494 947 1569 incisis,
966 1493 1110 1568 membris,

112 1576 241 1654 periodis
254 1599 261 1641 ;
285 1579 378 1635 omnia
393 1595 515 1654 namque
530 1579 584 1636 ista
607 1585 637 1636 et
652 1579 771 1637 virtutes
788 1586 817 1636 et
831 1580 899 1638 vitia
916 1578 944 1636 in
959 1577 1112 1655 complexu

111 1659 229 1719 habent.
248 1710 252 1717 f
270 1659 383 1738 Atque,
409 1669 440 1718 ut
461 1661 591 1719 ordinem
609 1678 731 1738 sequar,
750 1663 868 1739 primum
887 1671 951 1720 sunt
973 1680 1047 1740 quae
1062 1664 1154 1720 ιιι-33

110 1746 215 1823 peritis
233 1761 349 1822 quoqne
364 1744 399 1803 ad
418 1743 676 1821 reprehensionem
691 1744 828 1804 notabilia
845 1746 991 1820 videntur,
1010 1747 1039 1804 id
1056 1753 1111 1819 est,

111 1846 204 1907 quae,
224 1830 383 1887 commissis
400 1829 475 1887 inter
489 1847 522 1888 se
536 1829 635 1887 verbis
651 1827 777 1902 duobus,
795 1847 832 1899 ex
846 1829 943 1888 ultima
958 1829 1063 1907 prioris
1078 1847 1114 1887 ac

111 1915 203 1992 prima
226 1915 374 1991 sequentis
396 1912 510 1988 syllaba
537 1912 667 1972 delorme
699 1911 817 1989 aliquod
840 1929 943 1972 nomen
974 1912 1112 1972 alliciunt.

112 1997 184 2057 'lum
201 1998 345 2057 vocalium
361 2014 535 2065 concursus;
557 1999 604 2075 qui
621 2015 684 2055 cnm
701 1997 821 2072 accidit,
839 1996 897 2056 hiat
918 2005 947 2056 et
963 1997 1114 2055 intersistit
1146 2029 1149 2038 ‚

113 2091 142 2141 et
159 2084 241 2160 quasi
256 2081 370 2141 laborat
384 2082 487 2141 oratio.
528 2081 796 2157 Pessime-longae,
813 2098 886 2158 quae
906 2082 1023 2140 easdem
1038 2083 1113 2139 inter

112 2183 145 2224 se
169 2164 280 2225 litteras
304 2167 499 2241 committunt,
532 2164 682 2224 sonabunt.
737 2163 912 2242 Praecipuus
935 2174 1029 2224 tamen
1058 2166 1117 2228 ern

111 2249 205 2308 hiatus
226 2268 341 2325 earnm,
366 2266 440 2327 quae
464 2266 536 2308 cavo
553 2258 600 2307 aut
616 2247 714 2325 patulo
730 2250 851 2308 maxime
874 2265 925 2308 ore
944 2250 1109 2309 efferuntur.

112 2332 137 2392 E
155 2332 270 2410 planior
284 2334 380 2393 littera
399 2342 462 2409 est,
485 2332 497 2391 l
518 2334 668 2409 angustior
682 2341 743 2408 est,
765 2333 891 2411 ideoque
912 2333 1063 2393 obscurius
1084 2334 1154 2393 in34

110 2416 155 2476 his
175 2418 283 2485 vitium.
328 2416 421 2476 blinns
436 2417 588 2494 peccabit,
613 2418 662 2496 qni
678 2417 773 2493 longis
788 2417 893 2478 breves
909 2417 1060 2491 subiiciet,
1084 2423 1113 2473 et
1149 2472 1151 2477 .

111 2499 219 2576 adhuc,
237 2504 285 2580 qui
301 2510 462 2579 praeponet
479 2501 585 2577 longae
597 2499 727 2561 brevem.
765 2500 876 2560 lllinima
894 2512 939 2561 est
960 2503 988 2560 in
1003 2500 1112 2560 duabus

110 2583 247 2654 breuibus
264 2586 397 2645 offensio.
437 2584 534 2663 Atque
551 2602 615 2644 cum
629 2585 703 2646 aliae
718 2585 925 2663 subiunguntur
939 2585 1024 2657 aliis,
1045 2599 1112 2661 pro·

110 2668 177 2727 inde
204 2671 371 2746 asperiores
391 2679 489 2744 erunt,
515 2677 602 2747 prout
628 2670 687 2727 oris
703 2669 805 2729 ‘habitu
828 2670 912 2729 simili
928 2679 976 2729 aut
996 2669 1111 2728 diverso

111 2753 377 2830 pronuntiabuntur.
421 2752 487 2812 Non
509 2763 604 2812 tamen
627 2752 671 2827 id,
698 2762 729 2812 ut
749 2757 856 2814 crimen
880 2756 997 2829 ingens,
1025 2755 1154 2827 expe-35

111 2836 287 2896 vescendum
313 2845 374 2911 est,
399 2854 434 2896 ac
455 2839 556 2896 nescio
573 2836 750 2912 negligentia
771 2840 799 2896 in
817 2838 874 2896 hoc
889 2854 925 2895 aa
946 2833 1111 2897 sollicitudo

111 2921 149 2979 sit
164 2921 257 2998 peior.
303 2921 434 2980 lnhibeat
458 2921 532 2979 enim
546 2938 671 2979 necesse
690 2929 736 2987 est
751 2920 798 2979 bic
813 2928 905 2979 metus
920 2921 1055 2997 impetum
1071 2916 1112 2976 di·

112 3004 195 3064 cendi
225 3014 254 3063 et
277 3023 293 3064 a
313 3004 475 3082 potioribus
491 3011 611 3063 avertat.
657 3001 754 3076 Quare
775 3013 805 3062 ut
826 3002 1022 3078 negligentiae
1045 3019 1112 3080 pars

111 3087 168 3147 hoc
193 3091 268 3166 pati:
300 3091 339 3148 ita
367 3088 532 3147 humilitatis
554 3086 661 3164 ubique
683 3086 926 3165 perhorrescere,
953 3088 1113 3164 nimiosque

111 3188 168 3230 non
188 3173 329 3231 immerito
354 3173 382 3230 in
403 3170 458 3231 hac
484 3188 553 3230 cura
577 3178 678 3247 putant
698 3186 797 3232 omnes
822 3170 972 3232 Isocraten
995 3180 1113 3230 secutos

112 3257 331 3334 praecipueque
345 3254 574 3334 Theopompum.
604 3252 645 3311 At
658 3252 871 3314 Demosthenes
889 3263 919 3314 et
935 3253 1040 3315 Cicero
1057 3260 1155 3315 ιιι-36

112 3339 177 3397 dice
192 3347 386 3417 respexerunt
402 3338 437 3398 ad
454 3339 527 3398 hanc
542 3346 664 3415 partem.
701 3335 771 3397 Nam
788 3348 817 3398 et
832 3349 972 3399 coeuntes
987 3340 1111 3412 litterae,

113 3439 186 3501 quae
201 3420 380 3499 συναιοιφαι
394 3422 540 3498 dicuntur,
562 3422 647 3479 etiam
666 3420 805 3483 leviorem
819 3423 927 3484 faciunt
934 3424 1112 3542 prationem,
