2434 3925
121 231 161 295 58
434 247 470 293 ιι.
488 246 567 293 rao.
584 244 805 305 Qnmrmmm

120 420 156 462 ne
175 401 267 462 dicam
285 416 385 460 somno
404 408 432 459 et
450 400 648 459 conviviomm
664 415 761 473 mora,
786 407 981 470 conteruntur,
1001 416 1122 477 geome-

120 496 184 546 trae
206 489 302 564 potius
324 501 360 544 ac
383 486 493 543 musico
518 484 673 562 impendat,
698 492 804 559 quanto
827 484 892 561 plus
916 485 1121 543 delectationis

80 570 269 636 lohabiturus
289 586 371 647 quam
390 588 427 628 ex
444 568 502 626 illis
523 568 672 627 ineruditis
691 567 898 645 voluptatibus.
942 568 1030 627 Dedit
1045 571 1122 628 enim

120 655 178 714 hoc
199 654 378 732 providentia
399 650 560 712 hominibus
581 670 698 725 munus,
728 660 759 709 ut
783 652 905 711 honesta
928 643 1018 728 magis
1041 654 1120 711 iuva·

120 747 194 798 rent.
238 739 297 798 Sed
316 754 369 796 nos
388 737 461 796 haec
478 738 542 813 ipsa
563 734 688 794 dulcedo
707 735 822 812 longius
841 737 929 795 duxit.
973 735 1120 795 Hactenus

121 839 194 899 ergo
217 822 253 883 de
273 819 532 899 studiis9quibus‚
555 828 708 896 antequam
727 817 835 879 maiora
855 821 966 897 capiat,
992 837 1065 897 puer
1079 821 1119 878 in-

121 907 279 965 stituendus
301 915 356 972 est;
375 906 522 982 proximus
542 903 616 962 liber
635 904 716 963 velut
733 920 838 966 novum
858 913 951 963 sumet
971 904 1119 964 exordium

121 1000 150 1049 et
172 991 208 1050 ad
230 990 355 1050 rhetoris
379 989 476 1049 ollicia
499 986 640 1046 transibit.

501 1328 662 1393 LIBER
691 1329 737 1394 Π.

120 1463 196 1514 Libro
212 1462 323 1513 secundo
339 1461 401 1512 haec
418 1464 587 1513 continentur:
612 1463 717 1524 Quando
737 1462 832 1512 rhetori
848 1461 982 1513 tradendus
996 1464 1029 1511 sit
1044 1477 1118 1527 puer.

156 1532 193 1581 De
208 1532 321 1581 moribus
340 1539 364 1580 et
381 1531 473 1581 officiis
489 1533 670 1599 praeceptoris.
700 1534 740 1580 An
752 1533 868 1596 protinus
880 1539 1043 1596 praeceptore
1054 1532 1121 1597 opti-

154 1614 196 1650 mo
214 1602 246 1649 sit
254 1601 384 1650 utendum.
411 1601 447 1650 De
457 1603 546 1667 primis
558 1603 627 1668 apud
642 1601 765 1650 rhetorem
778 1599 1009 1652 exeroltationibus.
1034 1599 1071 1649 De
1084 1600 1120 1649 le-

114 1695 126 1720 ι
155 1660 236 1720 btione
247 1677 371 1720 oratorum
385 1676 408 1719 et
419 1669 596 1722 historicorum
609 1671 678 1737 apud
690 1670 824 1721 rhetorem.
854 1668 901 1726 ont
915 1670 991 1735 primi
1008 1669 1119 1734 legendi.

156 1740 193 1788 De
206 1740 332 1789 divisione
343 1749 368 1788 et
379 1740 563 1803 perenchiresi,
580 1741 612 1790 de
623 1739 769 1790 ediscendo.
794 1741 835 1788 An
846 1739 984 1788 secundum
997 1739 1038 1788 sui
1049 1740 1121 1800 quis·

156 1824 204 1871 que
220 1809 316 1874 ingenii
326 1816 440 1858 naturam
452 1810 580 1861 docendus
594 1810 637 1862 sit.
662 1809 700 1857 De
713 1808 796 1860 officio
808 1808 999 1872 discipulorum.
1023 1807 1061 1856 De
1070 1808 1122 1856 uti-

155 1877 224 1927 litate
242 1886 266 1927 et
284 1879 380 1927 ratione
394 1879 562 1931 declamandi.
592 1880 633 1927 An
650 1879 711 1927 artis
727 1877 871 1928 necessaria
887 1876 1006 1941 cognitio,
1037 1874 1121 1934 Quare

155 1947 274 1997 ineruditi
287 1948 470 2013 ingeniosiores
482 1948 559 2014 vulgo
571 1947 719 2002 habeantur.
747 1946 808 2006 Quis
826 1946 915 1996 modus
927 1948 952 1995 in
962 1952 1023 1998 arte.
1050 1944 1121 1995 Divi·

155 2019 193 2066 sio
208 2019 284 2067 totius
306 2018 399 2082 operis.
435 2018 501 2077 Quid
518 2018 552 2067 sit
565 2017 689 2066 rhetorice
704 2025 728 2067 et
745 2019 802 2080 quis
820 2017 874 2065 eius
892 2015 959 2067 linis.
985 2017 1025 2064 hu
1037 2014 1118 2067 utilis.

154 2088 195 2136 An
213 2102 263 2139 ars.
295 2088 335 2135 Ex
347 2088 439 2150 quibus
453 2088 559 2136 artibus.
592 2087 688 2137 Natura
701 2101 732 2136 an
753 2087 868 2136 doctrino
880 2086 938 2151 plus
955 2085 979 2134 ei
996 2084 1118 2136 conferat.

156 2157 196 2205 Au
209 2158 289 2206 virtus
299 2155 432 2209 rhetorice.
464 2155 532 2214 Quae
542 2159 648 2207 materia
659 2156 725 2208 eius.

284 2290 415 2350 QUANDO
433 2293 577 2345 RHETORI
594 2292 794 2344 TRADENDUS
807 2291 963 2346 SITPUssR,

191 2403 214 2464 1.
247 2378 350 2470 Tenuit
373 2408 571 2483 consuetudo,
598 2426 672 2486 quae
701 2408 808 2468 cotidie
836 2408 928 2484 magis
955 2406 1120 2482 invalescit,

121 2498 152 2549 ut
174 2489 413 2567 praeceptoribus
436 2491 638 2570 eloquentiae,
666 2493 773 2553 Latinis
795 2492 911 2571 quidem
931 2509 1046 2570 semper
1066 2490 1122 2550 sed

123 2574 208 2634 etlam
230 2572 349 2634 Graecis
370 2576 498 2651 interim,
528 2576 662 2655 discipuli
684 2578 777 2636 serius
812 2594 896 2655 quam
917 2577 992 2635 ratio
1019 2585 1120 2654 postu·

70 2680 73 2685 ⁴
123 2657 173 2731 lat,
195 2657 386 2719 traderentur.
429 2658 500 2719 Eius
522 2662 566 2720 rei
587 2660 695 2738 duplex
718 2670 877 2736 causaest,
900 2659 977 2737 quod
999 2668 1029 2718 et
1053 2659 1121 2718 rhe-

121 2750 202 2802 tores
227 2744 326 2820 utique
353 2744 445 2803 nostri
474 2762 541 2804 suas
569 2754 668 2823 partes
692 2747 850 2804 omisemnt
884 2753 913 2803 et
942 2744 1122 2821 grammatici

94 2825 231 2893 ballenas
250 2836 476 2906 occupaverunt.
506 2827 578 2888 Nam
595 2838 625 2888 et
641 2829 683 2889 illi
699 2829 864 2889 declamare
881 2829 966 2888 modo
983 2837 1013 2888 et
1025 2828 1121 2887 scien·

123 2911 191 2970 tiam
212 2910 390 2971 declamandi
412 2930 447 2971 ac
476 2912 642 2973 lacultatem
674 2915 789 2973 tradere
818 2913 907 2972 oflicii
931 2914 975 2975 sui
1003 2911 1122 2987 ducunt,

124 2994 210 3071 idque
226 2995 297 3055 intra
313 2995 518 3056 deliberativas
533 2998 741 3075 iudicialesque
760 3000 895 3057 materias
916 2997 1002 3075 (nam
1022 3004 1125 3056 cetera

123 3086 154 3137 ut
176 3080 360 3163 professione
381 3099 432 3140 sua
450 3082 559 3140 minora
581 3081 775 3162 despiciunt);
797 3092 827 3141 et
843 3082 872 3140 hi
888 3099 946 3141 non
967 3082 1037 3141 satis
1057 3098 1125 3139 cre·

123 3162 192 3222 dunt
208 3165 374 3241 excepisse,
396 3183 470 3243 quae
487 3163 590 3224 relicta
609 3175 700 3240 erant,
721 3167 794 3244 (quo
813 3167 927 3239 nomine
940 3166 1033 3242 gratia
1049 3181 1124 3241 quo·

124 3264 180 3324 que
202 3247 237 3305 iis
259 3246 390 3308 habenda
412 3250 479 3328 est)
512 3248 564 3308 sed
587 3251 622 3309 ad
639 3259 876 3329 prosopopoeias
894 3267 987 3327 usque
1005 3266 1040 3308 ac
1055 3265 1124 3308 sua-

123 3334 228 3407 sorias,
246 3331 393 3410 inquibus
411 3349 482 3392 onus
503 3331 616 3393 dicendi
631 3335 680 3394 vel
697 3336 849 3395 maximum
868 3342 929 3409 est,
950 3335 1122 3411 irrumpunt.

94 3423 194 3486 illinc
212 3436 284 3496 ergo
302 3416 416 3491 accidit,
436 3427 477 3491 ut,
496 3434 570 3494 quae
590 3418 710 3478 alterius
728 3420 797 3479 artis
813 3420 903 3497 prima
921 3425 1002 3477 emnt
1017 3433 1123 3494 opera,

124 3508 199 3570 lacta
221 3508 278 3568 sint
300 3504 419 3565 alterius
441 3501 611 3570 novissima:
634 3511 663 3562 et
683 3512 764 3564 aetas
783 3502 933 3564 altioribus
954 3503 1010 3562 iam
1033 3499 1123 3561 disci-
