2434 3925
170 211 230 276 172
481 225 843 287 ιιιιιιιιιιιιιιιιιιιιιι

167 381 258 441 cultas
279 381 390 440 inanem
409 380 495 441 modo
516 379 722 459 loquacitatem
742 381 821 442 dabit
851 389 880 442 et
903 381 996 443 rerba
1025 386 1058 445 in
1091 385 1186 447 labris

136 467 322 528 dnascentia.
350 463 413 525 Illic
427 466 551 539 radices,
566 464 627 524 illic
642 465 823 526 fundamenta
836 474 911 541 suut,
924 466 986 526 illic
1001 486 1086 547 opes
1102 472 1185 532 velut

165 551 310 609 sanctiore
326 549 449 626 quodam
471 549 582 607 aerario
602 548 785 625 reconditae,
808 549 883 610 unde
905 550 941 609 ad
965 551 1092 613 subitos
1113 572 1183 632 quc·

165 649 221 710 que
238 650 334 706 casus,
357 650 421 692 cum
437 649 485 690 res
501 633 609 708 exiget,
623 632 815 710 proferantur.
846 631 932 693 Vires
947 634 1103 696 iaciamus
1119 648 1181 697 ante

165 718 268 790 omnia,
287 732 361 793 quac
376 715 519 775 sufficiant
533 715 626 774 labori
642 718 827 776 certaminum
849 725 878 776 et
897 735 950 776 ιιειι
971 735 1032 778 non
1065 722 1180 781 exhan

136 802 280 862 triantur.
319 798 396 859 Nihil
416 802 491 858 enim
512 818 606 859 rerum
628 802 690 877 ipsa
716 809 815 860 natura
832 800 922 860 voluit
936 818 1082 878 magnum
1103 806 1179 865 eiiic'

165 885 240 958 cito,
263 885 489 961 praeposuitque
511 882 704 960 pulcherrimo
729 886 834 962 cuique
849 886 931 963 operi
948 885 1177 953 difficultatem:

117 990 124 995 ·
164 984 238 1044 quac
255 967 391 1026 nascendi
406 983 522 1045 quoqne
534 964 608 1026 hanc
626 966 729 1027 iecerit
744 968 851 1045 legem,
867 977 897 1028 ut
906 969 1017 1030 maiora
1033 973 1176 1033 animalia

163 1051 267 1110 diutius
284 1049 445 1109 visceribus
461 1051 589 1129 parentis
601 1053 825 1111 continerentur.

246 1133 305 1193 Sed
320 1151 383 1193 cum
398 1135 435 1193 sit
450 1133 557 1212 duplex
574 1137 725 1211 quaestio,
747 1135 924 1212 quomodo
946 1144 975 1195 ει
993 1154 1101 1214 quae
1123 1158 1175 1199 nna·

136 1219 238 1281 5xime
254 1216 340 1277 scribi
365 1226 516 1296 oporteat,
538 1219 593 1277 iam
614 1218 681 1278 hinc
701 1219 830 1278 ordinem
854 1236 969 1296 sequar.
1006 1222 1054 1281 Sit
1082 1227 1173 1302 primo

162 1301 210 1360 vel
225 1302 322 1360 tardus
339 1301 404 1360 dum
418 1301 541 1378 diligens
557 1302 658 1378 stilus,
681 1320 852 1381 quaeramus
874 1305 980 1380 optima
1001 1321 1066 1364 nec
1083 1309 1174 1385 proti

163 1404 215 1444 nus
231 1384 418 1444 offerentibus
433 1403 465 1444 se
480 1386 672 1462 gaudeamus,
695 1385 863 1446 adhiheatur
877 1386 1011 1446 iudicium
1028 1390 1172 1461 inventis,

50 1526 60 1544 ,
162 1468 312 1546 dispositio
327 1467 467 1546 probatis.
499 1467 640 1529 Deiectus
656 1470 730 1529 enim
742 1488 838 1529 rerum
848 1468 1069 1549 verborumque
1084 1492 1172 1552 agen·

161 1551 214 1611 dus
231 1561 276 1611 est
292 1561 320 1611 et
337 1552 466 1630 pondera
478 1553 654 1630 singulorum
670 1553 862 1614 examinanda.
889 1552 958 1615 Post
969 1554 1083 1616 subeat
1100 1561 1172 1617 ratic

163 1635 325 1696 collocandi
341 1630 551 1714 versenturque
567 1638 743 1696 omnimodo
758 1639 877 1711 numeri,
895 1653 952 1696 non
962 1647 1002 1697 ⁴ut
1026 1643 1170 1720 quodque

134 1729 195 1784 fise
211 1720 341 1799 proteret
355 1718 474 1779 verbum
489 1729 615 1798 occupet
630 1721 736 1781 locum.
768 1720 850 1794 Quae
867 1721 980 1799 quidem
996 1731 1029 1781 ιιι
1041 1725 1170 1803 diligen·

161 1805 216 1862 tius
232 1821 418 1882 exequamur,
434 1803 592 1883 repetenda
608 1806 724 1883 saepius
741 1814 822 1864 erunt
835 1806 1006 1883 scriptorum
1018 1813 1167 1884 proxima.

160 1886 231 1946 Nam
242 1896 359 1967 praeter
373 1887 401 1947 id
413 1888 489 1968 quod
505 1890 547 1948 sic
561 1888 663 1948 melius
679 1890 831 1989 iunguntur
841 1889 985 1968 prioribus
997 1895 1167 1970 sequentia,

161 1974 243 2032 calor
264 1990 379 2051 quoque
400 1973 450 2032 ille
471 1975 669 2050 cogitationis,
699 1992 747 2052 qur
773 1973 917 2034 scribendi
934 1990 1014 2033 mora
1038 1978 1165 2048 refrixit,

160 2059 264 2136 recipit
280 2075 317 2116 ex
336 2059 450 2133 integro
472 2060 551 2116 uires
566 2066 596 2117 et
608 2057 690 2117 velut
705 2059 829 2135 repetito
851 2059 944 2135 spatio
967 2061 1055 2118 sumit
1075 2063 1164 2139 impe·

159 2149 231 2208 tum:
259 2140 336 2220 quod
357 2142 385 2199 iu
406 2142 561 2201 certamine
584 2141 705 2202 saliendi
721 2141 783 2200 [ieri
806 2140 952 2216 videmus,
975 2149 1005 2200 ut
1027 2155 1163 2204 conatum

161 2223 275 2301 longius
297 2233 395 2302 petant
410 2225 488 2284 etad
512 2225 598 2302 illud,
622 2242 680 2304 quo
708 2225 905 2299 contenditur,
928 2227 1052 2302 spatium
1077 2245 1162 2287 cursu

159 2306 300 2375 terantur3
320 2318 409 2387 utque
430 2311 458 2368 iu
479 2308 630 2370 iaculando
647 2308 765 2370 brachia
784 2307 947 2369 reducimus
964 2316 994 2368 et
1009 2311 1162 2388 expulsuri

132 2390 217 2453 iteia
237 2408 343 2451 nervos
365 2401 443 2452 retro
464 2392 616 2452 tendimus.
652 2393 768 2453 Interim
787 2400 898 2468 tamen,
919 2392 943 2451 si
964 2391 1043 2451 ieret
1063 2392 1160 2468 flatus,

160 2473 251 2535 danda
267 2484 331 2534 sunt
346 2475 428 2552 vela,
451 2475 515 2535 dum
530 2494 582 2536 nos
602 2476 778 2553 indulgentia
793 2476 843 2535 illa
858 2493 916 2534 non
930 2474 1021 2534 fallat.
1059 2474 1160 2537 Omnia

160 2558 234 2617 enim
252 2567 360 2633 nostra,
377 2559 442 2618 dnm
461 2559 631 2635 nascuntur,
647 2560 777 2638 placent;
799 2559 907 2636 alioqui
923 2578 978 2619 nec
994 2558 1159 2621 scriberen-

158 2650 213 2701 tur.
249 2642 308 2702 Sed
329 2642 479 2702 redeamus
506 2643 542 2703 ad
564 2645 698 2705 iudicium
726 2653 755 2704 ct
777 2651 969 2702 retractemus
990 2654 1158 2722 suspectam

129 2725 332 2788 &facilitatem
363 2727 412 2787 Sic
429 2729 582 2805 scripsisse
598 2728 763 2801 Sallustium
775 2728 951 2805 accepimus,
967 2736 998 2786 ει
1012 2745 1085 2787 sane
1103 2746 1158 2788 ma·

158 2801 279 2869 uifestus
305 2818 349 2869 est
370 2812 454 2871 ctiam
476 2829 514 2871 ex
534 2819 625 2890 opere
645 2812 710 2891 ipsc
731 2810 823 2873 labor.
865 2809 1024 2887 Vergilium
1041 2829 1158 2890 quoqne

157 2896 347 2971 paucissimos
364 2895 411 2955 die
427 2898 627 2973 composuisse
642 2913 745 2954 versus
761 2902 862 2954 auctor
877 2903 922 2954 est
937 2892 1053 2954 Varius.
1087 2893 1156 2955 Ora·

130 2980 229 3038 litoris
245 2978 359 3055 quidem
376 2979 431 3039 alia
452 2980 585 3040 condicio
601 2988 656 3039 est.
694 2977 795 3057 Itaque
814 2977 888 3038 hanc
902 2995 1011 3038 moram
1029 2988 1060 3039 et
1075 2980 1154 3039 solli·

158 3059 309 3120 citudinem
329 3063 414 3122 initiis
436 3064 558 3141 impero.
596 3062 669 3123 Nam
689 3065 810 3140 primum
829 3061 887 3121 hoc
912 3061 1153 3136 constituendum,

156 3142 214 3203 lroc
230 3143 412 3205 obtinendum
428 3156 487 3220 est,
509 3156 638 3224 utquam
654 3148 761 3225 optime
780 3145 953 3214 scribamus;
975 3145 1152 3205 celeritatem

158 3226 236 3286 dabit
251 3232 439 3291 consuetudo.
476 3230 613 3291 Paulatim
630 3248 678 3289 res
694 3230 806 3290 facilius
824 3247 858 3289 se
874 3229 1042 3303 ostendent,
1065 3230 1150 3289 verba

157 3310 381 3389 respondebunt,
400 3316 571 3391 compositio
590 3323 794 3392 prosequetur,
816 3322 917 3373 cuncta
938 3313 1062 3390 denique
1078 3323 1109 3373 ιιι
1126 3315 1150 3372 in

116 3393 261 3457 lotanttia
279 3393 354 3454 bene
375 3398 502 3457 instituta
523 3399 551 3457 in
573 3398 671 3457 cilicio
688 3406 779 3457 erunt.
812 3398 923 3456 Summa
941 3397 1014 3455 hacc
1032 3398 1148 3456 estrei:

158 3480 216 3540 cito
233 3477 386 3539 scribendo
400 3497 457 3539 non
473 3481 514 3558 iit,
536 3492 566 3541 ut
580 3481 657 3544 bene
671 3480 813 3543 scribatur
819 3503 827 3550 ;
850 3479 925 3540 bene
939 3479 1094 3541 scribendo
1110 3481 1148 3558 tt,
