2434 3925
151 267 191 329 26
467 279 827 340 n.nnn.ounun1u1nnr

150 436 247 513 gravis
263 452 316 513 pru
331 436 424 512 flexu,
445 443 476 495 ut
490 432 655 514 Getieum,
678 446 707 496 ει
725 439 772 498 hic
792 437 882 514 primu
903 446 1002 513 acuta,
1023 456 1089 498 num
1104 440 1152 498 sic

150 520 243 579 media
257 529 395 587 mutatum
414 528 461 579 eut
476 519 552 579 flexu
567 537 621 598 pro
639 512 731 598 graui,
748 530 778 580 ut
793 522 985 582 circumducta
1001 524 1147 601 sequenti,

153 622 236 682 quem
257 622 294 663 ex
316 604 425 664 duabus
447 603 568 679 syllabis
593 606 622 663 in
646 623 728 663 unum
753 614 893 681 cogentes
916 615 945 665 et
967 606 1071 666 deinde
1096 607 1147 666 fle·

110 696 264 751 escientes
286 688 439 766 dupliciter
458 696 591 765 peccent.
638 689 696 748 Sed
715 688 743 748 id
766 690 882 765 saepius
904 691 933 748 in
953 690 1072 751 Graecis
1095 708 1147 749 no·

152 772 273 831 minibus
289 773 407 847 eccidit,
426 780 457 830 ut
471 768 599 848 Atreus,
623 790 708 849 quem
723 771 806 834 nobis
823 773 973 833 iu'venihus
987 774 1148 834 doctissimi

154 874 240 915 senes
251 865 334 916 ucntu
348 858 435 934 prima
451 856 549 915 dicere
562 855 705 931 solebant,
719 866 748 915 ut
760 859 927 917 necessario
942 859 1069 918 secunda
1081 877 1148 936 gra·

152 942 196 999 vis
213 949 308 1015 esset,
326 942 395 1000 item
409 937 503 1000 Nerei
520 937 676 1019 neroque.
702 939 782 1000 Haec
797 940 833 999 de
850 942 1017 1001 accentibus
1031 945 1147 1003 tradita.

111 1037 145 1090 25
237 1022 372 1084 Ceterum
395 1025 457 1082 scic
479 1025 549 1098 iem,
572 1025 711 1101 quosdam
731 1026 859 1083 eruditos
880 1025 1034 1085 nonnullos
1057 1028 1148 1086 etiam

152 1110 353 1186 grammaticos
373 1109 416 1166 sic
435 1108 544 1167 docere
565 1125 600 1167 ac
621 1109 717 1186 loqui,
740 1117 771 1167 ut
794 1117 916 1188 propter
935 1127 1039 1169 vocum
1057 1127 1147 1188 quae·

152 1194 215 1253 dein
231 1192 392 1252 discrimina
411 1190 531 1251 verbum
548 1193 661 1251 interim
676 1201 761 1251 acuto
777 1210 850 1252 sono
867 1194 978 1268 finiant,
996 1203 1026 1253 ut
1042 1195 1070 1252 in
1088 1194 1147 1254 illis

110 1275 240 1350 soouuc
264 1276 511 1349 circumlitum,
547 1277 664 1336 mcum
687 1278 825 1354 piscosos
850 1280 1008 1356 scopulos,
1041 1297 1094 1354 ne,
1122 1280 1147 1336 si
1210 1301 1211 1314 ¹

152 1377 271 1438 gravem
290 1362 440 1437 posuerint
461 1359 631 1434 secundnm,
653 1362 758 1421 circus
780 1361 836 1421 dici
855 1362 985 1421 videntur
1004 1379 1062 1421 non
1080 1363 1148 1423 eir-

153 1446 261 1508 cuituc.
306 1443 436 1521 Itemque
464 1462 527 1502 cum
550 1446 642 1521 quale
665 1445 878 1521 interrogantes
906 1447 1003 1523 gravi,
1030 1463 1147 1522 compu-

152 1537 249 1587 'rentes
271 1536 356 1587 acuto
380 1537 482 1586 tenore
510 1527 701 1595 concludunt;
729 1529 806 1605 quod
830 1532 975 1596 tamenin
1000 1529 1146 1589 adverbiis

153 1612 217 1671 iere
244 1612 315 1671 solis
341 1629 375 1671 ec
401 1610 616 1690 pronominibus
642 1612 801 1686 vindicant,
831 1615 860 1671 in
884 1616 989 1673 ceteris
1015 1621 1147 1672 veterem

109 1696 250 1772 utlegem
274 1704 439 1773 sequuntur.
473 1695 540 1755 Mihi
563 1696 675 1755 videtur
699 1696 897 1756 condicionem
915 1706 1039 1773 mutare,
1068 1696 1146 1775 quod

153 1781 197 1839 his
216 1780 289 1839 locis
305 1780 395 1839 verba
414 1781 621 1856 coniungimus.
655 1779 807 1838 Nemeum
828 1782 894 1840 dico
914 1783 1146 1856 circumlitum,

153 1873 285 1942 tanquam
303 1883 387 1924 unum
410 1865 525 1924 enuntio
548 1863 724 1923 dissimulate
746 1864 944 1940 distinctione,
966 1868 1063 1943 itaque
1084 1874 1145 1924 ten·

153 1968 236 2028 quem
249 1951 283 2008 in
301 1968 356 2009 una
376 1966 452 2010 voce
472 1967 527 2008 una
547 1955 592 2008 εει
612 1956 711 2022 acuta,
735 1950 811 2026 quod
832 1949 907 2010 idern
925 1950 1029 2011 eccidit
1045 1951 1073 2008 in
1092 1948 1145 2009 illo

110 2032 266 2099 28Truiue
283 2036 468 2113 quipm'mus
484 2035 524 2094 ub
543 2035 615 2095 otis.
648 2031 767 2107 Evenit,
787 2042 817 2092 ut
837 2035 920 2093 metri
941 2051 1057 2112 quoque
1076 2051 1145 2094 con·

154 2118 229 2178 dicio
244 2127 333 2177 mutet
347 2126 511 2191 accentum,
531 2125 561 2175 ut
576 2114 715 2178 Pecudc's
727 2119 891 2195 pictaeque
905 2121 1063 2187 uolucrem
1081 2134 1145 2176 nam

152 2202 289 2261 volucres
308 2201 402 2260 medin
417 2209 499 2259 acuta
518 2201 629 2276 legum,
648 2203 729 2278 qnia,
750 2203 804 2259 etsi
822 2199 921 2261 nutura
936 2202 1033 2261 brevis
1051 2211 1145 2260 tamen

153 2286 298 2363 positione
322 2284 408 2360 longa
434 2291 494 2358 est,
520 2302 557 2342 ne
582 2284 669 2343 iaciat
692 2284 829 2361 iambum,
857 2304 941 2363 quem
963 2303 1020 2345 non
1041 2287 1147 2363 recipit

109 2376 255 2432 29versus
277 2368 393 2428 herous.
428 2369 567 2445 separatu
588 2385 660 2427 vero
679 2369 752 2428 haec
771 2386 787 2427 a
808 2379 967 2448 praecepto
986 2388 1043 2429 non
1061 2387 1144 2428 rece·

153 2451 237 2527 dent,
262 2461 310 2512 cut
332 2454 357 2510 si
376 2451 555 2514 consuetudo
576 2453 797 2527 vicerit‚‘vetus
815 2454 864 2512 lex
884 2456 1024 2513 sermonis
1045 2452 1144 2512 abole-

152 2535 242 2604 bitur;
271 2537 351 2595 cuius
375 2535 520 2595 difficilior
545 2536 620 2614 apud
640 2535 768 2596 Graecos
793 2536 959 2597 observatio
989 2546 1049 2613 εει,
1064 2538 1144 2614 ‘quia

152 2620 237 2697 plura
253 2619 311 2679 illis
328 2620 464 2699 loquendi
479 2638 604 2696 genera,
622 2637 692 2697 ques
709 2618 876 2692 διαλέκτους
891 2630 1006 2696 vocent,
1023 2630 1052 2680 ει
1067 2622 1145 2698 quod

154 2703 225 2763 elias
241 2705 374 2762 vitiosum
393 2705 505 2763 interim
524 2704 594 2764 alias
613 2712 723 2762 rectum
741 2712 799 2772 est;
822 2705 897 2783 apud
911 2723 965 2764 nos
985 2721 1057 2764 vero
1077 2703 1144 2763 bre·

110 2788 268 2855 sovissimu
289 2790 372 2847 ratio.
403 2787 535 2864 Namque
556 2789 584 2845 in
607 2790 682 2847 omni
703 2805 778 2847 voce
801 2798 883 2848 acute
904 2792 977 2849 intre
993 2805 1145 2847 numerum

153 2873 236 2929 trium
257 2870 432 2946 syllabarum
455 2872 631 2947 continetur,
655 2873 717 2930 sive
739 2871 793 2930 hae
816 2874 930 2932 snnt'in
948 2873 1039 2932 verbo
1062 2872 1144 2940 solue

153 2956 215 3013 sive
239 2955 372 3031 ultimae,
401 2964 431 3015 ει
456 2956 485 3013 in
511 2955 555 3013 his
583 2964 632 3016 aut
657 2958 787 3032 proxima
812 2965 959 3015 extremae
981 2965 1029 3016 aut
1051 2955 1085 3014 ub
1109 2972 1144 3014 ea

151 3039 247 3097 tertia.
287 3038 383 3097 Trium
406 3055 512 3116 porro,
540 3038 575 3097 de
601 3038 703 3116 quibus
727 3039 848 3116 loquor,
870 3040 963 3100 medin
988 3040 1074 3116 longe
1096 3048 1145 3098 aut

153 3131 235 3180 acuta
251 3132 298 3180 eut
313 3122 388 3182 flexu
404 3125 473 3189 erit;
494 3123 597 3182 eodem
613 3123 680 3182 loco
695 3121 792 3185 brevis
806 3125 905 3201 utique
923 3142 1041 3201 gravem
1056 3120 1143 3182 hube-

152 3204 326 3281 husonum,
355 3206 481 3283 ideoque
502 3209 625 3284 positam
647 3214 712 3265 ante
734 3225 766 3265 se
791 3207 820 3266 id
842 3216 887 3266 est
910 3208 945 3267 ab
969 3207 1066 3266 ultima
1085 3214 1143 3265 ter·

109 3301 139 3354 31
152 3291 218 3348 tium
234 3298 327 3348 acuet.
364 3289 416 3348 Est
433 3299 528 3349 cutem
542 3292 571 3348 in
588 3292 662 3348 omni
685 3307 760 3350 voce
779 3293 878 3368 ntique
897 3300 979 3351 acute
1002 3290 1054 3350 sed
1074 3309 1143 3348 nun·

152 3391 236 3451 quem
251 3372 317 3452 plus
331 3391 385 3432 une
399 3391 589 3451 necunquam
603 3374 700 3433 ultime
713 3375 838 3451 ideoque
849 3368 878 3434 in
888 3374 1037 3450 disyllabis
1052 3376 1141 3451 prior.

150 3455 306 3516 Praeterea
322 3475 463 3534 nunqnam
477 3459 505 3516 in
522 3458 622 3517 eadem
637 3457 712 3517 flexu
728 3467 757 3516 et
775 3466 874 3533 acute,
896 3461 1028 3537 quonium
1043 3456 1143 3517 eadem

144 3539 226 3625 ‚flexa
253 3551 282 3602 ει
303 3550 400 3618 acute,
425 3543 522 3620 itaque
543 3550 644 3603 neutro
665 3541 780 3602 claudet
800 3559 903 3602 vocem
925 3543 1060 3604 Latinum.
1098 3541 1142 3603 Eu
