2434 3925
142 206 203 268 276
227 280 230 289 ¹
450 216 809 276 u.ana.ournn1a1nnr

141 374 252 441 babile:
270 372 345 451 quod
360 371 422 431 lieri
435 371 554 430 totidem
568 371 659 433 modis
678 379 749 447 quot
766 372 795 430 in
812 371 884 431 alios
900 381 1006 450 potest.
1044 375 1130 436 Ideo·
1149 373 1172 411 ·’

99 468 197 538 saque
212 457 279 529 boc,
297 457 424 535 quamvis
439 455 576 532 frequens
592 457 645 529 sit,
667 464 793 514 transeo.
823 455 895 517 lllud
911 474 999 533 vero,
1017 462 1130 520 etiamsi

141 541 289 602 ridiculum
305 550 367 615 εει,
389 540 532 616 indignum
553 547 647 598 tamen
667 539 780 598 bomine
796 539 957 616 tolerabili,
982 544 1058 619 qnod
1080 537 1131 604 aut

141 628 263 705 turpiter
277 633 324 684 aut
338 633 473 701 potenter
487 623 604 691 dicitur;
619 623 696 700 quod
712 623 819 682 iecisse
833 625 972 702 quendam
987 629 1059 702 snio,
1080 629 1130 706 qui

140 709 282 773 humiliori
304 708 395 768 libere
416 707 555 767 adversus
587 724 621 765 se
644 707 788 784 loquenti,
821 706 1001 787 Colopbnm,
1027 713 1129 789 inquit,

141 794 195 860 tibi
209 796 320 854 ducam
336 801 364 855 et
383 793 546 870 formulam
570 793 722 867 scribam,
743 793 825 869 qrcod
840 802 932 871 capot
946 796 1057 863 duram
1071 798 1129 856 ba·

140 879 223 940 bean.
257 875 311 935 Hic
327 877 400 935 anim
416 875 529 935 dubium
551 885 612 951 est,
634 884 726 934 utrum
747 876 842 934 ridere
863 877 1009 937 audientes
1033 897 1069 938 an
1089 882 1129 938 in·

140 961 250 1038 dignari
268 960 426 1020 debuerint.

104 1056 140 1112 84
224 1045 364 1122 Superest
383 1061 475 1120 genas
498 1042 714 1120 decipiendi
741 1043 955 1119 opinionem
982 1046 1130 1107 ant-dicta

140 1129 227 1190 aliter
240 1127 436 1205 intelligendi,
463 1144 537 1205 qnae
560 1135 624 1186 sunt
640 1130 668 1186 in
685 1128 759 1185 omni
778 1126 832 1185 bac
846 1130 964 1188 materia
978 1130 1026 1189 rel
1041 1148 1130 1189 venu-

140 1214 274 1273 stissima.
302 1211 479 1288 Inopinatum
497 1220 526 1269 et
545 1229 561 1270 a
577 1211 741 1270 lacessente
763 1210 830 1288 poni
852 1211 944 1287 solet,
967 1213 1052 1289 quale
1074 1223 1129 1289 est,

140 1296 217 1375 quod
235 1297 326 1355 refert
342 1293 457 1369 Cicero,
478 1293 559 1367 outa
571 1296 643 1356 baie
659 1296 755 1370 obest,
771 1297 831 1354 nari
845 1314 897 1357 res
912 1298 1068 1358 etoirtus?
1083 1307 1131 1356 aut

138 1379 210 1440 illud
225 1379 304 1453 atri,
325 1377 419 1441 Hense
440 1380 473 1439 in
494 1380 623 1458 rependis
643 1381 746 1440 causis
759 1380 869 1456 optim
884 1382 1026 1449 vestitum
1049 1390 1079 1439 ει
1101 1382 1130 1439 in

139 1463 336 1534 occurrendo,
357 1471 388 1522 ut
405 1460 526 1538 Cicero,
549 1462 643 1522 audita
666 1462 739 1522 ialsa
753 1462 858 1522 Vatinii
872 1473 981 1539 morte,
1000 1483 1062 1523 cum
1078 1464 1130 1524 ob·

138 1548 214 1606 mum
234 1546 366 1606 libertum
392 1548 453 1605 eius
472 1549 696 1622 interrogasset,
718 1544 849 1607 Rectene
870 1550 993 1609 mnia?
1013 1549 1129 1623 dicenti,

96 1630 251 1698 85Recte;
274 1629 412 1691 Mortuus
426 1633 494 1692 est?
516 1632 616 1707 inquit.
654 1630 792 1690 Plurimus
810 1639 903 1690 autem
926 1634 1003 1691 circa
1022 1634 1130 1692 simu·

139 1715 317 1775 lationem
339 1724 369 1773 et
391 1714 731 1774 dissimulationem
752 1715 827 1772 risus
841 1723 896 1790 εει,
919 1726 1073 1792 quaesunt
1087 1718 1129 1774 vi·

139 1799 203 1858 cina
224 1808 252 1857 ει
264 1805 365 1878 prope
389 1799 504 1863 cadem:
535 1797 587 1858 sed
613 1798 755 1858 simulatio
777 1807 821 1857 est
840 1808 947 1858 certam
967 1802 1130 1877 opinionem

139 1884 222 1942 animi
239 1885 282 1942 sui
302 1883 451 1957 imitantis,
474 1881 660 1942 dissimulatio
681 1882 775 1942 aliena
796 1900 828 1941 se
848 1900 946 1961 parum
965 1884 1131 1960 intelligere

138 1968 282 2045 lingentis.
319 1967 467 2028 Simulavit
488 1967 577 2043 dier,
594 1986 656 2026 oum
674 1969 702 2026 iu
719 1985 806 2027 causa
824 1968 943 2027 subinde
959 1968 1131 2043 dicentibus,
1207 1966 1213 1984 ⁸

140 2049 284 2111 Celsinam
299 2051 335 2111 de
354 2053 594 2127 recognovisse,
617 2068 690 2129 quae
715 2059 776 2110 erat
792 2060 896 2129 potens
913 2052 1032 2112 lamina:
1056 2050 1133 2124 Ouia

97 2143 191 2211 Sfiest,
207 2138 306 2213 inquit,
324 2136 406 2197 iste?
423 2134 566 2195 Celsinam
581 2138 656 2194 enim
667 2135 758 2195 videri
776 2135 830 2194 sibi
844 2138 935 2195 virum
946 2135 1035 2195 linxit.
1065 2135 1130 2195 Dis·

139 2218 280 2278 simulavit
300 2216 417 2293 Cicero,
436 2237 499 2278 cum
515 2220 583 2279 Sex.
600 2218 719 2278 Annalis
735 2222 818 2278 testis
835 2238 915 2278 reum
930 2220 1081 2293 laesisset,
1102 2228 1132 2278 et

139 2303 260 2362 instaret
280 2302 434 2362 identidem
455 2312 608 2362 accusator
632 2303 675 2378 ei,
698 2301 777 2377 Dic,
804 2301 845 2362 M.
869 2302 962 2378 Tulli,
982 2305 1132 2380 numquid

135 2395 225 2465 poter
246 2384 525 2448 aeneasannos
545 2404 649 2446 versus
671 2388 744 2446 enirn
764 2386 862 2446 dicere
882 2388 979 2466 coepit
998 2387 1035 2447 de
1056 2386 1132 2447 libro

139 2469 222 2530 Ennii
238 2469 332 2529 annali
348 2479 449 2529 sexto:

293 2552 369 2625 Quoia
380 2556 460 2633 potin
478 2554 608 2633 inpectis
623 2572 737 2615 causas
752 2555 889 2615 mulcere
902 2554 981 2615 belli.

97 2648 130 2706 87
141 2636 193 2698 Cui
209 2640 271 2697 sine
293 2638 379 2697 dubio
400 2638 659 2715 frequentissimam
676 2638 724 2697 dat
744 2641 929 2698 occasionem
946 2637 1132 2714 ambiguitas:

74 2795 77 2800 ,
138 2731 169 2782 ut
185 2721 342 2797 Cascellio,
360 2723 408 2799 qui
424 2723 611 2782 consultatori
627 2721 747 2797 dicenti,
766 2720 881 2782 Nucem
896 2723 1034 2782 dividere
1046 2722 1134 2791 oolo;

139 2805 271 2883 Perdes,
292 2807 390 2883 inquit.
427 2806 486 2866 Sed
507 2807 598 2864 averti
615 2805 780 2865 intellectus
805 2815 833 2865 et
850 2805 934 2865 aliter
950 2805 1042 2879 solet,
1068 2824 1133 2864 enm

140 2890 176 2951 ab
199 2889 396 2968 asperioribus
420 2891 455 2950 ad
477 2890 588 2949 leniora
611 2890 788 2949 deflectitur:
811 2898 842 2948 ut
864 2891 911 2966 qui
926 2891 1132 2965 interrogatus,

140 2975 207 3052 quid
222 2976 341 3034 sentiret
357 2974 393 3033 de
409 2992 455 3050 eo,
473 2976 521 3052 qui
540 2976 567 3033 in
586 2973 726 3033 adulterio
739 2973 936 3050 deprehensus
948 2982 1037 3046 esset,
1057 2972 1134 3033 Tor·-

97 3061 211 3123 ssssdum
228 3060 326 3136 [abac
343 3059 503 3136 respondit.
540 3057 576 3117 Ei
596 3058 709 3116 contine
725 3065 785 3132 est,
802 3056 879 3134 quod
895 3057 998 3115 dicitur
1012 3073 1066 3133 per
1082 3073 1132 3114 su-

141 3143 315 3221 spicionem:
332 3142 417 3219 quale
435 3142 505 3202 illud
523 3141 597 3219 apud
614 3139 785 3201 Ciceronem
802 3140 949 3218 querenti,
966 3140 1042 3216 quod
1057 3155 1134 3198 uxor

140 3243 191 3286 sna
206 3244 243 3285 ex
258 3226 313 3284 lico
330 3243 397 3284 sese
413 3225 627 3304 suspendisset,
650 3225 749 3303 Repo,
765 3225 908 3285 dormibi
922 3224 1077 3283 surculum
1092 3240 1133 3284 ec

138 3310 193 3371 illc
209 3310 331 3384 arbore,
347 3315 380 3369 ut
392 3312 536 3371 cosmum.
569 3308 742 3385 lntelligitur
757 3309 840 3382 enim,
859 3307 934 3384 quod
947 3324 1003 3366 non
1019 3307 1130 3366 dicitur.

97 3394 176 3460 89Ει
195 3392 316 3453 hercule
338 3395 428 3451 omnis
454 3393 532 3453 salse
558 3392 671 3452 dicendi
698 3393 771 3451 ratio
793 3394 821 3450 in
843 3408 879 3450 eo
901 3398 961 3463 εει,
983 3398 1014 3449 ut
1035 3390 1131 3463 aliter,

142 3497 226 3558 quam
247 3485 292 3538 est
313 3485 424 3536 rectum
443 3493 616 3555 rerumque,
637 3476 761 3546 dicatum
783 3476 859 3554 quod
874 3476 904 3536 bt
918 3481 1008 3534 toturn
1022 3473 1132 3551 lingen-
