2434 3925
287 131 291 136 ’
341 150 431 198 mrsu.
448 149 595 198 olearon.
613 151 682 197 uns.
696 151 754 216 111,
769 148 795 202 o.
1009 137 1070 198 129

77 307 107 366 in
124 321 163 364 eo
179 306 249 363 satis
265 311 310 363 est
321 305 482 365 ostendisse
495 304 699 381 coniecturam,
715 303 880 379 linitionem,
896 301 1069 382 qualitatem.

76 388 229 466 legalium
248 387 347 466 plures
374 390 429 448 sint
449 390 565 467 species
586 406 710 447 necesse
732 396 792 463 est,
818 398 975 466 propterea
996 389 1113 466 quod8⁷

76 473 187 533 multae
202 480 267 531 sunt
278 471 361 548 leges
374 481 403 531 et
416 474 510 532 varias
522 470 628 531 habent
638 472 754 531 formas.
780 470 845 531 Alia
859 480 904 531 est
915 475 994 531 cuius
1006 492 1070 532 ver·

76 556 124 617 bis
138 557 263 632 nitimur,
281 556 337 616 alia
355 557 435 615 cuius
451 556 610 630 voluntate,
626 555 697 615 alias
711 554 805 629 nobis,
821 572 884 614 eum
897 557 952 634 ipsi
965 556 1072 616 nullam

47 654 50 659 ·
76 640 255 714 habeamus,
277 639 467 716 adiungimus,
489 639 561 699 alias
582 641 657 698 inter
672 657 706 698 se
721 656 935 715 comparamus,
957 640 1028 699 alias
1043 642 1072 699 in

77 726 227 785 diversum
242 724 470 801 interpretamur.
501 724 550 783 Sic
564 732 720 782 nascuntur
734 722 808 782 haee
822 722 901 781 velut
919 723 1114 786 simulacra88

78 826 118 867 ex
135 807 197 867 illis
211 806 318 883 tribus,
343 808 455 866 interim
476 806 617 885 simplicia
637 808 750 866 interim
773 814 802 865 et
822 808 909 865 mixta
926 809 1073 884 propriam

77 902 178 952 tamen
193 890 296 949 faciem
311 890 506 965 ostendentia,
527 899 558 950 ut
572 892 673 969 scripti
691 899 720 950 et
734 890 906 966 voluntatis,
923 908 996 969 quae
1011 892 1072 949 sine

77 974 169 1036 dubio
185 982 233 1033 aut
254 974 390 1051 qualitate
413 982 461 1033 aut
482 974 647 1032 coniectura
670 975 864 1041 continentum
886 982 915 1032 et
936 973 1072 1049 syllogis-

78 1076 156 1134 mos,
172 1058 220 1135 qui
237 1067 280 1117 est
295 1059 415 1117 maxime
427 1056 583 1135 qualitatis;
601 1066 630 1116 et
648 1056 732 1135 leges
748 1059 920 1130 contrariae,
937 1074 1010 1135 quae
1025 1060 1072 1116 iis·
1089 1067 1091 1072 '

79 1143 165 1217 dern,
190 1141 291 1219 quibus
313 1143 449 1220 seriptum
470 1150 498 1200 et
519 1141 669 1217 voluntas,
686 1150 830 1209 constant;
855 1146 885 1200 et
901 1137 1072 1220 ἀμφιβολία,

82 1244 158 1304 quae
173 1243 290 1303 semper
305 1226 471 1285 coniectura
491 1225 661 1303 explicatur.
697 1224 801 1285 linitio
823 1243 938 1305 quoque
960 1227 1116 1302 utrique89

80 1311 196 1387 generi,
216 1308 350 1387 quodque
367 1327 462 1368 rerum
478 1309 613 1387 quodque
628 1311 729 1387 scripti
745 1310 989 1387 contemplatione
1005 1325 1073 1367 con-

82 1401 156 1467 stat,
177 1394 332 1452 communis
346 1401 399 1454 est.
433 1391 512 1452 Haec
527 1395 636 1467 omnia,
652 1396 762 1453 etiamsi
779 1396 807 1453 in
823 1393 890 1453 illos
905 1403 965 1454 tres
982 1401 1074 1452 status

45 1545 49 1550 ⁴
82 1478 215 1535 veniunt:
231 1485 336 1551 tamen,
353 1478 418 1553 quia
435 1476 481 1555 (ut
495 1476 568 1556 dixi)
582 1475 688 1536 habeut
703 1477 810 1557 aliquid
820 1477 900 1537 velut
914 1478 1074 1555 proprium,

38 1608 42 1615 .
82 1560 216 1620 videntur
235 1560 452 1620 demonstranda
473 1560 666 1635 discentibus,
688 1570 717 1619 et
736 1562 953 1639 permittendum
975 1578 1009 1619 ea
1034 1560 1074 1620 di·

84 1661 153 1703 cere
169 1643 217 1702 vel
235 1651 324 1703 status
342 1642 454 1720 legales
474 1644 522 1703 vel
545 1647 730 1721 quaestiones
750 1643 799 1704 vel
820 1647 914 1722 capita
935 1644 1075 1722 quaedam

83 1731 209 1796 minora;
225 1727 290 1787 dum
305 1729 405 1803 sciant,
422 1727 490 1787 nihil
505 1746 541 1787 ne
556 1727 639 1787 iubis
653 1728 767 1804 quidem
785 1737 902 1805 praeter
916 1730 980 1802 tria,
1000 1744 1074 1804 quae

83 1811 295 1891 praediximus,
314 1814 423 1889 quaeri.
453 1810 492 1870 At
507 1809 668 1884 Quantum?
683 1819 712 1869 et
727 1810 818 1884 Quam
834 1808 971 1871 multum?
986 1819 1015 1869 et
1030 1809 1117 1874 Adao

12 1915 17 1918 ’
83 1895 192 1974 aliquid
207 1903 245 1971 et,
261 1903 292 1953 ut
306 1895 433 1954 nonnulli
449 1903 631 1973 putaverunt,
653 1895 863 1972 comparativus
880 1910 938 1953 non
955 1893 1075 1977 eandem

83 1982 227 2040 rationem
241 1978 360 2049 habent;
377 1989 441 2039 sunt
457 1980 529 2038 enirn
544 1979 619 2044 baec
632 1995 689 2038 non
704 1979 740 2038 ad
753 1981 920 2038 varietatem
937 1980 1006 2037 iuris
1022 1978 1075 2036 sed

64 2060 120 2123 *ad
135 2062 229 2122 solam
243 2065 381 2123 rationem
396 2062 565 2137 referenda,
586 2063 712 2139 ideoque
736 2080 852 2140 semper
871 2065 899 2121 in
923 2070 1005 2139 parte
1017 2070 1076 2120 aut
1107 2105 1118 2123 ,

84 2149 270 2206 coniecturae
287 2157 334 2207 aut
354 2148 496 2226 qualitatis
516 2146 649 2225 ponenda
669 2155 751 2223 sunt,
772 2155 803 2205 ut
825 2145 888 2220 Qua
908 2141 1024 2205 mente?
1040 2153 1076 2208 ,et

84 2229 152 2305 Quo
167 2228 319 2307 tempore?
335 2241 364 2291 et
378 2230 441 2304 Quo
457 2227 546 2292 loco?

171 2314 230 2374 Sed
252 2315 288 2375 de
309 2314 438 2392 singulis
459 2315 584 2375 dicemus
606 2313 838 2393 quaestionibus,
865 2331 929 2373 cum
951 2320 1116 2376 tractarem

83 2405 245 2478 praecepta
260 2398 407 2459 divisionis
424 2400 615 2476 coeperimus.
646 2397 709 2458 Hoc
723 2400 797 2457 inter
815 2415 913 2457 omnes
930 2398 1076 2472 convenit,

85 2484 114 2541 in
130 2483 225 2541 causis
248 2482 424 2560 simplicibus
446 2481 576 2559 singulos
597 2489 688 2541 status
710 2500 777 2541 esse
800 2499 965 2557 causarum,
989 2499 1076 2560 quae·

87 2567 210 2625 stionum
232 2575 344 2642 autern,
374 2583 448 2644 quae
470 2566 550 2625 velut
570 2565 719 2624 subiacent
740 2565 784 2624 bis
807 2574 836 2625 et
856 2566 892 2625 ad
913 2564 996 2640 illud,
1019 2581 1077 2644 quo

86 2648 220 2709 iudicium
235 2646 406 2724 continetur,
422 2650 595 2723 referuntur,
615 2666 705 2726 saepe
717 2650 843 2710 in'unam
857 2649 963 2710 cadere
978 2647 1078 2726 plures

87 2749 192 2811 posse;
215 2733 322 2811 (otiam
338 2733 427 2794 credo
443 2733 595 2811 aliquando
611 2732 750 2808 dubitari,
775 2750 833 2811 quo
856 2742 931 2792 statu
946 2734 984 2791 sit
997 2741 1120 2796 utem-92

88 2815 168 2891 dum,
195 2833 258 2877 aum
273 2817 411 2876 adversus
433 2835 515 2877 unam
530 2818 715 2876 intentionem
730 2816 813 2895 plura
830 2825 1027 2894 opponuntur;
1049 2823 1079 2875 et

88 2900 162 2958 sicut
179 2901 207 2958 in
223 2900 324 2963 colore
340 2900 443 2961 dicitur
457 2902 643 2975 narrationis,
662 2919 726 2960 eum
742 2919 808 2960 esse
824 2902 976 2978 optimum,
994 2916 1079 2976 quem

87 2991 171 3041 actor·
187 2985 293 3061 optime
309 2993 436 3045 tueatur:
460 2985 498 3044 ita
513 2983 560 3044 bic
576 3001 692 3062 quoque
704 3001 794 3062 posse
808 2983 880 3056 diei,
897 3000 961 3041 aum
976 2992 1080 3042 statum

87 3084 157 3125 esse
178 3066 353 3143 laciendum,
380 3068 409 3126 in
429 3085 487 3146 quo
511 3068 618 3129 tuendo
639 3067 790 3145 plurimum
809 3066 947 3127 adhibere
979 3069 1080 3126 virium

87 3151 182 3228 possit
208 3159 318 3218 orator;
346 3150 472 3237 ideoque
500 3169 554 3230 pro
582 3150 689 3211 Milone
716 3150 792 3210 aliud
821 3149 956 3210 Ciceroni
983 3150 1122 3227 agentittit

87 3233 196 3312 placuit
218 3233 295 3294 aliud
315 3234 423 3311 Bruto,
451 3253 514 3295 cum
535 3237 751 3295 exercitationis
770 3236 864 3310 qratia
892 3240 1081 3312 componeret

89 3318 261 3394 orationem,
280 3336 342 3378 eum
358 3319 408 3381 ille
423 3321 485 3379 iure
501 3326 634 3396 tanquam
648 3318 843 3377 insidiatorem
855 3321 982 3378 occisum
994 3325 1024 3376 et
1038 3324 1079 3375 ta·

87 3418 226 3461 mennon
241 3400 356 3462 llilonis
372 3403 493 3464 consilio
510 3402 632 3480 dixerit,
656 3401 706 3463 ille
722 3403 806 3464 etiam
820 3403 961 3481 gloriatus
976 3402 1013 3460 sit
1029 3415 1079 3463 oe·

130 3505 162 3544 ι.
173 3505 197 3543 r.
211 3504 320 3552 oumrn„
898 3486 918 3549 9
