2434 3925
356 185 447 234 msc.
470 185 621 236 ocnuou.
644 187 766 252 nrm,
784 185 811 235 1.
1007 178 1063 243 161

56 324 166 419 cutus,¹
177 345 320 419 interpres
336 342 434 418 operis
452 340 555 416 alieni,
571 359 629 400 non
644 343 822 419 spernendus
838 344 952 421 quidem
966 363 1066 405 verum

56 429 99 491 ad
117 426 277 503 augendam
295 425 461 485 facultatem
482 425 594 485 dicendi
618 422 716 503 parum
737 427 891 505 locuples
914 427 1108 498 Enniumssss

56 517 140 572 sicut
156 528 257 573 sacros
269 518 413 568 vetustate
432 509 515 568 lucos
533 510 700 586 adoremus,
721 513 750 569 in
771 512 873 588 quibus
893 514 1013 588 grandia
1037 525 1065 574 et

56 598 180 673 antiqua
197 593 303 654 robora
317 594 372 652 iam
387 610 444 652 non
467 602 572 654 tantam
586 594 694 654 habent
709 598 838 672 speciem
853 605 985 674 quautam
999 598 1065 657 reli·

57 683 190 758 gionem.
218 678 373 756 Propiores
386 676 434 736 alii
449 687 535 755 atque
547 677 581 736 ad
597 678 665 754 boc,
681 678 717 737 de
734 697 790 756 quo
807 680 959 758 loquimur,
975 685 1066 759 magis

57 764 162 824 utiles.
200 762 338 822 Lascivus
360 761 475 839 quidem
497 765 525 820 iu
548 761 646 821 herois
666 780 782 840 quoque
799 762 953 824 Ovidius
975 775 1004 824 et
1025 768 1065 826 rii·

56 851 149 908 mium
167 856 277 907 amator
293 846 399 922 ingenii
415 847 469 920 sui,
486 846 643 909 laudandus
659 856 753 905 tamen
765 849 793 906 in
808 848 946 925 partibus.
979 847 1108 917 Cor-89

55 933 185 992 nelius
208 939 302 990 autem
331 931 506 1003 Severus,
536 931 647 989 etiamsi
669 932 850 991 versificator
871 949 955 1012 quam
978 943 1066 1011 poeta

56 1017 177 1090 melior,
192 1016 216 1074 si
227 1023 331 1089 tamen,
345 1023 375 1072 ut
390 1022 434 1073 est
446 1013 561 1090 dictum,
575 1014 609 1073 ad
624 1016 772 1092 exemplar
784 1019 866 1094 primi
879 1016 943 1077 libri
958 1018 1066 1078 bellum

29 1174 31 1177 ι
58 1101 192 1161 Siculum
207 1101 443 1177 perscripsisset‚
462 1099 621 1158 vindicaret
636 1099 690 1158 sibi
708 1102 769 1158 iure
787 1101 943 1160 secundum
960 1102 1065 1162 locum.

58 1189 260 1246 Serranum
277 1185 465 1242 consummari
476 1200 553 1242 mors
568 1185 714 1243 immatura
727 1201 784 1243 non
795 1203 882 1263 passa
894 1194 952 1253 est;
969 1188 1065 1263 pueri·

57 1271 100 1331 lia
108 1280 205 1328 tamen
220 1270 282 1326 eius
295 1284 384 1345 opera
398 1276 426 1326 et
444 1270 593 1327 maximam
606 1269 731 1328 indolem
744 1270 933 1329 ostenduutet
946 1270 1066 1330 admira·

57 1355 152 1414 bilem
160 1353 318 1430 praecipue
330 1353 358 1410 in
369 1360 464 1416 aetate
476 1352 524 1411 illa
537 1354 609 1411 recti
622 1355 737 1429 generis
749 1353 934 1413 voluntatem.
951 1353 1109 1419 blultumbb

56 1442 88 1499 in
105 1436 261 1497 Valerio
281 1434 420 1496 Flacco
444 1455 536 1514 nuper
559 1439 711 1496 amisimus.
747 1437 912 1498 Vehemens
929 1447 957 1497 et
972 1440 1066 1516 poeti-

59 1541 128 1583 cum
143 1522 286 1597 ingenium
302 1520 420 1580 Saleii
436 1520 538 1579 Bassi
554 1521 622 1595 luit,
644 1519 699 1581 nec
718 1523 810 1599 ipsum
826 1531 961 1583 senectus
977 1532 1065 1582 matu·

57 1607 147 1667 ravit.
178 1604 353 1665 Rabirius
375 1623 409 1663 ac
424 1604 519 1663 Pedo
541 1622 598 1663 non
614 1606 721 1682 indigni
738 1609 914 1682 cognitione,
932 1608 956 1665 si
970 1616 1066 1667 vacet.

58 1691 230 1751 Lucanus
255 1688 358 1747 ardeus
381 1698 410 1747 et
428 1690 588 1747 concitatus
607 1698 636 1748 et
657 1692 806 1748 sententiis
828 1691 1005 1750 clarissimus
1026 1700 1066 1766 et,

58 1785 91 1834 ut
109 1774 203 1834 dicem
219 1773 301 1855 quod
315 1774 426 1847 sentio
448 1774 540 1849 magis
561 1773 725 1832 oratoribus
745 1791 828 1851 quam
846 1776 941 1851 poetis
958 1776 1066 1834 imitau-
1156 1800 1158 1811 ·

58 1859 125 1919 dus.
165 1858 224 1916 llos
240 1857 462 1933 nominavimus,
489 1858 554 1933 quia
575 1854 774 1919 Germanicum
795 1857 957 1934 Augustum
973 1857 1033 1917 ab
1025 1877 1065 1917 rn-
1054 1866 1108 1921 -91

59 1943 169 2004 stitutis
193 1941 293 2002 studiis
319 1941 438 2002 dellexit
462 1957 531 2001 cura
552 1948 706 2018 terrarum,
729 1959 887 2020 parumque
904 1941 958 2001 diis
974 1943 1067 2002 visum

39 2037 195 2118 (ecesse
211 2046 275 2085 eum
289 2027 612 2102 maximumpoetarum.
649 2025 724 2099 Quid
747 2035 843 2085 tamen
858 2026 926 2085 his
918 2027 989 2104 ipsis
1004 2028 1066 2086 eius
1148 2057 1150 2062 >

41 2079 219 2212 operibus,
242 2113 360 2188 iniquae
378 2110 510 2169 donato
500 2110 623 2187 imperio
640 2112 753 2169 iuvenis
771 2120 955 2186 secesserat
977 2110 1065 2170 subli-

60 2200 152 2271 mius,
172 2195 301 2268 doctius,
325 2193 455 2253 omnibus
471 2193 596 2271 denique
612 2197 735 2254 numeris
752 2156 964 2273 praestantius?
995 2194 1066 2268 Quis

62 2283 139 2342 enirn
158 2286 276 2338 caneret
289 2277 368 2337 bella
383 2277 497 2352 meiius,
514 2295 596 2355 quam
615 2281 663 2356 qui
676 2280 718 2338 sic
733 2276 832 2356 gerit?
869 2279 962 2353 Quem
982 2297 1066 2358 prae-

62 2365 192 2425 sidentes
209 2364 309 2422 studiis
324 2363 397 2422 deae
412 2363 532 2440 propius
547 2360 698 2423 audirent?
729 2361 782 2423 Cui
797 2366 888 2440 magis
904 2381 971 2423 suas
989 2374 1066 2424 artes

63 2450 192 2528 aperiret
207 2447 346 2506 familiare
367 2464 470 2505 numen
487 2443 638 2506 Minerva?
672 2446 778 2507 Dicent
799 2446 873 2508 baec
890 2448 1004 2526 plenius
1023 2449 1109 2512 tu-sa

64 2543 128 2593 tura
144 2531 272 2606 saecula,
289 2550 363 2591 nunc
386 2531 460 2590 enim
475 2539 636 2591 ceterarum
651 2531 767 2609 fulgore
781 2534 917 2592 virtutum
932 2532 994 2592 laus
1010 2534 1066 2591 ista

65 2617 292 2695 praestringitur.
332 2613 394 2674 Nos
414 2624 509 2674 tamen
528 2633 612 2675 sacra
641 2615 798 2676 litterarum
821 2616 953 2677 colentes
976 2617 1066 2690 ieras,

11 2709 12 2742 ³
67 2696 185 2774 Caesar,
200 2701 225 2758 si
242 2717 299 2758 uon
320 2702 436 2759 tacitum
457 2699 514 2759 boc
534 2702 725 2780 praeterimus
741 2709 770 2759 et
790 2700 958 2777 Vergiliano
985 2708 1066 2759 certe

65 2800 152 2841 versu
166 2792 319 2843 testamur:

190 2865 275 2927 later
288 2869 434 2929 victrices
447 2868 594 2929 dederam
609 2868 664 2929 tibi
676 2887 803 2948 serpere
817 2870 933 2929 laurus.

62 2948 195 3030 Elegia
212 2969 328 3029 quoque
345 2951 474 3011 Graecos
490 2969 699 3029 provocamus,
727 2955 808 3012 cuius
828 2951 894 3010 mibi
912 2960 1009 3011 tersus
1025 2961 1066 3011 at·
1074 2959 1109 3015 93

60 3050 123 3115 que
145 3035 265 3111 elegans
287 3036 408 3094 maxime
431 3034 544 3094 videtur
571 3046 674 3096 auctor
698 3036 880 3096 Tibullus.
923 3036 995 3095 Sunt
1017 3036 1066 3114 qui

59 3117 300 3197 Propertium
325 3118 432 3180 malint.
478 3117 633 3179 Ovidius
662 3128 786 3198 utroque
812 3120 964 3195 lascivior,
990 3122 1066 3180 sicut

59 3202 164 3266 durior
178 3201 316 3262 Gallus
349 3204 471 3263 Satira
487 3204 600 3280 quidem
616 3213 678 3264 tota
692 3214 790 3264 nostra
808 3213 868 3278 est,
887 3204 917 3261 in
933 3220 988 3281 qua
1006 3204 1063 3282 pri·

62 3305 128 3348 rans
143 3287 283 3363 insignem
299 3285 410 3346 laudem
427 3288 548 3366 adeptus
564 3287 730 3348 Lucilius
746 3287 884 3367 quosdam
898 3289 937 3347 ita
949 3288 1063 3348 deditos

69 3373 122 3433 sibi
137 3370 229 3432 adbuc
244 3369 331 3429 babet
347 3380 505 3447 amatores
521 3382 551 3432 ut
567 3391 631 3432 eum
645 3390 703 3432 non
719 3372 844 3432 eiusdem
861 3371 946 3432 modo
965 3372 1063 3450 operis
1106 3369 1108 3390 '

11 3455 12 3503 ι
72 3454 232 3517 auctoribus
252 3453 305 3514 sed
328 3454 457 3516 omnibus
474 3458 569 3537 poetis
592 3457 743 3539 praeferre
756 3473 813 3516 non
827 3455 965 3516 dubitent.
997 3454 1105 3533 Eg094

11 3557 12 3580 ³
111 3560 140 3598 ιι.
150 3561 174 3598 s.
188 3558 301 3609 curuum.
312 3543 347 3600 11.
484 3551 487 3560 '
873 3539 909 3602 11
