2434 3925
97 215 99 220 ⁴
144 193 184 256 80
452 206 489 253 u.
504 204 582 252 ssu.
598 204 815 264 consummar

143 369 249 421 motum
264 377 322 420 uon
337 359 513 420 enuntiandis
529 359 581 418 sed
599 337 774 437 quaerendis
790 358 888 417 verbis
904 355 1139 416 accommodant.

28 471 30 482 ·
116 444 280 510 oNonnulli
296 453 376 504 certa
393 443 447 502 sibi
462 444 556 516 initia,
572 445 737 521 priusquam
759 460 874 501 sensum
892 442 1067 515 invenerint,
1087 440 1141 499 do-

144 532 263 602 stinant,
288 528 389 607 quibus
407 527 514 605 aii'quid
536 526 635 586 diserti
656 526 883 602 subiungendum
905 526 958 599 sit,
978 542 1072 602 eaque
1089 524 1141 582 diu

144 629 244 672 secum
259 611 314 690 ipsi
330 612 466 689 clareque
482 611 609 672 meditati
627 611 782 687 desperata
795 608 985 668 connectendi
996 607 1141 667 facultate

139 697 282 777 *deserunt
298 705 327 755 et
343 696 378 754 ad
394 694 449 754 alia
466 695 612 771 deinceps.
623 703 709 772 atque
726 692 791 752 inde
808 693 863 753 alia
879 709 935 751 nun
947 694 1038 750 minus
1057 708 1138 749 com·

116 781 237 845 omunia
265 798 299 839 ac
319 787 386 838 nota
410 779 571 837 devertunt.
617 779 672 850 Qui
700 777 850 855 plurimum
872 778 1005 836 videntur
1026 774 1141 834 habere

144 865 272 938 rationis,
288 865 388 922 nonin
404 880 505 921 causas
523 871 618 921 tamen
634 861 763 920 laborem
784 878 865 920 suum
881 861 933 919 sed
951 862 979 918 in
995 859 1078 919 locos
1098 860 1140 916 in-

53 1004 55 1009 .
145 947 279 1022 tendunt,
302 956 389 1026 atquc
411 948 439 1003 in
459 946 503 1006 his
525 963 582 1004 non
603 947 721 1023 corpori
741 946 920 1022 prospiciunt
942 944 995 1002 sed
1015 943 1140 1020 abrupta

117 1032 301 1111 lquaedam,
323 1041 355 1090 ut
374 1031 450 1089 lorte
466 1030 502 1089 ad
517 1048 629 1089 manum
644 1047 770 1103 uenere,
794 1029 962 1088 iaculantur.
995 1025 1077 1086 Unde
1095 1027 1139 1099 fit,

145 1125 176 1174 ut
193 1116 333 1174 dissoluta
357 1123 444 1177 etex
465 1114 587 1172 diversis
617 1123 756 1189 congesta
779 1114 872 1171 oratio
896 1111 1056 1172 cohaerere
1079 1127 1141 1167 non

145 1200 237 1284 possit
261 1198 419 1276 similisque
444 1198 480 1256 sit
504 1214 659 1275 puerorum
679 1198 909 1271 commentariis,
940 1196 968 1252 in
992 1212 1065 1272 quos
1089 1212 1138 1266 ea,

146 1300 220 1361 quae
237 1283 300 1341 aliis
325 1281 550 1341 declamantibus
573 1281 689 1341 laudata
713 1289 796 1355 sunt,
820 1288 968 1357 regerunt.
1015 1277 1139 1354 Magnas

145 1376 240 1426 tamen
256 1361 413 1427 sententias
430 1375 459 1423 et
476 1384 524 1424 res
540 1365 649 1439 bonas,
674 1366 712 1424 ita
728 1367 802 1422 enim
817 1364 937 1440 gloriari
952 1363 1066 1435 solent,
1084 1361 1139 1419 eli-

147 1450 231 1516 duut;
255 1468 319 1508 nam
343 1459 372 1508 et
396 1448 510 1508 barbari
526 1457 555 1508 et
570 1452 664 1516 servi;
681 1458 710 1507 et
727 1450 751 1506 si
769 1448 825 1508 boc
840 1457 884 1507 sat
900 1456 962 1521 est,
988 1445 1065 1505 nulla
1092 1453 1140 1503 est

146 1535 218 1592 ratio
234 1533 356 1593 dicendi.

125 1735 127 1740 .
181 1757 184 1768 γ
225 1686 355 1745 QUARE
379 1685 583 1735 lNERUDITl
608 1683 913 1734 INGENIOSIORES
937 1681 1067 1733 VULGO

512 1769 758 1820 HABonn'Tou.

228 1868 291 1928 ΧΠ.
319 1866 365 1929 Ne
381 1868 437 1928 boc
453 1870 567 1948 quidem
583 1869 760 1946 negaverim,
777 1869 861 1945 sequi
876 1866 1046 1944 plerumque
1063 1863 1138 1922 hone

146 1955 320 2035 opinionem,
338 1961 368 2013 ut
383 1954 484 2013 lortius
501 1954 599 2015 dicere
618 1954 769 2013 videantur
784 1951 907 2017 indocti;
933 1951 1052 2028 primum
1066 1948 1138 2006 vitio

144 2039 219 2097 ma'le
234 2038 432 2112 iudicantium,
449 2040 497 2115 qui
514 2041 651 2098 maiorem
668 2035 777 2095 habere
792 2037 848 2094 vim
865 2035 984 2094 credunt
999 2051 1044 2106 ea,
1061 2050 1138 2110 quae

144 2139 201 2181 non
212 2121 319 2181 babent
331 2129 431 2196 artem,
449 2131 480 2179 ut
493 2123 649 2199 effringere
662 2138 746 2199 quam
758 2120 883 2197 aperire,
901 2136 1035 2195 rumpere
1053 2133 1138 2194 quam

117 2206 280 2278 2solvere,
305 2205 419 2264 trahere
443 2223 526 2282 quam
550 2208 659 2265 ducere
688 2213 788 2282 putant
810 2202 965 2262 robustius.
1011 2199 1083 2259 Nam
1108 2208 1139 2257 et

145 2288 298 2366 gladiator,
315 2290 364 2366 qui
379 2305 520 2347 armorum
537 2291 644 2348 inscius
659 2291 686 2347 in
703 2289 793 2347 rixam
808 2289 874 2360 ruit,
892 2296 921 2346 et
936 2287 1070 2357 luctator,
1088 2283 1138 2361 qui

146 2374 233 2432 totius
249 2373 380 2450 corporis
396 2374 459 2430 nisu
477 2374 504 2431 in
520 2374 558 2446 id,
577 2374 655 2452 quod
671 2372 762 2431 semel
778 2372 897 2445 invasit,
916 2368 1061 2441 incumbit,
1078 2367 1137 2426 for·

146 2459 203 2516 tior
218 2455 253 2515 ab
269 2455 312 2516 bis
327 2465 463 2523 vocatum
487 2476 550 2517 cum
566 2459 678 2516 interim
703 2456 794 2516 ethic
811 2456 980 2533 frequenter
996 2453 1055 2511 suis
1070 2451 1136 2508 viri-

145 2540 198 2600 bus
216 2542 279 2618 ipse
296 2542 501 2618 prosternitur,
529 2550 558 2601 et
580 2541 660 2603 illum
681 2541 860 2600 vehementis
882 2541 1005 2616 impetus
1029 2535 1138 2611 excipit

117 2625 302 2684 bodversarii
318 2624 413 2684 mollis
429 2626 575 2684 articulus.
609 2626 670 2685 Sed
687 2633 751 2683 sunt
766 2626 794 2682 iu
808 2624 863 2683 bac
878 2631 979 2701 parte,
996 2637 1071 2698 quae
1087 2620 1137 2676 im·

145 2710 256 2787 peritos
275 2710 359 2768 etiam
375 2709 543 2768 naturaliter
558 2709 675 2775 lallant;
699 2727 764 2768 nam
780 2716 809 2768 et
825 2707 945 2780 divisio,
971 2722 1034 2765 cum
1050 2702 1137 2780 pluri·

146 2810 220 2851 mum
234 2792 332 2851 valeat
347 2795 378 2850 in⁴
391 2794 496 2868 causis,
513 2794 643 2870 speciem
657 2794 761 2852 virium
776 2793 884 2865 minuit,
903 2799 932 2850 et
943 2789 1023 2848 rudia
1039 2787 1137 2865 politio

117 2877 254 2936 lmaiora
279 2885 308 2936 et
331 2895 432 2954 sparsa
463 2879 630 2955 compositis
653 2878 853 2936 numerosiora
876 2874 1038 2934 creduntur.
1085 2869 1139 2929 Est

145 2968 298 3039 praeterea
314 2961 455 3040 quaedam
469 2963 601 3020 virtutum
623 2962 816 3039 vitiorumque
833 2960 954 3032 vicinia,
979 2973 1034 3035 qua
1049 2954 1136 3013 male·

147 3044 228 3105 dicus
243 3060 296 3122 pro
313 3045 424 3120 libero,
449 3046 619 3104 temerarius
634 3062 689 3123 pro
707 3045 790 3119 lorti,
817 3044 925 3103 effusus
942 3057 995 3120 pro
1014 3039 1136 3117 copioso

148 3128 297 3206 accipitur.
344 3129 490 3189 lllaledicit
513 3139 607 3190 auteur
630 3129 788 3192 ineruditus
804 3129 940 3205 apertius
968 3134 998 3185 et
1020 3124 1136 3201 saepius

146 3211 195 3271 rel
219 3230 282 3271 cum
303 3214 434 3290 periculo
459 3216 589 3292 suscepti
612 3216 766 3292 litigatoris
783 3213 954 3291 frequenter
972 3210 1057 3268 etiam
1072 3222 1134 3266 suo.

118 3295 240 3355 suffert
256 3305 286 3356 et
301 3299 354 3356 ista
370 3316 418 3357 res
434 3300 614 3377 opinionem,
639 3300 705 3377 quia
727 3297 915 3369 libentissime
936 3277 1076 3352 bomined·
1088 3308 1134 3349 au·

148 3381 226 3442 diuut
242 3399 287 3456 ea,
306 3399 380 3460 quae
397 3382 495 3442 dicere
511 3385 565 3460 ipsi
581 3383 750 3443 noluissent.
780 3381 854 3441 lllud
871 3395 986 3458 quoque
1003 3376 1132 3449 alterum,

147 3465 224 3544 quod
240 3474 284 3526 est
299 3467 327 3526 in
343 3467 507 3527 elocutione
523 3468 603 3547 ipsu,
620 3467 796 3547 periculum,
812 3465 903 3524 minus
918 3464 988 3521 vitat
1004 3466 1132 3520 conatur·
