2434 3925
337 243 809 318 rusa.ouunou.ure.v,e.1o.
1006 241 1066 304 203

70 408 261 473 et‘venelicii
276 414 306 465 et
321 405 488 484 cruditatis)
511 414 540 466 et
561 406 663 467 vulnus
686 407 715 466 in
736 417 857 485 pectore
872 428 923 469 aua
938 429 1020 470 manu
1039 419 1069 470 et

71 496 174 556 aliena
195 493 308 570 perisse
330 489 507 565 dicentibus,
532 492 561 550 in
585 508 642 568 quo
658 499 712 550 est.
757 491 838 552 llaec
852 495 972 572 proinde
989 496 1068 554 lirma

71 579 221 640 habentur
234 585 320 651 atque
340 575 520 634 extrinsecus
537 574 712 634 adiuvantur.

164 660 270 722 Eorum
288 667 397 732 autem,
416 675 490 736 quae
505 659 587 735 signa
603 668 667 718 aunt
684 657 797 736 quidem
812 659 864 719 aed
878 677 936 719 non
950 662 1006 720 sint
1020 680 1069 721 ue·
1077 678 1110 730 12

76 746 225 818 cessaria,
248 760 340 819 genus
361 741 554 819 Hermagoras
575 751 670 820 putat,
698 758 766 800 non
788 760 872 802 esse
893 747 1070 821 virginem

76 829 305 900 Atalantam,
327 827 409 903 quia
430 844 504 885 eum
525 826 718 885 iuvenibus
741 843 805 903 per
826 827 944 888 silvas
959 848 1068 905 vage·

75 925 148 974 tur.
179 911 263 984 Quod
278 911 302 969 si
317 911 529 988 receperimus,
545 926 666 993 vereor,
683 927 719 968 ne
739 909 831 969 omnia
849 928 922 988 quae
939 930 975 971 ex
992 912 1069 972 iacto

77 999 238 1069 ducuntur,
260 995 342 1069 signa
363 994 510 1053 faciamus.
548 993 657 1053 Eadem
679 1003 774 1053 tamen
795 997 973 1072 rationeque
988 997 1070 1072 signa

78 1088 248 1142 tractantur.
274 1076 337 1136 Nec
349 1076 415 1135 milri
427 1074 559 1136 videntur
570 1077 779 1155 Areopagitae,
797 1097 860 1138 eum
877 1080 1071 1139 damnaverint
1080 1094 1113 1146 13

78 1182 201 1245 puerum
218 1162 394 1221 coturnicum
409 1160 512 1223 ocules
527 1170 692 1236 eruentem,
713 1161 789 1221 aliud
806 1163 965 1237 iudicasse,
988 1181 1071 1242 quam
1088 1182 1090 1185 ’

79 1250 110 1311 id
133 1250 242 1325 signum
263 1262 330 1304 ease
352 1246 613 1321 perniciosissimae
632 1247 734 1304 mentis
755 1246 907 1324 multisque
927 1247 1003 1306 malo
1028 1247 1070 1305 fu·

81 1343 180 1405 turae,
204 1331 228 1389 si
249 1328 434 1389 adolevisset.
474 1327 555 1387 Unde
578 1329 674 1407 Spurii
696 1327 793 1389 Maelii
810 1330 958 1409 Marcique
974 1329 1070 1390 Manlii

81 1415 260 1496 popularitas
282 1414 392 1489 signum
413 1411 538 1472 allectati
555 1414 638 1489 regni
654 1422 700 1472 est
717 1415 915 1474 existimatum.
948 1415 1006 1475 Sed
1021 1433 1070 1473 ve·
1081 1426 1114 1479 14

80 1517 168 1573 reor,
188 1515 224 1556 ne
246 1496 334 1573 longe
355 1496 468 1555 nimium
488 1513 541 1554 nos
559 1496 644 1556 ducat
659 1496 731 1556 haec
746 1499 802 1556 via.
843 1497 915 1557 Nam
932 1501 957 1558 si
974 1508 1019 1558 est
1035 1500 1071 1557 si·

82 1600 170 1661 gnum
185 1580 332 1641 adulterae
350 1579 438 1639 lavari
454 1597 518 1641 cum
534 1581 621 1639 viris:
640 1582 695 1639 erit
712 1590 740 1640 et
756 1582 912 1641 convivere
928 1601 991 1642 cum
1004 1583 1071 1642 ado-

81 1664 275 1739 lescentibus,
297 1663 400 1723 deinde
426 1664 510 1735 etiam
531 1663 707 1723 familiariter
726 1664 846 1725 alicuius
868 1667 990 1725 amicitia
1016 1668 1071 1732 uti;

80 1759 130 1811 aut
145 1750 270 1809 fortasse
287 1764 392 1825 eorpus
415 1746 542 1822 vulsum,
564 1746 686 1806 inactum
705 1748 864 1823 incessum,
885 1758 996 1808 vestem
1012 1768 1072 1807 mu-

81 1834 204 1896 liebrem
226 1832 331 1892 dixerit
351 1830 446 1890 mollis
469 1839 498 1888 et
523 1847 622 1907 parum
647 1832 700 1889 viri
715 1833 813 1907 signa,
835 1834 860 1891 si
877 1833 923 1891 cui
940 1833 1018 1908 (cum
1035 1833 1072 1890 si-

81 1936 168 1999 gnum
179 1916 206 1977 id
219 1917 336 1995 proprie
348 1915 395 1989 sit,
412 1913 487 1993 quod
504 1918 540 1972 ex
556 1930 603 1989 eo,
616 1913 653 1974 de
669 1931 725 1993 quo
738 1916 894 1993 quaeritur,
915 1924 1008 1975 natum
1020 1914 1072 1974 suh

82 2004 186 2064 ocules
213 2001 311 2078 venit)
325 2008 366 2060 xut
390 1999 545 2074 sanguise
568 1998 676 2074 caede,
704 2000 743 2058 ita
766 2000 815 2059 illa
839 2018 876 2059 ex
899 1999 1072 2077 impudicitia

81 2088 173 2148 liuere
196 2084 354 2144 videantur.
402 2081 444 2141 aa
462 2098 577 2159 quoque
595 2099 684 2160 quae,
701 2084 766 2161 quia
785 2083 955 2161 plerumque
973 2081 1115 2150 obser-15

81 2180 148 2231 vata
166 2178 246 2245 sunt,
267 2168 356 2244 vulgo
379 2168 460 2243 signa
481 2166 650 2241 creduntur,
672 2176 702 2227 ut
722 2168 926 2244 prognostica,
955 2165 1072 2225 Vento

81 2254 190 2314 rubet
210 2270 320 2313 aurea
341 2249 489 2311 Phoebe
512 2257 541 2308 et
558 2247 697 2309 Cornix
712 2250 817 2328 plena
833 2250 991 2329 pluviam
1010 2268 1072 2308 ro·

83 2347 141 2398 cat
167 2336 330 2414 improba
350 2352 459 2408 voce,
481 2334 507 2392 si
529 2350 631 2393 causas
653 2352 691 2392 ex
706 2334 842 2411 qualitate
859 2334 935 2394 eceli
949 2335 1071 2408 trahunt,

83 2440 153 2482 sane
167 2422 206 2479 ita
218 2420 410 2498 appellentur.
440 2417 512 2476 Nam
527 2420 552 2477 si
566 2426 653 2477 vento
669 2417 753 2476 rubet
770 2418 851 2479 luna:
869 2415 985 2496 signum
995 2419 1073 2477 venti
1083 2432 1116 2486 16

86 2514 130 2565 est
146 2504 244 2564 rubor.
277 2502 369 2578 Etsi,
391 2512 422 2561 ut
448 2502 522 2561 idem
545 2510 633 2580 poeta
656 2500 778 2578 colligit,
799 2502 934 2561 densatus
953 2513 982 2562 et
997 2502 1074 2561 laxa-

85 2597 130 2648 tus
145 2606 196 2648 aer
212 2587 293 2662 iacit,
310 2596 340 2646 ut
355 2588 392 2646 sit
406 2586 471 2645 inde
490 2585 541 2644 ille
562 2587 655 2644 avium
680 2595 854 2646 concentus:
876 2585 952 2645 idem
968 2587 1074 2645 scotie.

85 2690 157 2731 mus.
196 2672 267 2731 Sunt
285 2680 378 2730 autem
394 2672 475 2745 signa
492 2671 576 2728 etiam
591 2686 679 2747 parva
695 2686 876 2746 magnorum,
895 2679 926 2729 ut
940 2670 988 2729 vel
1003 2668 1076 2728 haec

85 2757 149 2834 ipsa
163 2756 280 2822 earnium
299 2773 362 2813 nam
379 2755 486 2812 maiora
500 2755 640 2813 minorum
655 2771 737 2830 esse,
754 2771 838 2813 nemo
853 2755 978 2813 miratur.

439 2906 483 2955 DE
506 2905 725 2956 ARGUMENTlS.

167 3002 204 3063 X.
235 3002 317 3063 Nunc
335 3002 370 3062 de
387 3002 621 3079 argumentis.
648 3002 717 3072 ¹lloc
735 3004 808 3061 enim
821 3001 934 3059 nomine
950 2999 1076 3077 eomple-

85 3088 187 3147 ctimur
202 3089 311 3162 omnia,
334 3104 407 3165 quae
421 3085 523 3146 Graeci
543 3081 752 3164 ἐνθυμήματα,
768 3078 986 3162 ἐπιχειρήματα,
1003 3080 1075 3148 ἀπο-

85 3171 186 3244 δείξεις
201 3179 319 3245 voeant,
341 3187 500 3247 quanquam
521 3169 595 3247 apud
616 3168 683 3228 illos
699 3178 744 3227 est
761 3168 856 3244 aliqua
875 3167 974 3230 horum
989 3169 1077 3227 nomi·

84 3272 151 3313 num
162 3254 332 3329 differentia,
350 3254 458 3314 etiamsi
473 3254 518 3311 vis
534 3252 637 3312 eodem
653 3252 715 3311 iere
728 3251 827 3311 tendit.
858 3250 929 3310 Nam
950 3251 1077 3325 enthy-

82 3355 195 3397 mema
221 3338 319 3415 (quod
348 3356 401 3401 nos
432 3345 625 3397 commentum
646 3354 715 3394 sane
737 3343 784 3394 aut
806 3337 1078 3396 commentationem

84 3420 317 3499 interpretemur,
336 3423 401 3500 quia
417 3420 500 3480 aliter
515 3437 571 3479 non
591 3436 754 3498 possumus,
773 3416 884 3479 Graeco
901 3419 1003 3478 melius
1020 3418 1077 3495 uti)

84 3520 172 3564 uuum
198 3504 503 3580 intellectum-habet,
528 3520 585 3583 quo
608 3506 701 3564 omnia
720 3511 816 3564 mente
834 3512 975 3582 concepta
990 3501 1075 3580 sigui·
