2434 3925
323 173 786 239 1usn.onauon.ntc.u111,6.
1021 168 1060 225 77

47 332 138 394 Nam
159 342 188 392 et
210 352 325 394 veneno
346 349 472 394 armare
496 342 524 392 et
544 334 663 411 fertum
688 349 814 393 armare
834 330 982 391 translatio
1006 343 1060 393 est.

49 420 209 478 Secuntur
225 417 299 476 haec
313 419 341 475 in
356 417 472 495 plures:
498 426 528 475 ut
545 435 562 475 a
578 416 711 475 rationali
730 415 766 475 ad
783 416 924 475 rationale
942 409 973 476 et
988 416 1103 483 idem13

48 501 94 560 de
124 500 355 566 irrationalibus:
379 510 407 559 et
423 501 496 560 haec
512 502 650 574 invicem,
675 498 777 577 quibus
796 500 896 558 similis
913 502 986 559 ratio
1005 511 1060 578 est,

8 577 13 584 '
51 595 87 644 et
107 602 127 643 a
145 594 207 643 toto
225 593 254 643 et
268 602 284 643 a
299 584 438 662 partibus.
477 584 536 643 Sed
552 586 606 642 iam
622 599 678 641 non
693 585 790 661 pueris
806 585 1014 662 praecipimus,
1031 595 1063 645 ut

49 678 189 746 accepto
204 687 313 745 genere
331 671 447 746 species
462 668 626 744 intelligere
641 684 698 725 non
713 668 834 745 possint.
955 723 958 724 γ

148 751 186 811 Ut
202 752 331 811 modicus
347 761 442 811 autem
461 761 546 830 atque
569 760 746 829 opportunus
769 753 830 809 eius
848 769 917 809 usus
938 752 1103 819 illustrabit

11 901 25 928 ι
52 836 240 896 orationem:
266 838 304 895 ita
320 836 456 914 frequens
474 845 503 895 et
518 836 655 895 obscurat
675 845 704 893 et
719 836 814 894 taedio
832 836 973 912 complet,
992 855 1060 896 con·

50 922 158 979 tinuus
173 938 244 979 vero
256 922 285 978 in
296 920 454 996 allegorias
467 929 495 979 et
511 921 672 995 aenigmata
685 920 752 978 exit.
786 920 857 978 Sunt
873 922 958 979 etiam
973 938 1060 997 quae·

54 1005 130 1065 darn
146 1013 175 1063 et
189 1004 309 1063 humiles
327 1004 545 1077 translationes,
567 1013 598 1063 ut
614 1003 659 1077 id,
682 1004 789 1080 dequo
806 1003 892 1061 modo
909 1004 984 1080 dixi,
1002 1005 1060 1065 Sc-

11 1145 17 1156 ,
51 1106 126 1150 ntea
145 1098 190 1149 eet
209 1106 359 1164 verruca,
382 1098 410 1147 et
433 1087 577 1147 sordidae.
616 1086 681 1145 Non
706 1089 796 1160 enim,
820 1089 845 1145 si
861 1085 965 1146 Cicero
980 1097 1062 1148 recte
1071 1102 1101 1154 15

51 1172 212 1233 sentinam
229 1174 275 1232 rei
286 1173 430 1250 publicae
445 1172 531 1246 dixit,
550 1171 716 1230 foeditatem
727 1171 869 1230 hominum
884 1170 1058 1249 significans,

52 1256 173 1315 idcirco
190 1255 310 1334 probem
326 1256 394 1315 illud
407 1273 522 1333 quoqne
535 1256 643 1314 veteris
659 1256 799 1332 oratoris,
816 1252 1000 1315 Persecuiott'
1014 1260 1061 1317 rea‘

52 1339 206 1417 publicae
219 1342 362 1403 comicae.
396 1338 567 1417 Optimeque
581 1336 685 1397 Cicero
699 1339 875 1397 demonstrat
891 1339 1058 1416 cavendum,

53 1440 96 1482 ne
116 1423 161 1481 sit'
177 1422 313 1481 deformis
335 1423 500 1483 translatio:
532 1422 625 1500 qualis
647 1432 692 1482 est
714 1424 795 1501 (nam
820 1424 890 1500 ipsis
912 1424 973 1482 eius
996 1433 1060 1483 utar

38 1563 41 1574 ,
54 1505 221 1584 exemplis)
235 1504 408 1567 Caetrotum
419 1516 514 1568 morte
524 1504 667 1583 Africani
677 1525 742 1566 rem
754 1507 922 1585 publicum,
936 1516 964 1565 et
976 1506 1058 1568 Ster-

54 1609 118 1651 cus
133 1592 239 1651 cauae
250 1590 411 1652 Glauciam
417 1613 430 1659 ;
451 1609 487 1649 ne
503 1591 587 1648 nimio
603 1592 693 1648 maior
708 1599 770 1664 aut,
789 1590 865 1667 quod
878 1592 994 1667 saepius
1010 1601 1101 1654 tro-16

56 1673 147 1749 cidit,
172 1675 277 1741 minor;
299 1693 335 1733 ne
356 1674 512 1733 dissimilis.
558 1672 685 1750 Quorum
708 1674 841 1751 exempla
863 1675 977 1732 nimium
1000 1676 1057 1734 ire·

55 1766 184 1835 quenter
201 1758 416 1835 deprehendet,
433 1759 487 1835 qui
499 1757 598 1815 scierit
615 1756 688 1816 haec
703 1759 771 1816 vitia
788 1775 864 1816 esse.
900 1758 959 1816 Sed
973 1763 1058 1835 copia

56 1858 178 1919 quoque
193 1842 306 1901 modum
322 1859 442 1918 egressa
458 1842 562 1899 vitiosa
578 1850 638 1915 est,
657 1842 814 1918 praecipue
829 1842 856 1898 in
873 1840 973 1898 eadem
991 1860 1056 1919 spe·

56 1926 116 1984 cie.
153 1926 224 1985 Sunt
246 1935 274 1986 et
292 1926 397 2000 durae,
418 1925 446 1985 id
468 1933 512 1985 est
529 1943 545 1985 a
561 1924 717 2002 longinqua
737 1924 920 1985 similitudine
936 1924 1099 1989 ductaezut

55 2019 88 2068 ut
106 2012 218 2088 cupitis
231 2013 316 2071 nicee
332 2020 360 2068 et

186 2093 325 2173 luppiter
335 2094 480 2154 hibernos
495 2113 576 2154 canu
590 2096 659 2153 uice
675 2095 813 2170 cottspua't
827 2094 931 2170 Alpes.

57 2175 91 2235 ln
108 2175 159 2235 illo
174 2195 245 2236 vero
262 2177 412 2254 plurimum
430 2178 554 2251 erroris,
578 2178 654 2254 quod
670 2195 720 2249 ea,
737 2195 812 2254 quae
828 2178 938 2260 poetis,
960 2195 1007 2253 qur
1028 2187 1057 2237 et

6 2258 7 2319 J
59 2261 155 2319 omnia
177 2260 211 2319 ad
227 2261 404 2340 voluptatem
424 2262 554 2321 referunt
575 2271 603 2320 et
621 2261 740 2339 plurima
760 2270 876 2319 vertere
893 2262 977 2319 etiam
994 2261 1056 2337 ipsa

58 2344 143 2402 metri
155 2346 330 2404 necessitate
346 2354 502 2422 coguntur,
519 2346 661 2422 permissa
673 2353 754 2419 sunt,
773 2347 928 2404 convenire
944 2346 1057 2421 quidam

29 2448 32 2455 ·
59 2430 147 2486 etiam
157 2444 262 2505 prosae
280 2439 387 2507 putant.
419 2429 457 2488 m
473 2446 529 2505 ego
546 2431 573 2487 iu
590 2429 702 2505 agendo
718 2447 772 2488 nec
786 2437 940 2508 pastorem
953 2432 1058 2508 populi
1068 2434 1100 2487 18

42 2520 179 2570 auctore
206 2511 332 2571 Homero
361 2514 496 2585 dixerim,
525 2531 580 2572 nec
605 2513 742 2572 volucres
765 2515 875 2592 pennis
893 2516 1055 2591 remipure,

60 2594 131 2654 licet
151 2595 207 2655 hoc
225 2596 372 2672 Vergilius
398 2596 548 2675 inopibus
572 2614 607 2655 ac
628 2596 758 2656 Daedalo
781 2597 996 2675 speciosissime
1022 2599 1058 2656 sit

62 2670 142 2735 usus,
181 2678 351 2757 Metaphora
369 2683 442 2739 enim
467 2690 514 2740 aut
528 2690 678 2740 vacantem
695 2698 840 2759 occupare
859 2680 954 2740 locum
969 2678 1058 2739 debet

63 2770 126 2836 aut,
143 2764 166 2821 si
185 2765 212 2820 in
227 2764 349 2822 alienum
365 2767 459 2837 veuit,
477 2764 543 2841 plus
558 2765 659 2824 valere
676 2781 729 2838 eo,
747 2766 824 2841 quod
841 2763 972 2841 expellit.

144 2844 228 2918 Quod
239 2864 332 2924 paene
348 2849 430 2906 etiam
443 2849 534 2924 magis
546 2848 582 2907 de
598 2847 840 2924 synecdoche
862 2847 962 2906 dicam.
986 2844 1057 2904 Nam
1068 2855 1099 2911 19

63 2928 209 2988 translatio
231 2932 434 3007 permovendis
456 2933 554 2989 animis
572 2931 742 3009 plerumque
764 2941 792 2990 et
808 2928 952 3006 signandis
969 2928 1056 2988 rebus

65 3030 98 3072 ao
114 3012 164 3072 sub
183 3013 285 3075 oculos
301 3014 486 3074 subiiciendis
502 3025 618 3092 reperta
633 3025 687 3074 est.
724 3014 804 3074 Haec
820 3013 933 3071 variare
948 3030 1057 3070 sermo·

65 3113 126 3155 nem
148 3107 318 3174 potest,.ut
340 3118 378 3158 ex
404 3115 460 3156 uno
488 3098 587 3176 plures
614 3098 823 3175 intelligamus,
853 3105 935 3174 parte
957 3105 1056 3171 totum,

65 3181 163 3256 specie
188 3198 299 3258 genus,
328 3182 569 3260 praecedentibus
593 3184 761 3259 sequeutia,
791 3179 839 3238 vel
864 3182 957 3239 omnia
983 3181 1057 3241 haec

67 3272 177 3329 contra;
197 3264 317 3324 liberior
327 3269 422 3343 poetis
439 3283 522 3343 quam
535 3264 706 3325 oratoribus.
741 3263 812 3323 Nam
828 3281 930 3341 prosa,¹
948 3273 979 3323 ut
993 3284 1054 3324 mu·
1065 3269 1099 3319 20

66 3362 183 3407 crouem
210 3364 263 3426 pro
288 3348 386 3423 gladio
413 3359 442 3409 et
463 3358 573 3411 tectum
593 3365 646 3426 pro
667 3348 752 3406 domo
773 3350 911 3425 recipiet,
938 3349 977 3407 ita
1000 3364 1057 3405 nou

8 3431 12 3438 '
68 3432 185 3509 puppim
200 3433 333 3510 pronati
348 3449 404 3490 uec
419 3434 546 3515 abietem
562 3449 616 3512 pro
634 3430 764 3499 tabellis;
785 3441 814 3491 et
830 3449 944 3508 rursus,
958 3439 990 3489 ut
1002 3445 1055 3507 pro
