2434 3925
394 218 855 287 1rvsn.oannoo.n1s.v111,c.
1063 209 1102 273 13

110 376 221 438 bendus
243 384 289 436 est
308 376 420 435 decor?
452 375 522 448 Quis
539 371 648 452 negat?
683 373 755 434 Nam
776 384 805 434 et
820 377 847 434 in
863 375 991 435 ordinem
1009 387 1101 437 certa·
1139 447 1143 453 ¹

110 479 167 541 que
189 459 342 520 intervalla
364 460 491 535 redigam
511 477 589 519 meas
611 458 740 518 arbores.
778 458 852 532 Quid
868 459 921 518 illo
943 462 1102 538 quincunce

110 546 288 623 speciosius,
308 544 371 620 qui,
394 544 422 601 in
441 560 640 622 quamcunque
658 551 768 620 partem
786 547 981 621 spectaveris,
1005 554 1102 604 rectus

110 626 176 688 est‘l
210 627 269 688 Sed
292 628 420 707 protinus
441 628 469 685 in
488 626 516 685 id
534 643 649 704 quoque
669 625 806 703 prodest,
835 635 866 685 ut
885 635 981 686 terrae
1003 645 1102 688 sucum

110 711 271 788 aequaliter
292 711 394 770 trahat.
434 711 586 787 Surgentia
606 711 635 768 in
655 710 742 769 altum
760 711 905 770 cacumina
921 711 1005 780 oleae
1022 711 1101 771 lerro
1110 712 1143 765 10

110 794 272 862 coercebo;
295 796 323 853 in
339 793 438 853 orbem
454 813 486 854 se
496 795 655 853 'formosius
671 793 770 852 fundet
791 803 820 853 et
835 795 964 871 protinus
980 795 1103 854 fructum

109 880 194 939 ramis
219 877 349 955 pluribus
371 878 455 937 leret.
491 877 649 937 Decentior
673 895 779 955 equus,
804 879 883 936 cuius
905 880 1021 938 astricta
1041 879 1101 954 ilia,

109 963 163 1022 sed
179 962 253 1021 idem
268 962 410 1021 velocior.
448 961 571 1021 Pulcher
589 970 709 1039 aspectu
721 962 757 1019 sit
772 960 896 1034 athleta,
913 964 992 1020 cuius
1009 962 1102 1021 lacer·

110 1057 156 1106 tos
173 1046 341 1105 exercitatio
358 1047 515 1123 expressim
534 1046 609 1104 idem
625 1046 771 1103 certamini
788 1046 921 1122 paratior.
954 1044 1142 1122 Nunqnemll

109 1148 188 1190 mera
204 1130 320 1208 species
341 1129 375 1188 ab
396 1129 518 1188 utilitate
533 1129 675 1189 dividitur.
713 1128 771 1187 Sed
792 1128 849 1187 hoc
865 1128 978 1207 quidem
993 1128 1102 1188 discer-

108 1232 180 1274 nere
194 1212 298 1272 modici
313 1213 407 1272 iudicii
425 1222 479 1271 est.

193 1295 267 1356 lllud
282 1295 486 1356 observatione
505 1296 635 1374 dignius,
661 1298 737 1374 quod
752 1297 799 1356 hic
815 1297 880 1375 ipse
901 1295 1039 1356 honestus
1055 1313 1102 1356 or·

109 1389 193 1440 natus
207 1382 344 1440 materiae
359 1398 469 1458 genere
487 1380 572 1440 decet
586 1382 722 1440 variatus.
757 1381 867 1458 Atque,
884 1389 914 1439 ut
929 1382 1046 1459 aprima
1061 1381 1101 1442 di·

109 1465 222 1523 visione
239 1464 350 1545 ordiar,
377 1482 433 1523 non
457 1464 533 1525 idem
554 1465 784 1525 demonstrativis
807 1473 836 1523 et
855 1463 1050 1524 deliberativis
1072 1473 1103 1524 et

110 1547 288 1608 iudicialibus
306 1548 400 1607 causis
421 1550 582 1607 conveniet.
625 1547 755 1626 Namque
778 1547 848 1607 illud
865 1566 957 1624 genus
975 1557 1100 1608 ostenta·

110 1632 180 1690 tioni
196 1633 384 1709 compositum
398 1632 489 1691 solam
504 1634 576 1709 petit
587 1632 759 1692 audientium
769 1631 960 1709 voluptatem,
976 1632 1101 1711 ideoque

111 1732 210 1774 omnes
225 1714 338 1774 dicendi
353 1724 431 1774 artes
447 1718 539 1793 aperit
554 1723 741 1794 ornatumque
757 1716 893 1774 orationis
912 1717 1046 1793 exponit,
1071 1724 1102 1774 ut

111 1798 188 1877 quod
205 1815 262 1857 non
276 1799 424 1858 insidietur
434 1817 488 1858 neo
503 1798 538 1859 ad
552 1800 702 1858 victoriam
717 1797 769 1857 sed
785 1797 820 1858 ad
835 1798 927 1857 solum
942 1799 1025 1858 linem
1040 1798 1100 1857 lau-

110 1882 154 1941 dis
170 1891 200 1941 et
213 1881 326 1958 gloriae
341 1882 458 1942 tendat*
486 1882 598 1956 Quare,
618 1882 752 1960 quidquid
769 1883 823 1940 erit
843 1884 990 1941 sententiis
1007 1885 1142 1959 popu-12

1 1976 15 2003 ⁴
110 1968 189 2042 lare,
199 1966 297 2026 verbis
310 1967 440 2042 nitidum,
454 1968 551 2043 liguris
565 1967 733 2041 iucundum,
749 1965 1099 2041 translationibnsmagni·

110 2050 209 2126 licum,
233 2052 441 2129 compositione
462 2050 654 2125 elaboratum,
678 2051 758 2109 velut
774 2051 887 2109 institor
905 2049 1018 2127 quidam
1038 2049 1099 2108 elo·
1141 2099 1144 2103 ,

111 2135 244 2211 quentiae
255 2133 416 2193 intuendum
428 2143 456 2193 et
467 2153 559 2213 paene
571 2133 800 2212 pertractandum
811 2133 897 2194 dabit.
927 2132 998 2192 Nam
1013 2150 1099 2191 even-

111 2226 157 2276 tus
178 2218 214 2276 ad
233 2218 325 2295 ipsum
347 2236 403 2277 non
418 2219 453 2278 ad
475 2236 588 2277 causam
603 2219 738 2278 refertur.
780 2217 818 2276 At
833 2217 882 2277 uhi
896 2235 944 2276 res
960 2218 1053 2293 agitur
1071 2221 1142 2276 et13

110 2318 182 2359 vera
197 2301 340 2361 dimicatio
360 2311 421 2361 est:
447 2301 561 2361 ultimus
583 2304 621 2361 sit
640 2302 732 2361 lamae
752 2301 844 2360 locus.
888 2300 1042 2360 Praeterea
1063 2318 1101 2359 ne

111 2384 197 2442 decet
219 2384 348 2462 quidem,
375 2384 423 2444 ubi
445 2388 564 2448 mardma
584 2404 679 2444 rerum
699 2394 840 2445 momenta
865 2394 1033 2459 versantur,
1063 2384 1101 2443 de

111 2466 208 2526 verbis
231 2485 297 2527 esse
318 2469 482 2529 sollicitum.
525 2468 627 2546 Neque
652 2470 709 2530 hoc
734 2485 770 2527 eo
790 2469 928 2547 pertinet,
955 2477 986 2528 ut
1004 2470 1034 2527 in
1055 2468 1099 2527 his

76 2622 79 2626 λ
112 2549 206 2609 nullus
221 2552 258 2610 sit
278 2561 393 2612 ornatus
411 2552 462 2611 sed
479 2555 519 2612 uti
536 2554 666 2631 pressior
681 2560 710 2611 et
731 2555 861 2612 severior
876 2562 906 2612 ct
924 2553 1013 2612 minus
1032 2569 1099 2611 con·

112 2633 225 2709 lessus,
242 2638 398 2713 praecipue
412 2639 547 2696 materIae
563 2636 803 2697 accommodatus.
830 2635 901 2695 Nam
912 2645 941 2694 et
953 2634 1098 2694 suadendo
1109 2640 1142 2693 14

112 2716 259 2776 sublimius
274 2717 380 2797 aliquid
395 2729 528 2795 senatus,
552 2721 720 2780 concitatius
737 2720 878 2798 populus,
902 2727 930 2777 et
944 2721 973 2777 in
987 2718 1097 2777 iudiciis

111 2799 245 2879 publicae
267 2802 463 2881 capitalesque
480 2821 584 2863 causae
599 2813 722 2882 poscunt
737 2804 897 2863 accuratius
915 2800 1027 2860 dicendi
1046 2819 1097 2877 ge-

111 2902 174 2942 nus.
215 2885 253 2944 At
279 2887 418 2964 privatum
439 2887 587 2946 consilium
608 2904 768 2964 causasque
789 2902 960 2964 paucorum,
986 2892 1015 2943 ut
1040 2884 1097 2944 ire·

112 2976 233 3045 quenter
253 2970 370 3044 accidit,
393 2969 568 3029 calculorum
586 2987 673 3049 purus
694 2987 788 3028 sermo
805 2978 833 3028 et
851 2968 995 3029 dissimilis
1011 2986 1098 3027 curae

111 3053 202 3127 magis
228 3051 385 3112 decuerit!
407 3053 460 3111 An*
477 3071 533 3111 non
550 3055 657 3131 pudeat
683 3062 789 3113 certam
811 3052 946 3111 creditam
969 3051 1096 3131 periodis

111 3135 261 3212 postulare
281 3147 328 3196 aut
347 3138 423 3196 circa
443 3137 587 3198 stillicidia
605 3139 681 3198 allici
704 3146 752 3197 aut
771 3138 799 3195 in
819 3137 952 3214 mancipii
973 3134 1097 3195 redhibi-

111 3219 191 3277 tione
207 3217 331 3279 sudare?

195 3301 253 3360 Sed
268 3302 303 3361 ad
320 3303 507 3381 propositum.
547 3303 585 3364 Et
599 3304 731 3382 quoniam
751 3304 887 3362 orationis
904 3311 960 3362 tam
981 3308 1138 3361 1111111111

112 3401 196 3460 quam
216 3388 404 3463 perspicuitas
425 3397 473 3446 aut
492 3389 520 3446 in
539 3388 659 3464 siugulis
675 3385 772 3445 verbis
793 3395 900 3447 estant
920 3389 949 3444 in
968 3384 1096 3462 pluribus

112 3467 238 3546 positus:
262 3470 329 3548 quid
347 3478 496 3549 separata,
519 3471 586 3549 quid
601 3473 696 3530 iuncta
712 3471 846 3548 exigant,
871 3469 1094 3530 consideremus.
