2434 3925
341 216 772 285 murmurosorum.
995 211 1051 273 171

64 373 155 450 tem
171 373 224 447 sit,
247 370 405 433 eifloiemns
425 388 501 449 quae
516 373 673 451 poterimus
689 373 863 450 utereris,
882 393 940 436 non
960 385 1055 437 tamen
1110 422 1126 429 -

64 458 128 529 sine
145 457 289 516 mentione
304 472 418 532 eorum,
438 473 512 533 quae
528 456 709 517 differemus:
731 458 817 529 Orsus
836 475 952 521 caueae
970 463 1053 522 oeci—

64 541 163 603 deedi
174 541 325 616 babuerit,
341 555 416 616 quoe
428 541 628 618 assumpserit
642 544 787 615 conscios,
802 545 1055 618 quemadmodum

64 624 252 702 diepomerit
274 624 421 699 inuidiae,
448 624 638 702 probotionis
661 625 726 686 loeo
750 626 863 686 dicam.
908 625 1096 700 Quaedamtit

63 724 139 768 vero
155 725 193 767 ex
207 705 307 767 ordine
322 706 589 784 praetermittenda,
612 707 697 784 quale
713 716 758 767 est
773 708 849 785 apud
865 706 1051 771 Ciceronem:

63 788 196 853 Moritur
210 788 386 860 Fulcinium·
403 791 498 851 mutto
512 792 606 867 euim,
625 806 705 867 quae
718 801 789 852 eunt
804 793 837 851 in
851 811 902 865 re,
918 795 991 872 poia
1005 813 1053 856 re·

63 883 147 936 motu
163 882 233 935 eunt
247 893 269 935 o
290 890 405 949 comeo,
430 875 683 952 praetermittam.
729 875 767 935 Et
791 876 905 953 partitio
930 877 1053 936 taedium

63 957 159 1019 levat:
180 956 306 1035 Dicam,
328 973 408 1034 qaae
420 966 494 1017 eom
505 958 567 1018 sint
583 967 655 1018 onte
673 960 773 1036 ipsum
793 960 843 1020 rei
854 967 1052 1034 contractam,

64 1043 185 1117 dieunt,
201 1043 325 1119 quaein
338 1060 374 1101 re
387 1042 472 1118 ipae,
493 1043 609 1116 diram,
626 1057 707 1118 quoe
716 1051 837 1121 poetes.
867 1042 908 1102 lta
924 1051 985 1102 tres
1000 1054 1095 1122 po-io
1133 1058 1138 1069 ·

64 1126 122 1184 tius
143 1125 273 1187 modicae
294 1125 472 1184 narrationes
494 1123 665 1184 videbuntur
686 1144 769 1204 qnam
788 1144 842 1185 una
865 1125 960 1204 longa.
1006 1127 1052 1187 ln-

63 1211 149 1268 terim
170 1207 306 1287 expediet
325 1209 523 1287 expositiones
548 1206 630 1268 brevi
653 1210 837 1270 interfatione
859 1209 1050 1287 distinguere:

62 1289 219 1368 Audistis,
241 1309 321 1368 pisae
335 1302 406 1353 onte
419 1300 492 1353 ueta
505 1300 590 1369 rent,
613 1294 744 1371 aecipite
757 1313 856 1371 nune,
876 1311 956 1371 puae
973 1296 1052 1355 inse·

64 1385 211 1454 quantor.
240 1374 398 1434 Reicietur
412 1374 486 1434 enim
506 1375 593 1435 iudex
610 1378 736 1454 priorum
751 1377 807 1436 ine
827 1386 857 1436 et
875 1395 908 1436 se
923 1378 1050 1438 velutad

61 1475 170 1519 norum
184 1477 282 1518 rursus
297 1460 404 1518 initium
418 1458 611 1536 praeparabit.
639 1460 670 1519 Si
685 1469 778 1520 tamen
790 1460 923 1521 adhibitis
935 1466 1094 1539 quoquest

63 1541 109 1604 his
125 1542 233 1602 artibus
249 1543 277 1601 in
292 1542 407 1619 longum
423 1544 526 1602 exierit
540 1544 612 1604 ordo
629 1561 741 1619 rerum,
757 1546 812 1603 erit
828 1561 885 1603 uon
902 1545 1008 1605 inutilis
1023 1546 1052 1604 iu

64 1633 193 1687 extrema
211 1627 295 1703 parte
316 1628 512 1692 eommouitior
534 1627 612 1704 quod
627 1624 731 1687 Cicero
748 1629 832 1688 etiam
850 1630 879 1688 in
892 1627 973 1688 breui
988 1646 1051 1688 uar-

62 1711 176 1769 ratione
195 1710 279 1770 ierit:
303 1706 431 1785 Adbuc,
455 1707 590 1786 Caesar,
612 1708 648 1782 Ο.
668 1708 813 1789 lipariae
834 1713 925 1791 eutpo
946 1721 1053 1780 earet,-

63 1794 153 1855 domo
171 1803 216 1854 ert
229 1812 379 1874 epreeerte
389 1812 449 1855 non
460 1794 557 1855 modo
569 1795 683 1855 uultum
703 1794 870 1857 adbellare
886 1797 944 1856 sed
955 1814 996 1856 ne
1007 1796 1053 1857 ud

62 1879 219 1941 mimam
232 1879 355 1954 quidem
369 1877 439 1943 betti
449 1872 694 1955 suspicionem'et
709 1885 817 1936 uetera.

150 1957 355 2023 Credibilis
371 1971 466 2023 autem
486 1963 540 2022 erit
561 1964 685 2022 narratio
706 1971 772 2021 ante
795 1961 903 2036 omnia,
926 1963 950 2020 si
973 1963 1092 2040 priuati

64 2044 291 2124 eonsuluerimus
306 2055 433 2105 nostrum
447 2047 578 2121 animum,
593 2064 630 2105 ne
648 2045 717 2124 quid
730 2055 847 2106 naturae
862 2045 987 2105 dieamus
1002 2044 1050 2104 ad·

62 2146 196 2197 versum3
216 2129 320 2189 deiude
340 2131 364 2189 si
379 2146 481 2191 oausas
496 2146 531 2190 ao
546 2130 673 2190 rationes
688 2130 773 2189 iactis
787 2129 1050 2208 praeposuerimus,

63 2230 122 2272 non
141 2211 274 2274 omnibus
295 2215 347 2275 sed
372 2215 408 2275 de
430 2213 531 2292 quibus
553 2215 714 2292 quaeritur3
736 2215 760 2274 si
783 2229 924 2291 personas
945 2228 1050 2272 eonve-

62 2298 177 2358 nientes
199 2295 263 2374 bis,
286 2316 360 2376 quae
380 2298 457 2358 faeta
477 2298 556 2358 credi
576 2298 724 2372 volemus,
748 2296 993 2371 constituerimus,
1019 2306 1051 2355 nt

62 2381 130 2442 furti
153 2398 233 2440 reum
256 2382 404 2459 cupidum,
427 2381 559 2442 adulterii
582 2380 779 2455 libidinosum,
799 2379 943 2439 bomioidii
961 2387 1051 2439 teme·

62 2466 185 2539 ratium,
206 2465 255 2524 vel
276 2474 391 2541 eontra,
412 2466 437 2523 si
455 2463 660 2532 defendemus3
680 2473 833 2542 praeterea
853 2463 918 2523 loca
935 2471 964 2522 et
981 2471 1050 2521 tem·

63 2565 136 2627 pora
153 2557 183 2607 et
200 2545 244 2608 bis
260 2547 372 2608 similia.
407 2547 462 2607 Est
476 2556 571 2608 autem
586 2548 699 2627 quidam
714 2550 799 2608 etiam
814 2548 915 2609 duetus
930 2548 973 2606 rei
989 2548 1093 2607 ore-53

63 2631 176 2706 dibilis,
197 2630 291 2708 qualis
305 2633 334 2691 in
349 2631 507 2692 comoediis
527 2633 612 2691 etiam
627 2640 656 2691 et
670 2633 699 2690 in
713 2633 814 2691 mimis.
851 2631 955 2709 Aliqua
976 2633 1052 2690 enim

61 2715 231 2775 naturaliter
244 2724 404 2793 sequnntur
418 2724 447 2774 et
463 2714 635 2793 cohaerent,
651 2723 695 2790 ut,
714 2716 738 2773 si
753 2716 850 2793 priora
866 2714 940 2773 bene
955 2731 1051 2773 narra·
1101 2739 1104 2744 ·

61 2800 153 2874 reris,
170 2797 258 2858 iudex
272 2800 347 2876 ipse,
366 2798 443 2877 qnod
460 2808 563 2876 postea
578 2799 619 2858 sis
633 2805 808 2873 narraturus,
825 2805 971 2875 expectet.
1006 2796 1094 2856 tissa

61 2881 134 2942 iliud
161 2881 275 2959 quidem
298 2882 385 2941 inerit
408 2882 526 2959 inutile,
558 2883 665 2943 semina
691 2881 829 2959 quaedam
853 2879 1052 2958 probationum

63 2982 224 3044 spargere,
243 2983 343 3026 verum
358 2967 418 3041 sio,
440 2974 470 3024 ut
484 2968 675 3026 narrationem
691 2983 758 3025 esse
772 2964 980 3023 meminerimus
995 2980 1052 3021 nou

60 3047 273 3127 probationem.
316 3048 522 3126 Nonnunquam
542 3057 637 3109 tomen
657 3050 740 3108 etiam
765 3055 931 3123 argumento
954 3047 1051 3124 atiquo

62 3130 311 3208 oonbrmabimus,
336 3131 413 3210 quod
427 3135 681 3211 proposuerimus,
700 3130 753 3189 sed
768 3129 890 3209 simplici
911 3139 940 3190 et
957 3130 1054 3205 breui,

60 3223 93 3274 ut
107 3216 137 3274 in
152 3215 316 3275 ueneficiis:
338 3217 442 3278 Sarrae
463 3217 551 3293 bibit,
569 3217 671 3278 statim
684 3214 834 3289 concidit,
856 3215 934 3275 livor
948 3232 989 3276 oe
1003 3222 1051 3275 trt-
1099 3249 1101 3252 -

60 3317 132 3360 mor
146 3298 303 3378 eonfeetim
318 3309 363 3362 ert
375 3302 539 3362 insectetur.
566 3298 630 3360 Hoe
647 3297 753 3357 iaoiuut
769 3305 798 3355 et
814 3297 882 3357 illae
897 3306 1092 3376 praepara-55

60 3383 174 3457 tiones,
197 3400 260 3442 oum
276 3400 344 3442 reus
360 3383 463 3444 dieitur
477 3381 628 3455 robustus,
652 3388 774 3440 armatus
792 3389 892 3440 eontra
912 3382 1049 3454 infirmos,

61 3467 206 3544 inermes,
225 3483 356 3526 seouros.
393 3464 491 3525 Omnia
512 3466 652 3543 denique,
672 3480 746 3543 quoe
761 3463 931 3541 probatione
945 3473 1048 3525 tracta-
