2434 3925
353 175 443 237 mss.
460 176 608 226 oneror.
624 176 694 224 mu.
708 178 746 243 v,
761 176 787 228 1.
1005 162 1063 226 191

456 441 632 506 LIBER
658 439 700 505 V.

73 572 153 623 Libro
169 572 255 635 quinto
272 571 335 622 bueo
349 574 518 622 continentur:
540 571 577 622 De
589 571 782 636 probationibus
796 568 1007 623 inartificialibus.
1027 570 1065 621 De

108 638 282 707 praeiudiciis.
302 640 339 690 De
350 656 457 691 rumore.
474 641 512 691 De
521 642 661 691 tormentis.
682 641 718 689 lle
728 638 831 688 tabulis.
849 637 885 687 De
895 640 1064 693 iureiurando.

108 710 146 759 De
156 711 272 761 testibus.
302 710 339 759 De
354 710 500 775 probatione
518 709 653 762 artificiali.
686 710 825 773 Designis.
855 707 891 757 lle
902 710 1064 773 argumentis.

109 780 148 828 De
165 778 314 843 exemplis·
340 779 377 829 De
395 794 443 829 usu
464 787 675 845 argumentorum.
716 777 755 827 De
775 776 933 829 refutatione.
970 777 1066 836 Quibus

108 855 205 898 constet
220 847 384 912 epichirema.
423 849 454 898 Et
470 848 562 912 quibus
575 847 705 899 refellatur
718 847 812 899 modis.
848 846 886 896 De
902 861 951 897 usu
969 845 1088 910 epichi-

109 923 220 968 rematos
236 925 260 966 et
279 916 487 981 enthymematos.

253 1066 295 1116 DE
310 1066 568 1119 PROBATIONIBUS
584 1065 888 1119 INARTIFICIALIBUS.

160 1138 405 1230 Prooemium.
441 1164 566 1225 Fuerunt
581 1175 611 1225 et
629 1166 699 1226 clari
716 1165 830 1243 quidem
844 1173 989 1239 auctores,
1006 1165 1065 1241 qui·

75 1249 131 1311 bus
150 1250 243 1311 solum
259 1249 405 1308 videretur
421 1252 544 1310 oratoris
560 1249 685 1309 officium
701 1250 823 1317 dooere;
843 1266 965 1327 namque
981 1257 1010 1306 et
1025 1248 1066 1306 ai·

75 1335 172 1395 fectus
193 1332 300 1411 duplici
318 1334 430 1392 ratione
458 1333 655 1393 excludendos
681 1332 832 1411 putabant,
861 1334 979 1412 primum
1001 1333 1067 1408 quia

74 1420 175 1478 vitium
189 1425 268 1476 esset
283 1418 371 1476 omnis
393 1419 475 1477 animi
490 1417 684 1496 perturbatio,
705 1417 808 1476 deinde
829 1419 894 1494 quia
913 1417 1068 1476 iudicema

76 1504 200 1580 veritate
216 1500 287 1579 pelli
302 1502 509 1577 misericordia,
527 1503 619 1577 gretia
630 1501 825 1578 similibusque
837 1518 894 1560 non
906 1507 1066 1578 oporteret,

78 1595 109 1645 et
124 1585 300 1664 voluptatem
316 1585 487 1645 audientium
498 1595 611 1663 petere,
628 1603 691 1644 eum
704 1586 835 1644 vincendi
852 1594 958 1644 tautum
975 1584 1067 1660 gretia

77 1669 239 1744 diceretur,
261 1685 318 1726 uon
333 1669 417 1728 modo
434 1671 530 1746 agenti
548 1675 757 1746 'supervacuum
773 1669 824 1728 sed
842 1671 891 1726 vix
906 1670 990 1727 etiam
1004 1668 1066 1724 viro

78 1753 193 1830 dignum
212 1751 433 1823 arbitrabantur;
456 1753 554 1831 plures
570 1769 659 1825 vero,
683 1754 730 1829 qui
746 1770 800 1811 neo
818 1750 853 1810 ab
869 1752 925 1810 illis
941 1754 1002 1810 siue
1018 1750 1095 1809 dui

76 1836 127 1896 bio
142 1835 269 1915 partibus
290 1837 428 1897 rationem
452 1836 551 1896 orandi
567 1845 793 1911 summoverunt,
817 1835 874 1894 boc
889 1844 982 1895 tamen
1001 1849 1068 1912 pro-

77 1922 170 2001 prium
185 1930 271 1999 atque
287 1922 472 2000 praecipuum
487 1920 639 1980 crederent
658 1936 748 1998 opus,
769 1937 820 1979 sua
841 1920 1010 1979 confirmare
1027 1925 1067 1991 et,

78 2023 154 2083 quae
170 2024 207 2064 ex
220 2005 342 2064 adverso
357 2014 597 2083 proponerentur,
614 2004 750 2063 refutare.
783 2004 994 2080 Utrumounque
1011 2008 1066 2074 est,
1077 2006 1095 2059 3

79 2090 191 2166 (neque
209 2091 282 2147 enirn
303 2088 359 2148 hoe
374 2090 441 2149 loco
456 2107 547 2148 meam
564 2090 717 2167 interpono
733 2089 923 2167 senteutiam)
943 2087 990 2146 bio
1013 2086 1068 2144 erit

77 2172 154 2232 liber
173 2173 286 2233 illorum
304 2174 438 2250 opinione
459 2175 580 2236 maxime
599 2175 799 2247 necessarius,
827 2174 891 2250 quia
913 2181 974 2230 toto
996 2159 1069 2229 baec

79 2256 144 2316 sola
162 2265 330 2324 tractantem
350 2257 451 2334 quibus
467 2275 536 2316 sane
553 2266 582 2316 et
598 2276 631 2316 ea
639 2274 738 2334 ,quae
754 2257 790 2316 de
806 2255 984 2316 iudicialibus
1002 2272 1067 2313 oau-

78 2342 120 2400 sis
141 2341 293 2401 iamdicta
314 2350 392 2415 suut,
414 2343 550 2400 serviunt.
595 2340 667 2400 Nam
688 2359 782 2418 neque
807 2342 948 2418 prooemii
973 2344 1098 2415 neque4

77 2426 248 2484 narrationis
270 2433 316 2482 est
330 2424 402 2483 alius
416 2442 502 2499 usus,
525 2443 608 2503 quarn
626 2434 655 2483 ut
665 2425 786 2484 iudicent
800 2424 866 2483 buio
881 2431 1067 2503 praeparent;

80 2516 110 2567 et
131 2517 219 2567 status
241 2525 329 2567 nosse
348 2517 434 2586 atque
455 2526 505 2583 ea,
530 2509 566 2568 de
587 2508 690 2586 quibus
713 2527 800 2587 supra
823 2510 1006 2586 scripsimus,
1027 2507 1081 2566 in·¹

79 2594 168 2667 tueri,
190 2610 399 2671 supervacuum
418 2593 510 2667 foret,
533 2594 588 2651 nisi
608 2592 643 2651 ad
658 2592 731 2651 bano
748 2594 973 2671 perveniremus.
1008 2589 1096 2649 Dei

78 2677 165 2752 nique
183 2694 221 2735 ex
243 2677 382 2754 quinque,
405 2694 476 2754 quas
499 2675 640 2736 iudicialis
664 2679 800 2736 materiae
820 2677 955 2750 fecimus,
980 2675 1067 2752 parti·

77 2757 144 2834 bus,
161 2777 348 2837 quaecunque
365 2760 420 2820 alia
435 2769 533 2838 potest
547 2760 699 2837 aliquando
712 2762 876 2820 necessaria
892 2775 997 2818 causae
1011 2775 1067 2816 nou

78 2860 165 2910 esse;
190 2843 225 2903 lis
246 2843 323 2902 nulla
344 2853 405 2917 est,
428 2846 473 2902 oui
492 2843 713 2922 probatione
737 2862 811 2922 opus
832 2860 890 2902 nou
910 2843 956 2901 sit.
997 2841 1067 2900 Eius

77 2936 237 3005 praecepta
253 2928 295 2986 sio
310 2928 416 3005 optime
432 2926 548 2985 divisuri
563 2928 701 3003 videmur,
719 2937 749 2987 ut
761 2929 850 3005 prius,
867 2926 979 3003 quaein
991 2941 1066 2984 coru·

75 3027 163 3071 mune
183 3012 219 3072 ad
244 3027 342 3069 omnes
361 3012 545 3087 quaestiones
560 3014 719 3089 pertinent,
736 3010 931 3075 ostendamus;
953 3008 1067 3084 deinde,

77 3111 154 3172 quae
169 3096 198 3153 in
210 3112 325 3172 quoque
342 3112 446 3154 causae
462 3113 571 3171 genere
588 3097 706 3174 propria
720 3097 786 3169 sint,
802 3110 985 3171 exequamur.

163 3176 185 3237 1.
212 3178 257 3237 Ac
277 3181 366 3256 prima
384 3179 497 3255 quidem
515 3179 564 3238 illa
587 3180 703 3257 partitio
728 3178 763 3237 ab
786 3176 945 3236 Aristotele
966 3177 1067 3238 tradita

78 3277 251 3321 consensum
266 3263 328 3321 fere
345 3264 466 3322 omnium
484 3264 595 3338 meruit,
612 3262 683 3321 alies
702 3280 769 3321 esse
783 3260 979 3339 probationes,
996 3279 1068 3339 quas

78 3353 162 3406 extra
176 3345 289 3406 dicendi
303 3350 442 3406 rationem
454 3348 600 3424 acciperet
613 3355 727 3412 orator;
744 3346 825 3420 alias,
842 3363 912 3423 quas
929 3363 966 3403 ex
981 3361 1068 3404 causa

79 3429 230 3492 traheret
221 3447 285 3510 ipse
301 3439 330 3489 et
351 3431 472 3508 quodam
489 3430 574 3489 modo
588 3432 731 3508 gigneret.
761 3428 889 3508 Ideoque
903 3429 969 3490 illas
987 3419 1067 3504 dclx
