2434 3925
361 202 451 253 rusa.
465 201 694 254 calnomum.
707 200 818 268 vnqs
1049 188 1088 250 ts
1154 191 1159 204 ’

178 357 236 417 Sed
263 357 365 417 borum
386 357 500 433 quidem
523 375 662 433 generum
682 366 712 416 et
733 356 827 417 bonae
849 358 905 418 dici
922 365 1043 437 possunt
1059 366 1089 418 et

88 441 196 502 malae.
229 440 300 501 lllae
316 458 432 518 semper
446 443 569 501 vitiosae
591 459 607 500 a
627 439 758 500 verbo:
780 439 889 503 Patres
902 445 1130 520 emanariptirto

86 529 137 587 sic
162 527 241 587 euim
262 527 469 603 incipiendam
492 534 537 585 est
565 525 653 600 milri,
684 533 717 584 at
742 527 936 586 memineritis
953 535 1086 603 patrans.

88 610 179 669 Peius
200 607 308 683 adhuc,
333 624 390 686 quo
413 610 502 685 magis
517 608 620 668 falsum
641 616 686 668 est
701 617 730 667 et
745 608 859 685 longius
873 611 1002 687 petitum,
1019 626 1087 669 con·

87 702 136 753 tra
153 691 273 751 eandem
288 709 419 751 sororem
434 693 617 769 gladiatoris,
635 693 715 751 cuius
726 691 811 751 modo
827 693 883 751 leci
898 689 1086 753 mentionem:

87 775 144 837 Aa
159 778 285 854 stipitum
296 779 441 854 papaaai.
473 776 526 835 Est
541 778 627 835 etiam
641 777 758 851 generis
774 776 919 851 eiusdem,
936 778 1035 837 nescio
1052 786 1128 839 antl

88 862 318 934 vitiosissimum,
336 861 469 937 quotiens
481 859 635 919 verborum
652 858 818 936 ambiguitas
830 877 999 919 cumrerum
1014 859 1087 922 falsa

90 944 218 1021 quadam
233 943 415 1003 similitudine
431 945 563 1019 iungitur.
603 941 717 1002 Clarum
739 952 885 1003 auctorem
905 945 1016 1004 iuvenis
1038 962 1086 1004 au·

89 1027 168 1100 divi,
192 1044 256 1086 cum
275 1027 351 1087 lecta
364 1029 392 1085 in
407 1029 501 1105 capite
517 1026 663 1086 cuiusdam
679 1044 748 1086 ossa
763 1030 922 1087 sententiae
936 1028 1028 1104 gratia
1044 1037 1086 1087 te·

89 1109 186 1170 nenda
201 1112 283 1169 matri
299 1110 442 1171 dedisset:
464 1110 678 1189 Infelicissime
700 1111 831 1188 semina,
852 1112 984 1173 nandum
1001 1121 1087 1172 ecta-

88 1196 156 1258 tistt
179 1194 274 1272 filiam
302 1196 506 1257 etiamnunc
525 1196 633 1273 lepisti.
667 1193 712 1253 Ad
732 1193 789 1253 boc
809 1195 942 1274 plerique
966 1196 1085 1255 minimis
1093 1205 1129 1258 22

90 1280 180 1339 etiam
199 1277 419 1337 inventiunculis
439 1277 581 1355 gaudfflt,
603 1295 679 1356 quae
700 1296 843 1337 excussae
866 1281 953 1338 risum
969 1278 1084 1353 babent,
1115 1297 1117 1300 ’

89 1364 227 1421 inventae
244 1361 320 1420 facie
335 1363 441 1436 ingenii
455 1362 645 1421 blandiuntur.
683 1360 795 1438 Desa,
819 1364 866 1440 qui
887 1362 1041 1439 naufragus
1057 1371 1086 1422 et

90 1454 160 1505 ante
178 1462 313 1522 agrorum
328 1446 479 1505 sterilitate
493 1443 615 1505 renatus
627 1447 656 1504 ln
668 1444 777 1505 scholis
790 1446 905 1523 tingitur
915 1465 948 1505 se
965 1464 1085 1524 suspen-

90 1530 189 1589 disse:
215 1526 309 1601 Quem
331 1548 389 1589 aec
411 1539 497 1590 terra
519 1532 630 1608 recipit
644 1548 701 1590 aec
715 1548 815 1606 mare,
829 1532 973 1608 pendeat.
1014 1530 1128 1594 Huictd

92 1611 188 1671 simile
203 1613 231 1670 in
246 1611 313 1686 illo,
337 1612 373 1672 de
397 1630 454 1689 quo
475 1630 562 1689 supra
579 1613 654 1687 dixi,
678 1614 722 1672 cui
738 1621 821 1691 pater
838 1632 889 1673 sua
904 1613 1030 1682 membra
1045 1614 1084 1673 la·

92 1697 203 1756 cenanti
224 1712 365 1754 venenum
386 1695 476 1755 dedit:
503 1694 564 1768 Qut
581 1698 660 1758 boec
679 1697 757 1772 edit,
782 1698 870 1758 debet
893 1698 950 1757 boc
972 1698 1085 1760 bibere.

90 1778 130 1840 Et
144 1781 173 1838 in
187 1778 374 1854 luxuriosum,
392 1780 439 1855 qul
451 1771 682 1857 ἀποκαρτέρησιν
696 1779 845 1839 simulasse
857 1780 974 1839 dicitur:
991 1779 1086 1843 Necte

91 1865 244 1940 laqueum,
255 1864 361 1937 bader,
381 1864 463 1940 qaod
475 1864 620 1942 faucibus
634 1865 694 1924 tais
707 1865 861 1923 irascaris
868 1887 881 1931 ,·
897 1882 981 1925 same
995 1883 1084 1925 cene·

91 1967 178 2022 nam,
202 1948 289 2009 decet
303 1948 494 2009 turmariorum
509 1948 638 2010 bibendo
656 1948 742 2007 mori.
780 1946 844 2007 ntia
864 1965 951 2006 vana:
974 1956 1003 2005 ut
1022 1957 1127 2011 sua-24

93 2032 190 2099 dentis
212 2033 394 2110 purpuratis,
416 2040 447 2092 ut
466 2030 661 2092 Alexandrum
677 2030 832 2106 Babylonis
847 2031 980 2090 incendio
998 2048 1084 2109 sepe·

94 2114 182 2189 bant,
211 2112 423 2176 Alexandrum
452 2118 585 2194 repella·
617 2117 673 2176 boc
703 2117 862 2192 qaisquam
890 2114 1039 2193 spectabit
1063 2134 1085 2177 a

92 2201 191 2261 tectu?
205 2198 293 2272 Quasi
307 2216 378 2258 vero
393 2199 421 2259 id
434 2200 471 2258 sit
485 2200 513 2257 in
527 2216 559 2257 re
575 2208 634 2259 tota
646 2198 878 2275 indignissimum.
903 2199 968 2258 ntia
983 2199 1082 2259 nimia:

92 2290 124 2341 ut
140 2281 176 2342 dc
192 2281 339 2343 Germanis
356 2283 498 2343 dicentem
513 2282 652 2360 quendam
669 2283 778 2358 audivi,
802 2280 902 2361 Caput
915 2285 1018 2344 mucia
1033 2284 1085 2345 arbi

92 2367 283 2443 impositam
304 2375 334 2427 et
355 2366 392 2426 de
414 2368 476 2425 viro
499 2366 582 2440 lorti,
603 2364 692 2428 Bella
706 2367 833 2428 ambone
845 2369 995 2445 propellit.
1026 2367 1124 2430 Sedta

93 2449 156 2509 linis
173 2452 310 2525 nouerit,
327 2452 351 2509 si
367 2449 494 2527 singulas
511 2459 710 2528 corruptorum
726 2467 887 2529 persequar
903 2451 1020 2511 formas.

176 2533 249 2594 lllud
263 2536 375 2612 potius,
399 2534 477 2612 quod
502 2543 548 2593 est
566 2534 658 2611 magis
678 2536 882 2594 necessarium.
918 2534 999 2594 Duae
1018 2543 1083 2593 sunt

93 2617 225 2677 diversae
243 2619 409 2696 opiniones,
432 2617 551 2677 aliorum
571 2618 727 2677 sententias
743 2617 822 2676 solas
840 2636 931 2695 paene
951 2626 1081 2695 spectan-

44 2750 46 2759 ,
93 2702 171 2776 tium,
189 2701 308 2761 aliorum
323 2702 437 2762 omuino
452 2701 653 2768 damnantium;
676 2717 795 2778 quorum
809 2702 875 2760 mihi
890 2710 1017 2760 neutrum
1033 2700 1080 2758 ad·

92 2783 204 2844 modum
219 2784 324 2863 placet.
365 2784 501 2844 Densitas
524 2802 620 2844 earum
643 2783 738 2843 obstat
758 2786 894 2852 invicem
922 2793 952 2842 ut
970 2786 998 2841 in
1013 2785 1123 2847 satiato

95 2867 223 2927 omnibus
238 2867 436 2946 fructibusque
453 2867 587 2928 arborum
607 2867 675 2927 nibil
696 2867 731 2927 ad
747 2870 847 2927 iustam
862 2866 1081 2944 magnitudinem
1127 2902 1130 2907 ›

93 2951 263 3012 adolescere
280 2960 393 3029 potest,
416 2951 493 3029 quod
510 2951 595 3024 loco,
613 2954 642 3010 in
657 2968 740 3028 quem
755 2960 882 3024 crescat,
900 2960 988 3009 caret.
1019 2949 1081 3010 Nec

93 3036 213 3113 pictura,
235 3037 335 3112 inqua
352 3034 421 3094 nibil
440 3034 627 3094 circumlitum
643 3042 698 3109 est,
720 3037 833 3093 eminet.
870 3033 998 3111 Ideoque
1014 3035 1079 3093 arti-

95 3116 163 3177 fices
185 3121 285 3191 etiam,
308 3136 372 3178 cum
393 3118 476 3197 plura
497 3118 525 3176 in
547 3135 629 3177 unam
644 3116 768 3176 tabulam
782 3134 872 3195 opera
887 3118 1079 3193 contulerunt,
1171 3187 1176 3195 ι

42 3250 44 3259 .
96 3204 193 3280 spatiis
210 3203 402 3280 distinguunt,
423 3220 459 3262 ne
474 3201 592 3261 umbrae
607 3203 635 3259 in
650 3216 773 3279 corpora
789 3200 900 3260 cadant.
939 3200 1019 3261 Facit
1033 3207 1120 3262 resti

95 3286 193 3346 eadem
213 3288 359 3345 concisam
383 3302 498 3363 quoque
519 3287 686 3344 orationem.
728 3283 863 3344 Subsistit
890 3287 963 3345 enim
989 3286 1080 3345 omnis

96 3371 245 3443 sententia,
265 3370 390 3447 ideoque
405 3378 473 3448 post
487 3387 549 3428 eam
564 3368 663 3445 utique
684 3367 759 3427 aliud
780 3377 824 3427 est
846 3370 962 3429 initium.
997 3367 1080 3428 Unde

96 3452 188 3514 soluta
203 3453 267 3514 lere
282 3455 374 3513 oratio
393 3463 422 3513 et
437 3471 454 3512 e
468 3452 589 3530 singulis
604 3468 662 3512 non
677 3446 816 3514 'membris
838 3453 890 3512 sed
905 3453 1002 3513 frustis
1018 3449 1079 3512 col·
