2434 3925
285 298 375 348 nisu.
395 298 545 348 ,onerose
567 299 636 346 cm.
659 299 710 364 111,
738 293 803 348 ts.
979 284 1037 346 135

46 454 266 517 Lacedaemone
280 454 373 515 studia
391 454 548 515 litterarum
562 470 646 530 quam
663 452 784 512 Athenis
801 448 927 513 honores
945 472 1036 513 mere·

47 539 170 613 buntur,
199 539 264 617 plus
287 539 423 616 patientia
445 557 480 598 ao
493 537 640 598 tortitudo.
685 536 780 615 Rapto
802 540 902 598 vivere
923 538 1038 615 quibus·

11 659 17 664 <
47 623 114 683 dam
130 622 297 696 honestum,
320 623 383 682 aliis
406 639 475 683 cura
496 622 601 697 legum.
644 617 805 697 Frugalitss
828 623 902 700 apud
922 622 1038 696 Sybari

47 716 92 766 tas
115 707 236 765 forsitan
258 705 323 764 odio
341 706 433 782 foret,
455 704 602 765 veteribus
620 705 755 765 Romanis
772 722 908 765 summum
928 706 1037 765 luxuria

14 811 16 830 ³
48 791 168 849 crimen.
202 789 310 851 Eadem
324 790 352 848 in
369 789 489 867 singulis
506 790 675 849 differentia.
710 787 832 848 Maxime
847 790 926 849 iavet
941 791 1079 864 indemni

49 875 99 951 qui
118 873 173 932 sibi
190 873 332 947 dicentem
349 875 481 934 assentiri
498 882 587 953 putat.
623 872 702 932 ldem
720 874 861 951 praecipit
879 873 949 932 illud
968 890 1037 950 quo·
1131 916 1133 919 ψ

6 970 8 990 ²
49 974 125 1035 que,
149 956 243 1034 (quod
266 974 333 1016 mox
348 955 499 1017 Cornelius
518 956 622 1017 Celsus
645 974 739 1035 prope
753 974 840 1035 supra
862 956 975 1015 modum
997 957 1038 1014 in-

47 1041 140 1119 vasit)
166 1042 231 1119 quia
252 1043 289 1100 sit
311 1043 449 1119 quaedam
470 1040 622 1101 virtutibus
643 1059 678 1100 ac
696 1041 771 1100 vitiis
789 1041 935 1114 vicinitas,
956 1050 1037 1099 uten-

49 1125 117 1185 dum
126 1126 257 1204 proxima
269 1126 445 1185 derivatione
456 1125 621 1200 verborum,
638 1132 669 1184 ut
687 1141 740 1203 pro
757 1125 909 1184 temerario
922 1123 1037 1200 fortem,

49 1225 106 1288 pro
123 1209 246 1286 prodigo
269 1209 435 1285 liberalem,
462 1226 515 1288 pro
538 1225 626 1270 avaro
648 1226 765 1288 parcum
787 1225 938 1275 vocemus;
965 1226 1039 1287 quae

51 1290 153 1352 eadem
169 1294 253 1351 etiam
275 1301 375 1353 contra
390 1293 497 1353 valent.
532 1292 617 1366 Quod
634 1292 747 1370 quidem
766 1303 874 1368 orator,
891 1292 918 1352 id
937 1302 982 1352 est
995 1294 1039 1351 vir

9 1423 11 1426 .
50 1376 161 1451 bonus,
178 1394 320 1454 nunquam
336 1377 436 1452 faciet,
453 1377 510 1435 nisi
523 1376 599 1436 forte
614 1378 753 1435 communi
771 1377 891 1437 utilitate
907 1377 1036 1437 ducetur.

133 1458 293 1520 Laudentur
308 1469 402 1522 aulem
419 1461 529 1521 urbes
546 1460 677 1520 similiter
696 1469 781 1539 atquo
797 1461 937 1522 homines.
969 1459 1081 1522 Nambb

52 1559 108 1621 pro
128 1553 248 1621 parente
270 1553 315 1603 est
337 1545 478 1621 conditor,
495 1553 531 1626 'et
552 1543 668 1604 multum
689 1547 865 1605 auctoritatis
887 1545 970 1605 allent
989 1563 1039 1603 ve·

51 1634 153 1702 tustas,
174 1627 280 1703 uthis,
304 1629 351 1706 qui
375 1638 453 1688 terra
474 1629 605 1688 dicuntur
629 1630 698 1695 orti;
722 1638 751 1688 et
774 1631 894 1689 virtutes
917 1647 951 1688 ac
970 1629 1040 1688 vitia

53 1711 130 1770 circa
146 1729 194 1770 res
212 1719 310 1789 gestas
327 1713 427 1772 eadem
445 1731 518 1791 quae
540 1714 568 1771 in
591 1713 727 1789 singulis,
749 1712 798 1773 illa
816 1714 943 1791 propria,
965 1729 1039 1789 quae
1086 1786 1090 1797 Ι

8 1819 11 1850 ;
52 1810 90 1854 ex
111 1794 169 1853 loci
190 1796 333 1874 positione
353 1814 390 1857 ac
405 1799 559 1857 munitione
575 1805 649 1856 sunt.
683 1792 770 1855 Cives
787 1796 845 1856 illis
868 1805 898 1855 ut
920 1794 1038 1855 bomini·
1080 1872 1083 1879 .

49 1878 104 1938 bus
126 1877 211 1938 liberi
232 1880 341 1939 decori.

133 1961 188 2022 Est
206 1964 267 2023 laus
289 1973 318 2023 et
339 1982 507 2044 operum,
531 1966 560 2025 in
579 1964 681 2044 quibus
698 1964 807 2039 bonor,
827 1963 953 2037 utilitas,
976 1960 1080 2042 pul-bi

6 2086 7 2091 κ
51 2047 198 2121 chritudo‚
222 2056 323 2108 auctor
345 2051 471 2127 spectari
494 2050 579 2109 solet.
613 2049 712 2110 Honor
731 2058 762 2107 ut
782 2049 811 2106 in
832 2046 963 2124 templis,
985 2047 1038 2105 uti·

49 2130 116 2190 litas
137 2140 168 2190 ut
190 2132 218 2190 in
235 2134 333 2206 muris,
357 2133 538 2212 pulchritudo
556 2132 604 2193 vel
626 2141 727 2193 auctor
744 2132 906 2210 utrobique.
942 2129 995 2190 Est
1010 2139 1040 2189 et

50 2215 234 2291 locorum,
260 2217 352 2294 qualis
374 2217 490 2278 Siciliae
513 2217 588 2295 apud
612 2214 800 2292 Ciceronem,
824 2216 852 2275 in
875 2214 976 2293 quibus
1001 2217 1038 2273 si·

50 2298 156 2358 militer
173 2301 301 2379 speciem
325 2301 529 2382 etutilitatem
553 2302 706 2368 intuemur;
729 2301 857 2379 speciem
880 2299 1038 2374 maritimis,

52 2382 161 2460 planis,
183 2386 324 2452 amoenis;
353 2384 502 2444 utilitatem
524 2384 705 2460 salubribus,
728 2383 880 2444 fertilibus.
925 2382 988 2442 Erit
1010 2391 1040 2442 et

53 2466 190 2527 dictorum
209 2461 393 2527 honestorum
410 2469 608 2547 factorumque
626 2469 687 2529 laus
702 2462 857 2546 generalis,
878 2469 932 2527 erit
950 2476 978 2526 et
993 2486 1038 2525 re·

6 2552 7 2563 ²
53 2567 110 2609 mm
133 2552 223 2610 omnis
246 2551 331 2611 modi.
369 2551 440 2611 Nam
462 2560 491 2612 et
512 2554 603 2612 somni
626 2562 655 2613 et
672 2554 771 2613 mortis
796 2553 922 2630 scriptae
938 2551 1082 2613 laudesbb

56 2641 83 2691 et
102 2634 278 2712 quorundam
298 2635 447 2695 amedicis
470 2635 608 2696 ciborum.

131 2717 249 2796 ltaque,
279 2727 310 2777 ut
337 2736 394 2778 non
419 2721 553 2779 consensi
575 2720 633 2780 hoc
654 2720 825 2781 laudativum
846 2735 937 2796 genus
961 2719 1039 2777 circa

53 2799 143 2860 solam
164 2802 275 2861 versari
295 2803 409 2862 bonesti
439 2804 656 2881 quaestionem,
686 2805 729 2863 sic
754 2802 889 2882 qualitate
917 2803 1038 2860 maxime

52 2887 191 2945 contineri
212 2893 299 2963 puto;
322 2904 480 2964 quanquam
498 2896 557 2946 tres
574 2896 665 2947 status
686 2904 785 2946 omnes
804 2886 908 2945 cadere
932 2886 960 2943 in
981 2886 1039 2945 hoc

50 2982 123 3045 opns
146 2970 268 3047 possint,
292 2970 395 3047 hisque
415 2988 496 3028 usum
514 2967 547 3029 G.
564 2969 720 3030 Caesarem
735 2971 764 3028 in
780 2969 967 3045 vituperando
985 2966 1038 3029 Ga·

48 3057 116 3111 tone
140 3054 282 3113 notaverit
298 3052 412 3113 Cicero.
457 3053 558 3113 Totum
585 3062 680 3114 autem
707 3052 793 3112 habet
818 3051 925 3129 aliquid
946 3055 1044 3114 simile

47 3137 204 3215 suasoriis,
233 3138 299 3216 quia
320 3138 492 3217 plerumque
515 3137 617 3197 eadem
640 3134 701 3197 illic
722 3136 837 3196 suaderi
861 3133 908 3194 hic
929 3137 1039 3199 laudari

48 3218 154 3279 solent.

271 3374 313 3424 bb
327 3373 493 3428 SUASORIA
509 3373 550 3424 ΕΤ
565 3370 819 3428 Pnosororonm.

130 3454 208 3515 Vlll.
232 3455 508 3517 Deliberativas
527 3474 642 3534 quoquc
661 3458 749 3514 miror
767 3455 959 3535 aquibusdam
974 3454 1038 3514 sola

47 3537 170 3599 utilitate
192 3540 294 3601 linitas.
345 3541 390 3602 Ac
418 3542 442 3600 si
465 3539 531 3620 quid
553 3539 644 3609 iobis
667 3558 750 3599 unum
772 3541 854 3618 sequi
876 3547 1035 3620 oporteret,
