2434 3925
349 275 791 345 rnsn.oann01s.n1c.1x,4.
1017 269 1076 330 145

42 434 155 495 tineri.
194 431 351 492 Membrum
368 431 483 509 longius
503 433 596 508 iusto,
619 431 744 499 tardum;
772 431 908 509 brevius,
929 435 1065 496 instabile

44 528 114 579 est.
151 516 322 594 Ubicunque
337 518 443 576 acriter
455 517 524 592 erit,
541 518 691 592 instanter,
708 518 879 594 pugnaciter
894 518 1061 580 dicendum:

44 601 238 663 membratim
254 601 420 678 caesimque
441 600 585 669 dicemus,
607 619 672 660 nam
693 600 759 683 hoc,
773 602 801 660 in
825 603 955 661 oratioue
978 603 1121 681 pluri-126

43 705 135 747 mum
156 687 249 754 valet;
283 685 415 762 adeoque
438 684 526 744 rebus
550 685 794 744 accommodanda
818 689 1009 765 compositio,
1035 697 1066 747 ut

46 772 174 850 asperis
195 786 318 848 asperos
340 771 426 828 etiam
441 785 576 827 numeros
591 767 721 829 adhiberi
737 777 873 847 oporteat
894 779 923 829 et
944 788 1006 830 oum
1024 771 1065 830 di·

46 863 146 915 cente
164 872 257 931 aeque
272 852 434 912 audientem
450 852 664 912 inhorrescere.
703 852 880 912 Membratim
893 854 1064 936 plerumque

46 938 255 1013 narrabimus,
279 946 327 996 aut
342 939 421 1015 ipsas
438 937 576 1014 periodos
591 937 746 997 maioribus
761 937 922 998 intervallis
939 947 968 999 et
984 940 1121 1001 veluttt‘l

46 1022 222 1084 laxioribus
235 1021 318 1080 nodis
334 1021 533 1096 resolvemus,
552 1023 685 1099 exceptis
702 1039 776 1100 quae
789 1039 847 1080 non
861 1022 985 1083 docendi
1000 1041 1065 1100 gra·

46 1111 96 1167 tia
120 1107 173 1165 sed
189 1106 307 1165 ornandi
327 1112 493 1180 narrantur,
513 1114 544 1164 ut
563 1107 591 1164 in
606 1104 729 1164 Verrem
744 1105 937 1184 Proserpinae
952 1117 1061 1186 raptus.

48 1191 114 1252 llic
138 1193 213 1248 enim
238 1190 311 1249 lenis
339 1198 368 1248 et
390 1190 482 1250 bueus
509 1199 662 1249 contextus
685 1189 780 1249 decet.
830 1190 971 1252 Periodos
997 1201 1062 1270 apta

47 1277 217 1355 prooemiis
239 1276 376 1333 maiorum
393 1291 558 1350 causarum,
582 1273 630 1333 ubi
650 1274 861 1351 sollicitudine,
883 1277 1122 1337 commenda-128

49 1362 154 1435 tione,
181 1360 366 1418 miseratione
390 1376 437 1418 res
458 1366 541 1434 eget,
576 1361 645 1417 item
667 1358 863 1419 communibus
888 1360 963 1419 locis
987 1370 1016 1420 et
1037 1361 1065 1419 in

49 1445 136 1504 omni
159 1443 396 1521 amplificatione;
424 1442 476 1502 sed
499 1444 631 1520 poscitur
651 1449 710 1502 tum
731 1452 864 1519 austera,
888 1447 913 1504 sl
929 1463 1063 1520 accuses,

48 1539 117 1589 tum
133 1527 214 1602 lusa,
237 1529 261 1586 si
287 1527 398 1586 laudes.
443 1524 561 1586 Multum
580 1536 609 1585 et
629 1528 657 1585 in
672 1527 798 1606 epilogis
814 1528 918 1606 pollet.
958 1530 1062 1589 'lotum

49 1623 154 1673 autem
173 1611 231 1670 hoc
251 1611 441 1671 adhibendum
459 1619 518 1685 est,
541 1611 618 1688 quod
644 1613 681 1669 sit
701 1612 821 1689 amplius
843 1615 1060 1691 compositionis
1071 1620 1121 1675 129

49 1714 167 1776 genus,
186 1714 249 1755 curn
265 1696 352 1754 iudex
366 1712 424 1754 non
435 1694 529 1759 solum
541 1712 602 1752 rem
618 1703 713 1770 tenet,
730 1695 783 1755 sed
799 1698 885 1755 etiarn
900 1707 1001 1776 captus
1018 1706 1062 1757 est

51 1783 191 1841 oratione
215 1789 298 1839 etse
321 1779 416 1847 vcredit
435 1780 527 1838 actori
551 1787 579 1837 et
601 1779 751 1857 voluptate
771 1778 827 1838 iam
853 1780 975 1840 ducitur.
1014 1782 1061 1841 lli-

50 1867 147 1926 storia
168 1880 225 1922 non
246 1872 303 1923 tam
323 1863 418 1922 linitos
443 1878 577 1921 numeros
599 1880 682 1940 quam
704 1863 804 1923 orbem
829 1863 969 1941 quendam
994 1883 1061 1925 con·

51 1959 226 2028 textumque
245 1947 401 2008 desiderat.
443 1946 572 2025 Namque
596 1948 690 2007 omnia
705 1949 767 2008 eius
787 1947 915 2008 membra
931 1967 1061 2009 connexa

52 2044 123 2096 sunt
143 2042 187 2107 et,
211 2034 346 2112 quoniam
362 2031 472 2091 lubrica
488 2040 533 2090 est
548 2049 583 2091 ac
597 2032 676 2107 duit,
698 2042 730 2091 ut
743 2033 891 2109 homines,
911 2036 960 2113 qui
974 2032 1061 2093 mani·

51 2119 111 2179 bus
135 2118 258 2177 invicem
279 2116 469 2195 apprehensis
490 2116 611 2192 gradum
628 2116 754 2193 firmant,
780 2119 926 2177 continent
947 2127 976 2178 et
997 2135 1063 2178 cou-

52 2206 192 2264 tinentur.
219 2200 482 2261 Demonstrativum
497 2217 589 2277 genus
605 2217 690 2259 omne
706 2200 832 2261 fusiores
843 2200 931 2261 habet
944 2202 1122 2276 liberio-130

53 2305 166 2366 resque
189 2302 340 2354 numeros;
364 2284 502 2361 judiciale
517 2293 546 2343 et
560 2284 743 2363 contionale,
764 2295 795 2345 ut
815 2287 935 2347 materia
954 2288 1063 2347 varium

2 2435 3 2454 ,
55 2382 119 2448 est,
137 2372 181 2430 sic
196 2371 282 2430 etiam
296 2370 360 2447 ipsa
373 2368 569 2429 collocatione
584 2368 750 2428 verborum.

2 2501 3 2520 ,
140 2454 197 2514 Ubi
212 2456 267 2513 iam
282 2453 366 2513 nobis
382 2470 449 2531 pars
466 2471 504 2512 ex
520 2452 647 2527 duobus,
665 2471 736 2533 quas
757 2453 844 2513 modo
860 2454 998 2531 lecimus,
1017 2473 1062 2514 se·

2 2537 3 2570 l
57 2538 150 2601 cunda
169 2538 317 2598 tractanda
333 2546 387 2598 est.
428 2536 579 2616 Numquis
595 2535 776 2598 dubitatalia
792 2537 902 2614 lenius,
921 2539 977 2599 alia
995 2555 1062 2597 con·

57 2623 191 2698 citatius,
215 2622 270 2682 alia
294 2622 459 2697 sublimius,
484 2621 539 2681 alia
557 2624 733 2699 pugnacius,
757 2622 813 2682 alia
835 2623 979 2697 ornatius,
1007 2623 1062 2682 alia

56 2705 196 2782 gracilius
214 2724 281 2765 esse
298 2705 435 2774 dicenda;
458 2705 612 2782 gravibus,
629 2705 815 2782 sublimibus,
833 2708 942 2767 ornatis
960 2705 1061 2782 longas
1069 2713 1116 2770 131

2 2809 3 2812 ¹
57 2791 150 2866 magis
169 2789 297 2865 syllabas
321 2786 500 2849 convenire?
522 2791 608 2848 itaut
627 2788 703 2850 lenia
720 2792 862 2868 spatium,
886 2788 1017 2848 sublimia
1034 2799 1063 2848 et

59 2882 159 2932 ornata
181 2874 341 2933 claritatem
367 2890 483 2951 quoque
509 2872 652 2933 vocalium
677 2883 816 2951 poscant;
848 2873 892 2933 his
919 2874 1062 2932 contraria

57 2959 148 3035 magis
161 2958 290 3034 gaudere
302 2957 449 3032 brevibus,
463 2967 640 3033 argumenta,
653 2958 832 3036 partitiones,
845 2959 929 3016 iocos
942 2964 971 3015 et
983 2958 1062 3034 quid·

60 3040 127 3118 quid
148 3050 193 3100 est
208 3044 333 3101 sermoni
355 3044 447 3119 magis
462 3041 566 3101 simile.
611 3040 712 3118 ltaque
733 3057 938 3120 componemus
955 3044 1120 3118 prooe-lssh

57 3126 143 3184 mium
164 3128 244 3184 varie
268 3136 354 3204 atque
381 3136 413 3186 ut
433 3143 536 3184 sensus
563 3127 626 3185 eius
647 3124 814 3203 postulabit.
858 3124 960 3202 Neque
980 3128 1061 3206 'enim

59 3209 236 3270 accesserim
251 3207 357 3286 Celso,
380 3211 428 3288 qui
443 3228 526 3269 unam
542 3208 682 3286 quandam
703 3208 772 3278 huic
787 3210 861 3286 parti
877 3209 996 3269 formam
1012 3210 1061 3270 de·

60 3291 116 3370 dit,
139 3302 170 3352 et
191 3295 326 3370 optimam
344 3296 584 3373 compositionem
606 3311 674 3352 esse
694 3295 835 3371 prooemii
852 3302 882 3353 ut
905 3293 980 3372 apud
995 3294 1061 3352 Asi·

60 3380 135 3437 nium
150 3376 236 3436 dixit:
260 3376 313 3452 st,
336 3375 473 3454 Caesar,
495 3397 535 3438 ea
555 3378 694 3439 omnibus
708 3378 901 3455 mortalibus,
923 3379 976 3457 qui
993 3386 1062 3439 scot

61 3482 100 3524 oc
112 3463 252 3541 suerunt,
275 3470 379 3539 posset
392 3463 464 3523 huic
482 3482 598 3524 causac
613 3464 800 3538 disceptator
814 3464 887 3539 lepi,
903 3480 963 3523 coo
977 3461 1061 3539 quis·
1098 3537 1105 3547 ·

63 3564 151 3626 quom
169 3553 199 3606 te
218 3549 320 3624 potius
342 3548 493 3623 optandos
515 3548 601 3610 nobis
616 3547 684 3626 [uit.
722 3545 786 3606 Nou
804 3549 868 3625 quia
884 3562 988 3621 negem
1005 3545 1121 3610 horrea

102 3651 131 3689 tr.
150 3650 174 3688 s.
200 3652 314 3700 curnam.
332 3635 364 3689 11.
855 3630 892 3690 10
