2434 3925
314 171 403 219 mss.
425 170 573 220 aaaron.
596 172 664 220 nm.
681 167 769 238 naa
980 159 1038 221 tta

46 330 115 405 liiii,
133 335 286 407 parentes,
302 324 422 402 divites,
441 340 543 401 senes,
560 326 672 404 asperi,
690 326 789 402 lenes,
808 329 898 404 avari,
913 328 1037 406 deniqne

43 411 258 492 superstitiosi,
280 409 383 485 timidi,
412 409 558 469 derisores
584 409 668 477 tiunt;
696 419 726 469 ut
750 411 800 468 vix
826 412 1038 472 comoediarum

42 495 194 559 actoribus
220 494 320 573 plures
347 493 493 553 habitus
485 512 513 552 m
540 492 749 592 propontiando
776 497 957 574 concipiendi
983 498 1038 555 sint
1149 496 1151 500 ’

43 598 132 679 quam
151 579 219 639 his
211 598 240 638 m
255 577 387 637 dicendo
427 576 508 650 Quae
524 579 618 637 omnia
639 586 761 675 possunt
781 578 872 638 videri
894 597 1037 658 prosopo-
1049 597 1082 650 52

43 666 171 744 poeiae,
190 679 273 740 quam
289 678 345 739 ego
361 663 499 720 suasoriis
515 660 641 735 subieci,
663 662 729 738 quia
744 661 823 721 uullo
838 663 923 722 modo
940 662 976 722 ab
994 664 1039 723 his

43 767 133 828 qnam
155 751 282 845 persona
304 746 398 805 distat.
445 743 613 823 Quanquam
635 744 708 804 haee
729 745 881 823 aliquando
904 748 988 806 etiam
1012 750 1041 806 in

46 831 266 893 controversias
287 829 414 904 ducitur,
437 847 512 906 qnae
536 847 573 887 ex
597 828 725 888 historiis
750 833 930 907 compositae
952 833 1040 890 certis

44 916 194 994 agentium
211 912 370 972 nominibus
388 915 575 972 continentur.
609 911 736 990 Neque
727 930 847 990 ignoro,
870 914 1083 992 plerumque53

45 998 266 1060 exercitationis
281 998 373 1075 gratia
388 998 456 1074 poni
469 1006 498 1056 et
513 996 645 1074 poeticas
659 1005 687 1055 et
702 997 867 1072 historicae,
883 1007 914 1056 ut
925 996 1044 1059 Priami

44 1084 143 1146 uerba
160 1083 246 1160 apud
260 1078 407 1142 Achillem
425 1089 472 1140 aut
487 1079 594 1141 Sullae
611 1081 798 1141 dictatorcm
816 1083 1021 1160 deponeretis
1008 1101 1042 1142 ra

46 1169 195 1229 contione.
236 1164 294 1224 Sed
314 1165 420 1223 haee'
412 1182 440 1222 m
464 1173 575 1241 partem
600 1163 705 1222 cedent
725 1167 806 1224 trium
829 1184 984 1242 generum,
1011 1167 1041 1224 in

47 1270 123 1330 quae
140 1267 243 1309 causas
259 1249 413 1309 divisimus.
449 1246 522 1308 Nam
542 1257 575 1306 et·
586 1265 710 1324 rogare,
732 1249 876 1324 indicare,
899 1251 1041 1309 rationem

45 1334 171 1394 reddere
187 1342 216 1392 et
231 1332 302 1407 alia,
325 1332 361 1391 de
383 1331 484 1409 quibus
501 1348 587 1409 supra
603 1331 708 1390 dictum
730 1341 790 1408 est,
813 1334 892 1393 varie
908 1342 994 1410 atque
1009 1342 1040 1392 ut

47 1437 96 1478 res
124 1418 237 1477 tulitin
263 1418 381 1476 materia
402 1415 546 1490 iudiciali,
576 1414 780 1491 deliberativa,
804 1416 1038 1492 demonstrativa,

48 1503 188 1562 solemus.
223 1499 467 1578 Frequentissime
487 1516 559 1558 vero
581 1499 608 1557 in
629 1498 673 1558 his
694 1501 797 1558 utimur
817 1501 883 1559 {ieta
901 1510 1083 1579 persona-54

48 1605 127 1660 rum,
152 1603 222 1663 quas
244 1585 299 1661 ipsi
321 1582 532 1659 substituimus,
556 1584 703 1657 oratione,
725 1592 756 1642 ut
777 1585 852 1661 apud
870 1582 1041 1644 Ciceronem

48 1687 102 1748 pro
120 1666 221 1729 Caelio
238 1665 366 1728 Clodiam
382 1676 411 1725 et
427 1685 533 1725 caecus
550 1666 662 1743 Appius
680 1676 710 1725 et
725 1665 843 1726 Clodius
861 1668 967 1743 irater,
984 1668 1040 1727 'iile

46 1755 76 1812 in
93 1754 312 1830 castigationem
332 1752 379 1811 hie
400 1751 429 1810 in
450 1751 679 1811 exhortationem
695 1752 828 1810 vitiorum
851 1753 1058 1830 compositus„

47 1838 106 1898 ello
131 1839 214 1896 uitur.

109 1857 235 1981 qSolent
256 1920 284 1978 in
305 1918 414 1979 scholis
436 1918 503 1995 fingi
524 1918 663 1978 materiae
679 1918 714 1978 ad
730 1916 946 1978 deliberandum
963 1919 1083 1985 simi-55

48 2007 139 2066 liores
159 2005 365 2064 controversiis
386 2021 424 2063 ex
443 2011 566 2080 utroque
582 2020 692 2079 genere
715 2004 902 2077 commixtae,
924 2012 955 2061 ut
977 2021 1040 2061 cum

48 2090 124 2167 apud
145 2086 178 2147 C.
202 2085 356 2147 Caesarem
379 2085 551 2145 consultatio
573 2085 609 2145 de
631 2103 725 2164 poena
750 2086 893 2146 Theodoti
915 2088 1039 2166 ponitur.

49 2172 171 2232 Constat
185 2173 259 2230 enim
274 2172 459 2230 accusatione
475 2179 505 2229 et
519 2169 690 2230 defensione
706 2188 793 2231 causa
808 2173 887 2246 eius,
903 2168 980 2248 quod
996 2178 1041 2229 est

49 2256 223 2316 iudicialium
238 2256 394 2334 proprium.
427 2254 570 2313 Permixta
585 2263 680 2313 tamen
698 2263 743 2314 est
760 2263 789 2314 et
803 2255 934 2315 utilitatis
950 2256 1023 2314 ratio
1033 2276 1040 2314 :
1050 2265 1083 2321 56

49 2337 94 2400 Aa
113 2359 174 2419 pro
196 2337 333 2400 Caesare
352 2339 446 2418 faerit
459 2340 561 2400 occidi
582 2337 778 2417 Pompeiam?
811 2337 860 2399 Aa
878 2340 1042 2401 timendam

51 2444 71 2485 a
90 2444 165 2502 repe
185 2425 309 2499 tedam,
331 2425 360 2483 ei
379 2420 546 2485 Theodotus
568 2424 605 2483 eit
623 2425 766 2485 aeaeae?
798 2420 847 2484 Aa
867 2424 902 2484 id
922 2424 1043 2484 minime

50 2517 249 2587 apportarama
270 2508 327 2568 loc
348 2515 480 2585 tempore
500 2514 529 2567 el
547 2507 752 2584 periculosam
774 2514 803 2568 et
823 2517 906 2568 certe
922 2507 1043 2586 tanqam

50 2593 260 2671 allaturam?
284 2590 437 2664 Quaeritur
452 2598 481 2649 et
496 2590 532 2649 de
548 2590 688 2649 honesto:
709 2587 864 2652 Decealae
877 2588 1084 2659 Caesaremtl

50 2677 123 2737 ollio
139 2673 294 2753 Pompeii?
322 2672 371 2735 Aa
388 2676 428 2735 cit
442 2676 625 2750 versadam,
645 2694 684 2735 ae
693 2676 830 2754 peiorem
849 2676 949 2753 faciat
968 2687 1042 2734 saa-

50 2778 118 2820 ram
137 2761 274 2838 partiam
298 2776 440 2832 causam,
460 2760 488 2818 εἰ
509 2756 681 2836 Pompeiam
703 2760 860 2838 iadipaam
877 2758 1042 2835 martcwfa-

51 2845 175 2904 tealur?
211 2841 295 2915 Quod
310 2860 402 2919 genus
418 2841 552 2901 accidere
568 2843 652 2901 etiam
667 2843 780 2902 veritati
795 2850 902 2920 potest.
970 2881 972 2884 ψ
1050 2847 1087 2906 58

133 2926 198 2985 Non
218 2926 341 3005 simplex
361 2934 455 2985 eutem
478 2928 555 2985 circa
579 2927 725 2985 suasorias
748 2943 831 2986 error
850 2928 878 2983 in
894 2924 1044 3002 plerisque

50 3009 294 3071 declamatoribus
316 3009 385 3085 init,
414 3010 462 3086 qni
483 3009 627 3069 dicendi
649 3027 765 3085 genus
787 3011 815 3068 in
832 3008 875 3068 his
899 3008 1043 3068 diversum

50 3104 139 3172 atque
155 3095 183 3152 in
204 3103 294 3153 totum
314 3093 355 3153 iili
377 3093 502 3152 iudiciali
518 3095 690 3153 contrarium
711 3111 778 3152 esse
798 3094 1041 3152 existimaverunt.

50 3177 122 3237 Nam
139 3186 168 3236 et
183 3179 323 3256 principia
340 3176 460 3255 abrupta
476 3185 505 3235 et
521 3179 693 3236 concitatam
708 3194 824 3255 semper
839 3178 999 3236 orationem
1014 3184 1044 3235 et

50 3264 78 3320 in
96 3261 195 3321 verbis
217 3261 405 3343 effractorem,
426 3269 457 3319 ut
473 3262 529 3339 ipsi
548 3269 670 3336 vocant,
694 3261 805 3320 ccillam
825 3260 1042 3333 affectaverunt,

51 3354 80 3405 et
95 3364 194 3405 earum
209 3344 360 3404 breviores
381 3346 480 3422 utique
497 3345 718 3404 commentarios
734 3361 817 3421 quam
834 3344 939 3421 legalis
955 3353 1042 3403 mate-

51 3431 111 3490 riae
129 3429 230 3489 iacere
251 3429 443 3489 elaborarunt.
479 3428 543 3506 Ego
559 3444 648 3508 porro
669 3435 699 3487 ut
716 3430 867 3506 prooemio
882 3427 968 3487 video
986 3432 1085 3488 non59
