2434 3925
164 197 225 258 210
479 210 516 256 u.
528 209 606 256 ras.
622 208 843 269 ournrrmanr

164 366 306 427 actionem
331 360 435 422 Cicero
464 363 535 422 alias
563 365 653 442 quusi
676 382 844 426 sermonem
867 364 938 424 alias
965 367 1185 445 eloquentiam

164 450 320 528 quondum
335 449 474 525 corporis
489 448 566 506 dicit.
597 448 676 507 Idem
693 457 789 507 tamen
805 447 877 507 duas
893 451 955 508 eius
970 460 1081 527 partes
1097 454 1182 527 lacit

164 540 314 611 quaesunt
330 531 449 591 eaedem
462 531 709 609 pronuntiationis,
729 548 832 591 vocem
846 541 932 610 atque
947 543 1073 595 motum.
1104 537 1182 611 Qua

137 625 284 696 tpropter
307 623 428 693 utraque
450 615 647 692 appellatione
669 616 865 676 indifferenter
890 619 930 676 uti
956 618 1037 677 licet.
1080 620 1180 680 Habet

163 709 257 767 autem
271 718 320 758 res
336 701 398 777 ipsa
413 701 510 758 miram
523 701 662 776 quandam
679 702 707 758 in
726 699 902 760 orationibus
914 702 971 759 vim
985 719 1021 760 ac
1039 714 1178 781 potesta

162 794 233 850 tem:
255 800 350 861 neque
368 785 442 842 enim
456 792 513 843 tam
530 783 637 860 refert,
664 784 760 861 qualia
775 786 847 859 sint,
872 782 946 862 quae
961 786 1035 844 intra
1058 798 1179 849 nosmet

163 871 242 947 ipsos
259 868 483 945 composuimus,
503 884 586 944 quam
601 883 658 945 quo
673 867 758 926 modo
774 868 944 935 elimentum
960 887 1023 928 nam
1037 872 1084 931 ita
1099 877 1178 952 quis·

163 971 237 1031 que,
258 961 289 1011 ut
309 952 403 1027 audit,
424 960 565 1010 movetur.
600 952 697 1025 Quare
717 969 813 1030 neque
834 952 966 1030 probatio
985 953 1066 1030 ulla,
1102 976 1178 1036 quae

161 1037 246 1097 modo
262 1037 340 1095 venit
359 1035 394 1094 ab
411 1044 544 1110 oratore,
569 1044 627 1094 tam
646 1036 724 1095 lirma
746 1045 861 1111 est,·ut
882 1053 939 1095 non
960 1039 1071 1114 perdat
1097 1044 1177 1100 vires

162 1139 247 1195 suas,
269 1121 324 1179 nisi
347 1119 495 1178 adiuvatur
515 1121 734 1178 asseveratione
757 1120 888 1179 dicentis.
919 1120 1056 1180 Allectus
1081 1128 1177 1184 omnis

162 1205 332 1282 languescat
349 1221 473 1262 necesse
492 1212 552 1278 est,
568 1204 622 1262 nisi
639 1220 730 1278 voce,
746 1203 842 1280 vultu,
858 1205 944 1263 totius
960 1221 1058 1283 prope
1074 1208 1176 1268 habitu

135 1290 293 1367 hcorporis
309 1288 481 1347 inardescat.
508 1287 579 1347 Nam
595 1305 658 1347 cum
674 1288 747 1347 haec
763 1290 856 1347 omnia
872 1288 1042 1349 fecerimus:
1065 1292 1176 1352 felices

161 1381 272 1448 tamen,
288 1373 313 1430 si
330 1379 458 1431 nostrum
472 1371 550 1430 illum
565 1373 662 1447 ignem
677 1371 764 1430 iudex
779 1375 962 1450 conceperim
979 1373 1091 1434 nedum
1112 1395 1176 1435 eum

162 1458 255 1534 supini
277 1457 431 1533 securique
451 1472 633 1530 moveamus,
659 1473 694 1515 ac
714 1472 771 1514 non
791 1457 855 1534 ipse
876 1465 974 1515 nostra
991 1460 1176 1519 oscitatione

134 1540 301 1602 asolvatur.
332 1539 513 1599 Documento
531 1548 596 1598 sunt
611 1539 659 1598 vel
674 1540 783 1599 scenici
798 1548 924 1614 actores,
940 1543 988 1617 qui
1004 1549 1033 1600 et
1050 1536 1174 1621 optimis

160 1633 311 1702 poetarum
331 1632 438 1684 tantum
454 1623 590 1682 adiiciunt
606 1625 732 1699 gratiae,
756 1633 786 1683 ut
802 1640 855 1682 nos
877 1625 984 1683 infinito
1006 1629 1107 1702 magis
1127 1646 1173 1689 ea·

161 1707 225 1767 dem
240 1707 290 1768 illa
305 1708 400 1767 audita
419 1725 502 1785 quam
518 1707 595 1767 lecta
611 1706 772 1775 delectent3
795 1716 824 1766 et
837 1708 985 1767 vilissimis
1001 1710 1094 1769 etiam
1111 1713 1172 1789 qui·

160 1792 278 1851 busdam
295 1793 446 1870 impetrant
460 1809 562 1866 aures,
582 1799 627 1866 ut,
646 1791 748 1869 quibus
764 1791 858 1851 nullus
877 1801 922 1851 est
937 1794 964 1851 in
979 1791 1171 1854 bibliothecis

134 1876 260 1952 blocus,
280 1877 317 1936 sit
332 1878 416 1935 etiam
432 1876 569 1953 irequens
585 1875 614 1933 in
629 1875 758 1934 theatris.
794 1874 904 1948 Quodsi
918 1876 946 1935 in
961 1875 1069 1952 rebus,
1099 1896 1169 1958 quas

160 1960 242 2020 botas
265 1979 332 2021 esse
354 1963 459 2020 scimus
476 1970 506 2020 et
525 1961 640 2035 inanes,
663 1968 770 2019 tantum
788 1961 980 2037 pronuntiatio
996 1970 1117 2039 potest,
1141 1972 1168 2021 ut

160 2048 243 2116 iram,
274 2041 435 2119 lacrimas,
450 2044 673 2104 sollicitudinem
695 2043 813 2103 allerat:
844 2054 950 2122 quanto
977 2045 1043 2123 plus
1070 2048 1167 2122 valeat

160 2146 284 2188 necesse
305 2138 365 2203 est,
384 2127 432 2186 ubi
449 2137 478 2187 ει
493 2124 657 2187 credimus?
683 2126 824 2205 Equidem
840 2128 890 2187 vel
903 2129 1086 2188 mediocrem
1105 2148 1165 2189 ora·

160 2215 267 2271 tionem
283 2212 509 2272 commendatam
522 2210 630 2271 viribus
646 2213 767 2272 actionis
790 2211 954 2271 allirmarim
971 2213 1037 2290 plus
1055 2213 1164 2274 habitu·

131 2300 218 2357 liram
241 2314 308 2355 esse
323 2298 458 2356 momenti
474 2313 558 2373 quam
574 2296 710 2373 optimam
731 2295 832 2355 eadem
850 2295 900 2355 illa
915 2297 1092 2357 destitutam.
1124 2299 1163 2358 Si·

160 2379 274 2457 quidem
295 2389 324 2439 et
344 2380 574 2454 Demosthenes,
601 2379 671 2457 quid
692 2388 773 2438 esset
799 2382 827 2440 in
849 2388 912 2442 tuto
934 2380 1047 2439 dicendi
1073 2399 1162 2460 opere

159 2465 295 2542 primum,
318 2467 511 2541 interrogatus
531 2463 754 2541 pronuntiationi
769 2463 891 2541 palmam
912 2464 991 2524 dedit
1012 2464 1163 2544 eidemque

160 2548 316 2606 secundum
337 2565 371 2607 ac
391 2550 504 2607 tertium
520 2546 632 2622 locum,
657 2546 752 2606 donec
773 2546 809 2606 ab
832 2564 868 2606 eo
888 2550 988 2625 quaeri
1005 2547 1161 2620 desineret,

160 2640 191 2690 ut
214 2649 277 2690 eam
291 2632 383 2692 videri
405 2640 507 2710 posset
528 2648 585 2689 non
601 2632 788 2708 praecipuam
811 2631 864 2690 sed
888 2632 980 2691 solam
1001 2632 1160 2696 iudicasse:

134 2716 227 2777 tideo
243 2717 307 2794 ipse
323 2724 380 2776 tam
396 2716 549 2793 diligenter
564 2714 639 2792 apud
647 2714 842 2774 Andronicum
858 2714 1030 2793 hypocriten
1045 2717 1160 2790 studuit,

160 2809 191 2859 ut
207 2799 409 2860 admirantibus
425 2802 487 2859 eius
503 2799 663 2858 oraticnem
678 2798 797 2857 Rhodiis
812 2815 870 2858 non
885 2801 1025 2859 immerito
1042 2799 1161 2880 Aeschi-

57 2933 61 2940 .
160 2902 213 2943 nes
228 2884 337 2943 dixisse
352 2884 498 2944 videatur:
515 2880 597 2955 Ouid
607 2885 635 2944 si
646 2884 747 2959 ipsum
757 2884 947 2944 audissetis?
962 2882 999 2942 Et
1011 2882 1162 2943 hhcicero
1207 2919 1208 2922 =

133 2973 246 3028 hunam
263 2970 292 3026 in
307 2968 429 3028 diceudo
446 2969 589 3029 actionem
609 2967 764 3028 dominari
785 2976 874 3045 putat.
911 2966 971 3027 Hac
990 2964 1042 3026 Gn.
1059 2966 1160 3029 Lentu·

160 3052 217 3111 lum
240 3051 305 3129 plus
331 3054 472 3130 opinionis
495 3060 681 3124 consecutum
700 3068 784 3129 quam
802 3050 968 3129 eloquentia
989 3051 1094 3127 tradit,
1118 3070 1161 3111 ea
1207 3065 1208 3078 ¹

161 3135 227 3193 dem
243 3133 276 3193 C.
295 3135 456 3196 Gracchum
477 3136 506 3195 in
521 3135 654 3196 debenda
669 3134 765 3194 fratris
783 3152 857 3194 nece
879 3137 967 3194 totius
988 3134 1160 3212 populilic·

160 3218 235 3277 mani
254 3219 385 3279 lacrimas
405 3221 584 3295 concitasse,
609 3228 639 3278 et
659 3218 813 3277 Antonium
836 3228 865 3278 et
888 3217 1022 3278 Crassum
1046 3219 1158 3279 multum

160 3302 305 3378 valuisse,
322 3302 472 3381 plurimum
486 3320 558 3362 vero
575 3302 612 3376 Q.
628 3302 827 3362 Hortensium(
855 3299 943 3361 Cuius
962 3304 1005 3361 rei
1020 3301 1093 3362 lides
1108 3312 1159 3377 est,
1207 3329 1208 3332 ¹

161 3386 239 3464 quod
254 3388 438 3465 eiusscripta
455 3395 561 3445 tantum
576 3389 648 3445 iutra
667 3385 769 3444 lamam
784 3395 863 3461 sunt,
891 3404 947 3463 qua
965 3387 1011 3445 diu
1026 3388 1158 3464 princeps

160 3478 277 3548 orator,
306 3470 459 3549 aliquando
475 3472 603 3531 aemulus
621 3466 772 3529 Ciceronis
788 3471 966 3530 existimatus
983 3480 1043 3546 est,
1068 3473 1158 3531 novis
