2434 3925
158 175 219 238 242
472 186 839 249 murmurmurmur

115 344 329 413 sesentientem
354 342 521 421 optimeque
546 341 700 405 dicentem.
736 341 769 401 lu
797 343 854 402 boe
879 352 969 421 quota
997 358 1084 422 pars
1116 346 1193 417 erit,

158 428 235 508 quod
250 435 297 488 aut
312 427 482 486 innoeentes
496 426 622 485 tuebitur
636 435 684 486 aut
698 426 894 505 improborum
907 428 1030 488 scelera
1048 445 1177 507 compe

156 522 236 588 scet,
263 520 311 570 aut
332 512 360 569 iu
381 509 556 588 pecuniariis
577 510 795 587 quaestiouibus
817 512 932 571 veritati
954 521 1073 571 eontra
1100 513 1175 572 calu

158 597 260 656 mniam
278 591 390 654 aderiti
428 594 559 653 Summus
576 594 627 654 ille
643 594 756 671 quidem
772 597 801 654 iu
817 594 863 655 bis
878 611 997 673 quoque
1020 596 1173 674 operibus

156 682 243 741 luerit
264 679 316 738 sed
337 677 492 738 maioribus
515 677 622 737 clarius
643 678 786 754 elucebit,
808 697 873 739 cum
893 679 1025 755 regenda
1045 689 1171 740 senatus

114 772 149 830 27
157 763 277 825 consilia
302 770 332 820 et
351 760 501 840 popularis
522 778 606 821 error
630 763 666 822 ad
686 762 807 823 meliora
833 763 991 823 ducendus.
1028 763 1092 822 An
1119 780 1170 823 uon

156 849 244 909 talem
259 846 401 925 quendam
414 845 528 905 videtur
542 846 661 905 linxisse
676 846 840 923 Vergilius,
868 865 953 925 quem
967 849 998 905 in
1014 848 1170 908 seditione

156 933 235 1009 vulgi
251 933 306 990 iam
321 930 402 990 laces
417 937 447 989 et
461 947 531 1001 saxa
547 930 697 989 iaculantis
713 932 925 991 moderatorem
941 930 1039 991 dedit:

215 1014 289 1076 Tum
303 1016 417 1093 pietate
428 1031 557 1093 prooem
569 1032 610 1075 ac
624 1016 740 1075 eteritis
752 1016 781 1075 si
794 1014 875 1093 forte
889 1017 989 1077 cirum
1008 1030 1116 1092 quem

216 1096 421 1178 Conspexere,
437 1099 527 1159 silent
541 1100 733 1178 arrectisque
747 1101 878 1160 auribus
892 1101 1020 1160 ostent?

156 1182 300 1243 Habemus
317 1183 403 1259 igitur
419 1192 486 1242 ante
500 1183 594 1242 omnia
609 1182 701 1241 virum
721 1181 841 1259 bonum,
868 1183 1027 1262 posthaec
1044 1185 1168 1245 adiiciet

156 1267 270 1327 dicendi
287 1268 425 1345 peritum:

213 1350 271 1412 lile
285 1353 363 1429 repit
377 1351 469 1410 dictis
482 1351 600 1412 aciatos
614 1356 644 1410 et
657 1356 785 1428 pectora
799 1352 919 1412 mulcet.

115 1432 254 1509 esQuidl
264 1486 268 1497 ,
278 1451 337 1493 non
354 1433 485 1493 inbellis
503 1452 620 1512 quoque
637 1435 712 1494 idern
727 1435 778 1494 ille
793 1437 854 1511 vir,
873 1452 959 1514 quem
973 1434 1166 1507 instituimus,

157 1520 182 1578 si
204 1520 241 1577 sit
261 1517 297 1577 ad
317 1518 459 1597 proelium
481 1519 565 1578 miles
581 1518 793 1593 cohortandus,
816 1537 855 1578 ex
877 1519 978 1577 mediis
995 1520 1166 1597 sapientiae

157 1603 322 1682 praeceptis
340 1603 501 1661 orationem
517 1599 630 1662 trahet?
662 1601 735 1662 Nam
756 1602 901 1681 quomodo
918 1620 1046 1680 pugnam
1064 1605 1164 1662 iueuu·

157 1685 231 1746 tibus
258 1695 301 1745 tot
323 1686 405 1745 simul
430 1695 523 1746 metus
550 1685 677 1762 laboris,
707 1687 855 1762 dolorum,
885 1695 1037 1764 postremo
1058 1689 1163 1747 mortis

157 1772 247 1850 ipsius
264 1770 443 1846 exciderint,
466 1771 521 1831 nisi
542 1771 571 1829 in
590 1787 690 1830 eorum
705 1769 800 1830 locum
815 1773 910 1848 pietus
928 1779 957 1829 et
972 1770 1123 1831 fortitudo
1138 1779 1162 1829 et

115 1866 149 1922 29
156 1855 271 1915 honesti
285 1872 426 1932 praesens
441 1856 536 1931 imago
551 1851 749 1914 successerit?
776 1853 857 1927 Quse
874 1863 954 1913 certe
969 1854 1082 1913 melius
1100 1872 1160 1934 per·

158 1937 288 2000 suadebit
309 1938 389 2014 aliis,
418 1941 466 2018 qui
491 1939 570 2018 prius
592 1940 771 2019 persuaserit
792 1938 858 1998 sibi.
891 1937 989 1998 Prodit
1013 1940 1097 1999 enim
1122 1957 1159 2011 se,

159 2023 314 2102 quamlibet
341 2023 533 2100 custodiatur,
561 2024 719 2093 simulatio;
744 2040 801 2083 uec
826 2040 947 2100 unquam
970 2031 1051 2082 tanta
1076 2024 1159 2084 fuerit

158 2107 294 2186 loquendi
317 2107 454 2182 incultas,
483 2115 591 2167 utnon
616 2108 719 2168 titubet
744 2116 831 2185 atque
856 2107 1003 2180 baereat,
1025 2110 1159 2185 quotiem

158 2191 193 2250 ab
211 2192 303 2250 auimo
317 2191 408 2251 verba
424 2192 603 2251 dissentiunt.
639 2190 692 2251 Vir
707 2200 801 2251 autem
816 2192 908 2252 malus
923 2190 1000 2250 aliud
1017 2191 1103 2251 dicat
1115 2208 1158 2250 ne·

116 2287 243 2341 socesse
258 2284 303 2334 est
319 2293 403 2353 quem
420 2277 516 2336 sentit.
548 2275 645 2335 Bonos
662 2293 804 2352 nunquam
817 2275 957 2335 honestus
974 2292 1076 2334 sermo
1093 2276 1158 2335 deli·

159 2359 228 2433 ciet,
243 2377 385 2437 nunquam
400 2377 496 2420 rerum
513 2361 682 2439 optimarum
699 2360 779 2437 (nam
794 2359 881 2419 iidem
897 2359 982 2417 etiam
998 2360 1158 2436 prudentes

159 2444 257 2522 erunt)
283 2444 423 2510 inventio;
444 2462 518 2522 quae
541 2444 656 2504 etiamsi
677 2443 984 2516 lenociniisdestituta
1010 2443 1064 2518 sit,
1093 2446 1159 2503 satis

158 2534 254 2586 tamen
276 2536 374 2586 natura
398 2545 449 2588 sua
470 2537 588 2588 ornatur
608 2546 664 2587 nec
685 2528 838 2606 quidquam
859 2543 917 2586 non
933 2527 1058 2602 diserte,
1083 2527 1158 2605 quod

116 2609 297 2687 31honeste,
325 2610 438 2670 dicitur.
481 2611 595 2687 Quare,
625 2614 774 2686 iuventus,
803 2613 888 2670 imm'o
911 2627 1011 2669 omnes
1034 2619 1157 2685 aetates,

159 2694 271 2773 (neque
290 2695 364 2754 euim
377 2703 485 2755 ‚rectae
501 2696 642 2756 voluntati
659 2711 756 2755 serum
778 2705 823 2755 est
838 2704 951 2773 tempus
967 2693 1071 2773 ullum)
1091 2698 1156 2755 totis

158 2778 300 2839 mentibus
317 2778 374 2838 buc
390 2780 555 2855 tendamus,
578 2782 607 2839 in
624 2780 682 2840 boc
700 2779 899 2846 elaboremus;
922 2778 1021 2837 forsan
1044 2787 1073 2837 et
1092 2797 1155 2838 con·

136 2871 138 2876 ’
159 2881 301 2924 summare
317 2865 472 2940 contingat.
505 2863 577 2924 Nam
598 2866 623 2923 si
644 2873 744 2924 natura
762 2879 819 2923 non
835 2862 972 2942 prohibet
988 2870 1016 2921 et
1033 2879 1104 2922 esse
1118 2865 1155 2923 vi·

159 2958 222 3006 ruin
242 2948 348 3007 bonum
369 2956 398 3007 et
419 2966 487 3007 esse
504 2948 618 3008 dicendi
643 2949 781 3025 peritum:
809 2966 860 3007 cur
880 2963 938 3006 nou
953 2945 1057 3022 aliquis
1072 2948 1153 3006 etiam
1192 3001 1193 3022 ,

159 3049 232 3089 unus
248 3041 399 3111 utrumque
422 3033 562 3109 consequi
581 3029 696 3110 possiti
724 3050 775 3091 cur
797 3040 892 3091 autem
907 3047 964 3088 uou
984 3047 1017 3088 se
1034 3030 1152 3109 quisque
1192 3033 1193 3058 ¹

118 3123 259 3192 etsperet
284 3116 348 3175 lore
374 3116 454 3177 illurn
480 3113 625 3194 aliquem?
661 3115 707 3175 Ad
727 3115 805 3193 quod
827 3115 850 3174 si
875 3114 954 3173 vires
972 3114 1078 3189 ingenii
1100 3131 1151 3174 uon

161 3196 344 3259 sullicerent:
370 3201 464 3260 tamen
490 3201 526 3261 ad
552 3218 638 3280 quem
659 3218 752 3277 usque
777 3199 891 3257 modurn
914 3196 1148 3276 processerimus,

160 3281 298 3342 meliores
325 3284 430 3343 erimus
452 3303 490 3343 ex
516 3293 650 3370 utroque.
691 3283 769 3364 Hoc
785 3292 864 3342 certe
888 3281 992 3360 procul
1019 3282 1148 3341 eximatur

161 3366 270 3442 animo,
297 3385 393 3426 rerum
416 3363 639 3445 pulcherrimam
659 3368 852 3445 eloquentiam
874 3383 937 3426 cum
959 3366 1036 3424 vitiis
1054 3367 1147 3424 mentis

162 3467 251 3530 posse
264 3450 387 3510 misceri.
420 3450 554 3512 Facultas
571 3452 709 3531 dicendi,
724 3454 749 3511 si
765 3453 793 3511 in
807 3449 900 3511 mulos
916 3449 1029 3527 incidit,
1051 3458 1078 3509 et
1090 3451 1144 3528 ipsa
