2434 3925
209 216 226 226 ‘
319 243 435 305 102
949 259 1021 305 u.
1044 257 1202 305 mn.
1228 257 1665 318 Qum'rrmAm

312 411 477 485 dam,
539 411 708 507 eique
760 410 950 470 locum
998 413 1056 471 in
1112 414 1303 474 ethice
1356 414 1716 493 negotialem
1767 415 2061 491 assignant
2113 414 2173 473 id
2219 423 2317 474 est

309 516 731 575 πραγματικον.

261 587 297 641 4
481 577 611 655 Ego
644 578 863 656 (neque
897 579 953 640 id
983 581 1108 639 sinc
1143 580 1510 661 auctoribus)
1542 583 1907 641 materiam
1943 599 2078 641 esse
2107 581 2311 648 rhetor

312 665 464 722 rices
495 662 686 721 iudico
718 680 963 723 omnes
1005 682 1127 723 res
1172 683 1647 743 quaecunque
1692 666 1756 724 ei
1799 666 1882 725 ad
1925 665 2312 727 dicendum
2354 678 2360 683 ’

313 746 693 806 subiectae
736 749 900 806 sint.
958 745 1100 807 Nam
1127 750 1403 808 Socrates
1436 749 1585 826 apud
1612 748 1908 811 Platonem
1938 750 2135 809 dicere
2163 748 2310 809 Gor-

311 832 442 907 giae
472 831 731 906 videtur,
776 848 892 890 non
919 831 977 890 in
1003 832 1200 891 verbis
1234 852 1370 892 esse
1410 834 1704 892 materiam
1738 834 1844 893 sed
1874 835 1930 892 in
1959 832 2157 892 rebus.
2234 832 2312 891 Et

311 917 368 973 in
397 914 659 974 Phaedro
690 915 911 993 palam,
957 932 1071 974 non
1112 918 1170 975 in
1210 917 1434 976 iudiciis
1472 917 1644 976 modo
1687 925 1746 975 et
1791 917 2158 977 contionibus
2199 916 2310 976 sed

311 1000 373 1057 in
409 998 583 1057 rebus
627 1001 797 1058 etiam
837 1000 1074 1078 privatis
1122 1018 1192 1060 ac
1244 1001 1577 1060 domesticis
1618 988 1950 1060 rhetoricen
1992 1018 2159 1074 esse,
2205 1000 2310 1060 de·

308 1092 604 1141 monstrat.
658 1081 787 1156 Quo
815 1083 1173 1143 manifestum
1203 1094 1294 1144 est
1322 1084 1469 1144 hanc
1491 1085 1817 1162 opinionem
1845 1086 2024 1163 ipsius
2049 1083 2310 1143 Platonis

257 1165 512 1226 5fuisse.
592 1164 667 1225 Et
708 1165 917 1226 Cicero
963 1168 1209 1245 quodam
1251 1169 1385 1228 loco
1429 1170 1723 1227 materiam
1767 1169 2090 1228 rhetorices
2129 1177 2312 1227 vocat

310 1268 441 1324 reS,
488 1268 637 1329 quae
678 1250 976 1311 subiectae
1018 1253 1130 1311 sint
1173 1254 1261 1327 ei,
1307 1253 1412 1312 sed
1455 1261 1646 1311 certas
1691 1251 1914 1312 demum
1961 1259 2120 1330 putat
2167 1268 2309 1311 esse

311 1333 624 1393 subiectas·
693 1333 827 1393 Alio
856 1352 1001 1394 vero
1035 1336 1106 1395 de
1136 1336 1396 1396 omnibus
1424 1336 1601 1396 rebus
1633 1337 1850 1396 oratori
1879 1335 2181 1395 dicendum
2212 1354 2307 1395 ar·

311 1416 552 1477 bitratur
581 1417 669 1477 his
704 1418 932 1496 quidem
960 1419 1184 1490 verbis:
1234 1418 1599 1498 Quanquam
1634 1422 1729 1481 vis
1757 1422 2023 1482 oratoris
2055 1420 2306 1498 profes-

310 1504 521 1578 sioque
545 1505 685 1580 ipsa
723 1504 874 1563 bene
904 1504 1152 1565 dicendi
1185 1504 1299 1566 hoc
1328 1506 1647 1583 δωσέμεν-ο
1674 1522 1755 1566 ac
1775 1505 2058 1583 polliceri
2084 1503 2306 1564 videa-—

313 1594 444 1663 tur,
487 1594 555 1646 ut
592 1588 755 1647 omni
781 1589 860 1647 de
896 1607 1000 1662 re,
1047 1595 1447 1666 quaecuuque
1476 1590 1557 1649 sit
1586 1590 1930 1667 proposita,
1977 1596 2195 1649 ornate
2221 1589 2305 1649 ab

263 1678 382 1732 600
411 1671 770 1749 copioseque
796 1672 1063 1731 dicatur.
1128 1671 1323 1750 Atque
1353 1673 1538 1732 adhuc
1567 1672 1737 1733 alibi:
1785 1670 1943 1733 Vero
1970 1673 2128 1732 enim
2154 1689 2305 1732 ora—

313 1755 462 1828 tori,
519 1771 682 1831 quae
724 1764 868 1817 sunt
906 1756 969 1815 in
1013 1756 1317 1817 hominum
1363 1758 1523 1833 vita,
1581 1758 2072 1834 quandoquidem
2118 1756 2185 1815 in
2228 1774 2307 1816 ea

312 1847 602 1899 versatur
627 1848 838 1901 orator
868 1847 1054 1917 atque
1091 1859 1168 1903 ea
1199 1849 1290 1903 est
1331 1842 1389 1901 ei
1424 1841 1704 1901 subiecta
1746 1842 2064 1914 materies,
2097 1840 2306 1900 onmia

311 1925 625 2001 quaesita,
660 1925 912 2002 audita,
944 1925 1139 2003 lecta,
1171 1926 1519 2006 disputata,
1558 1932 1828 1987 tractata
1845 1969 1864 2001 ,
1903 1925 2139 2005 aqilata
2169 1941 2306 1984 esse

310 2009 544 2070 debent.

260 2097 293 2154 7
476 2091 636 2151 Hanc
667 2100 890 2167 autem,
934 2112 1099 2171 quam
1138 2111 1247 2153 nos
1289 2095 1584 2153 materiam
1625 2108 1934 2168 vocamus,
1975 2091 2031 2150 id
2073 2099 2167 2150 est
2204 2109 2302 2151 res

310 2175 604 2235 subiectas
623 2220 640 2250 ,
687 2175 911 2253 quidam
938 2178 1109 2237 modo
1140 2178 1411 2236 infinitam
1438 2177 1610 2236 modo
1639 2192 1754 2236 non
1783 2177 2075 2254 propriam
2104 2175 2301 2235 rheto-

310 2261 467 2319 rices
512 2277 648 2318 esse
677 2259 975 2336 dixerunt,
1023 2279 1264 2339 eamque
1293 2270 1474 2321 artem
1516 2263 2094 2323 circumcurrentem
2126 2276 2302 2318 voca·

260 2351 546 2419 8verunt,
606 2343 761 2421 quod
806 2346 863 2403 in
912 2347 1061 2404 omni
1103 2347 1340 2405 materia
1388 2345 1629 2404 diceret.
1727 2342 1869 2403 Cum
1912 2341 2119 2421 quibus
2170 2344 2303 2402 mihi

312 2428 538 2486 minima
568 2444 761 2505 pugna
797 2437 906 2487 est.
977 2428 1120 2489 Nam
1160 2430 1235 2489 de
1274 2430 1425 2488 omni
1452 2429 1688 2503 materia
1729 2427 1926 2486 dicere
1966 2444 2091 2485 eam
2119 2426 2301 2486 faten-

312 2521 432 2579 tur;
490 2513 782 2591 propriam
832 2512 1051 2572 habere
1101 2515 1427 2589 materiam,
1473 2515 1604 2590 quia
1647 2511 2023 2590 multiplicem
2071 2510 2303 2586 haheat,

313 2604 546 2672 negant.
622 2595 740 2655 Sed
791 2614 981 2675 neque
1031 2597 1246 2657 infinita
1289 2606 1408 2671 est,
1465 2598 1685 2656 etiamsi
1730 2604 1820 2654 est
1864 2594 2195 2673 multiplex:
2246 2604 2307 2654 et

314 2680 465 2740 aliae
515 2696 748 2758 quoque
795 2690 950 2740 artes
1005 2683 1257 2741 minores
1308 2680 1523 2741 habent
1569 2679 1941 2758 multiplicem
1982 2680 2300 2753 materiam,

311 2764 473 2824 velut
502 2762 986 2841 architectonice,
1021 2783 1267 2844 namque
1292 2783 1361 2825 ea
1390 2767 1446 2824 in
1479 2763 1770 2838 omnibns,
1802 2781 1954 2842 quae
1984 2772 2113 2822 sunt
2144 2762 2302 2821 aedi·

315 2849 448 2908 ficio
478 2849 669 2924 utilia,
701 2859 998 2924 versatur,
1032 2858 1090 2909 et
1120 2850 1435 2925 caelatura,
1469 2866 1619 2927 quae
1649 2864 1810 2923 auro,
1844 2855 2108 2924 argento,
2142 2865 2303 2921 aere,

265 2932 475 2999 9ferro
527 2950 708 3012 opera
756 2933 954 2993 efficit.
1056 2932 1199 2993 Nam
1250 2933 1547 3011 sculptura
1605 2933 1773 2991 etiam
1825 2931 2075 3007 lignum,
2137 2929 2303 3006 ebur,

320 3034 589 3089 murmur,
637 3018 869 3092 vitrum,
906 3035 1198 3094 gemmas,
1236 3026 1558 3097 praeterea·
1574 3034 1723 3094 quae
1761 3032 1934 3093 supra
1964 3015 2111 3089 dixi,
2149 3032 2305 3075 com-

240 3101 605 3181 ιιῑηῑιῑιειιτιῑῑῃι*ἦ
685 3101 886 3180 Neque
927 3103 1188 3180 protinus
1220 3119 1333 3161 non
1372 3110 1464 3160 est
1501 3102 1737 3160 materia
1768 3098 2128 3173 rhetorices,
2169 3101 2221 3157 si
2251 3100 2305 3157 in

320 3185 517 3245 eudem
553 3193 814 3244 versatur
841 3185 1107 3254 et‚aliuS.
1178 3186 1324 3245 Nam
1352 3187 1401 3244 si
1439 3202 1743 3263 quaeram,
1788 3201 1935 3260 quae
1966 3183 2039 3240 sit
2066 3184 2304 3242 materia

320 3273 609 3333 statuarii,
661 3269 883 3329 *licetur
910 3288 1065 3338 aes;
1117 3272 1167 3329 si
1215 3286 1520 3347 quaeram,
1562 3285 1714 3347 quae
1752 3269 1828 3326 sit
1866 3268 2204 3341 excusoris,
2250 3265 2303 3324 id

320 3361 413 3413 est
453 3353 705 3413 fabricae
749 3355 870 3411 eius
915 3370 1081 3430 quam
1111 3353 1318 3414 Graeci
1347 3343 1732 3432 χαλκευτικὴν
1766 3359 2008 3425 vocant,
2047 3349 2306 3409 similiter

320 3457 429 3498 nex
461 3457 593 3498 ease
629 3436 1031 3514 reapondeant.
1085 3438 1260 3515 Atqui
1290 3437 1591 3516 plurimum
1620 3435 1820 3494 statuis
1852 3433 2118 3494 differunt
2147 3450 2302 3493 vasa.

323 3522 445 3582 Nee
477 3522 761 3582 medicina
799 3521 934 3580 ideo
967 3537 1084 3580 non
1126 3523 1237 3582 erit
1277 3540 1402 3607 ars,
1444 3521 1578 3598 quia
1618 3519 1813 3578 unctio
1859 3528 1919 3578 et
1966 3518 2306 3578 exercitatio
