2434 3925
335 235 424 284 rusa.
441 235 589 286 onuroa.
605 237 674 284 nra.
689 219 734 303 11,
752 232 795 287 rs
1022 222 1062 284 83

66 402 133 466 tor,
155 391 223 469 quid
244 390 348 463 deccat
374 390 491 469 etquid
512 389 657 469 expediat.
702 390 829 469 Expedit
853 400 946 452 autem
972 409 1064 469 saepo

68 485 183 537 mutare
199 493 236 535 ex
252 475 304 534 illo
322 477 476 534 constituto
492 476 655 552 traditoque
670 473 770 534 ordine
790 476 885 554 aliqua
907 485 936 535 et
951 477 1063 534 interim
1121 534 1124 541 ,

67 561 172 635 decet,
192 559 270 619 utin
290 561 390 618 statuis
411 566 498 636 atque
524 559 644 638 picturis
664 559 794 618 videmus
813 561 918 619 variari
938 558 1062 634 habitus,

66 645 176 718 vultus,
193 651 293 703 status.
329 642 400 702 Nam
419 644 492 702 recti
508 643 623 720 quidem
637 644 769 720 corporis
782 643 830 702 vel
845 645 956 702 minima
970 644 1063 719 gratia

67 737 128 795 est;
152 745 256 805 nempe
278 727 351 786 enim
378 727 500 786 adversa
522 728 559 786 sit
579 727 670 785 iacies
692 735 720 786 et
742 728 866 787 demissa
891 726 1008 786 brachia
1034 736 1091 794 et9

65 812 157 873 iuncti
171 811 263 889 pedes
278 819 307 870 et
322 828 338 869 a
353 813 467 870 summis
481 811 517 871 ad
531 813 586 870 ima
598 812 696 888 rigens
713 828 796 889 opus.
833 809 940 870 Flexos
955 811 1006 870 ille
1022 820 1062 885 et,

65 906 96 957 ut
111 898 157 955 sio
171 896 308 971 dixerim,
329 903 423 953 motus
440 895 487 954 dat
501 903 595 970 actum
616 894 758 973 quendam
778 903 807 955 et
821 894 963 954 allectum.
992 894 1062 954 ldeo

66 998 123 1040 neo
143 980 179 1040 ad
200 997 284 1038 unum
303 979 417 1038 modum
437 978 578 1038 formatae
597 996 695 1038 manus
717 988 746 1038 et
765 982 794 1038 in
807 979 887 1039 vultu
901 978 980 1037 mille
995 997 1062 1057 spe·

66 1068 140 1126 cies.
187 1061 307 1122 Cursum
321 1062 427 1121 hahent
441 1063 581 1141 quaedam
598 1072 627 1122 et
646 1065 798 1140 impetum,
821 1064 924 1123 sedent
946 1062 1001 1122 alia
1016 1064 1105 1127 vello

65 1146 247 1214 incumbunt;
272 1146 345 1206 nuda
367 1145 450 1221 haec,
473 1148 523 1206 illa
536 1147 633 1206 velata
648 1156 728 1221 sunt,
755 1147 894 1224 quaedam
916 1148 1004 1206 mixta
1025 1166 1063 1207 ex

66 1242 203 1310 utroque.
248 1230 322 1303 Quid
339 1239 396 1289 tam
413 1231 563 1290 distortum
579 1240 608 1290 et
627 1230 818 1306 elaboratum,
842 1249 926 1309 quarn
946 1240 991 1291 est
1012 1231 1063 1291 ille

68 1315 239 1378 discobolos
255 1311 407 1389 Myronis?
436 1315 466 1373 Si
488 1317 551 1393 quis
572 1324 682 1389 tamen,
705 1324 735 1373 ut
750 1333 850 1392 parum
866 1324 991 1389 rectum,
1013 1317 1062 1374 inr-

66 1398 174 1480 prohet
197 1416 285 1477 opus:
309 1415 402 1457 nonne
419 1398 455 1457 ab
477 1399 627 1458 intellectu
648 1401 716 1459 artis
733 1399 871 1474 abluerit,
891 1401 920 1458 in
940 1417 996 1476 qua
1014 1399 1063 1458 vel

67 1486 227 1563 praecipue
239 1483 389 1542 laudabilis
402 1492 446 1541 est
459 1483 521 1561 ipsa
533 1483 582 1542 illa
598 1485 710 1543 novitas
722 1501 756 1542 ac
768 1480 943 1543 dillieultasi
974 1483 1064 1557 Quam
1072 1495 1104 1548 ll

67 1569 185 1647 quidem
201 1568 321 1645 gratiam
335 1575 364 1625 et
379 1566 600 1627 delectationem
615 1568 736 1627 aderunt
750 1567 870 1644 figurae,
888 1585 1020 1646 quaeque
1034 1570 1063 1626 in

64 1651 203 1712 sensibus
218 1667 350 1728 quaeque
360 1652 388 1709 in
404 1651 501 1711 verbis
516 1660 594 1719 sunt;
616 1660 722 1710 mutant
738 1654 811 1710 enirn
825 1651 932 1729 ailquid
947 1669 963 1709 a
980 1660 1063 1710 recto

66 1747 157 1815 atque
171 1736 244 1795 hanc
260 1753 330 1813 prae
345 1753 378 1795 se
392 1738 526 1794 virtutem
538 1735 644 1810 ierunt,
661 1736 765 1813 quoda
778 1735 986 1794 consuetudine
1000 1735 1062 1794 vul·

65 1823 131 1898 gari
160 1828 355 1880 recesserunt.
404 1818 497 1879 Habet
525 1822 553 1879 in
581 1821 692 1897 pictura
718 1822 847 1897 speciem
872 1828 932 1878 tota
957 1819 1105 1886 iacies312

67 1903 193 1984 Apelles
213 1913 307 1964 tamen
320 1905 470 1982 imaginem
486 1903 622 1980 Antigoni
638 1904 730 1964 latere
741 1912 847 1963 tantum
860 1902 953 1961 altero
966 1911 1063 1961 osten·

67 1991 128 2066 dit,
151 1997 182 2049 ut
203 1991 298 2048 amissi
317 1989 394 2048 oculi
410 1989 576 2048 deformitas
594 1989 708 2047 lateret.
753 1983 851 2061 Quid?
871 2005 929 2046 non
949 1989 977 2046 in
999 2004 1063 2046 ora-

66 2077 148 2134 tione
165 2073 321 2151 operienda
336 2081 401 2131 sunt
417 2071 583 2150 quaedam„
595 2074 658 2130 sive
680 2073 793 2131 ostendi
810 2088 867 2131 non
881 2070 987 2131 debent
1001 2073 1063 2129 sive

68 2159 192 2236 exprimi
218 2174 271 2235 pro
298 2157 437 2233 dignitate
461 2172 519 2215 non
542 2154 684 2233 possunt?
722 2155 760 2215 Ut
788 2155 860 2215 iecit
890 2154 1107 2230 Timanthes,13

68 2243 192 2320 opinor,
222 2237 358 2316 Cythnius
386 2243 415 2300 iu
440 2257 475 2300 ea
500 2240 614 2314 tahula,
641 2258 696 2318 qua
719 2238 843 2299 Coloten
866 2238 965 2299 Teium
984 2241 1062 2298 vicit.

66 2326 143 2387 Nam
164 2342 226 2386 cum
244 2327 273 2384 in
292 2324 459 2402 Iphigeniae
482 2324 676 2384 immolatione
700 2325 842 2402 pinxisset
867 2327 978 2383 tristem
999 2319 1063 2383 Gal·

69 2411 217 2485 chantem,
239 2410 394 2469 tristiorem
409 2408 529 2483 Ulixen,
550 2408 708 2468 addidisset
720 2407 871 2484 Menelao,
890 2425 975 2486 quem
990 2425 1064 2465 sum·

67 2512 145 2555 mum
159 2502 273 2571 poterat
288 2510 334 2552 ars
358 2493 493 2568 eldcere,
514 2509 689 2552 maerorem:
711 2495 886 2570 consumptis
901 2490 1063 2564 affectibus,

70 2597 129 2638 non
143 2579 312 2656 reperiens,
337 2594 394 2654 quo
418 2577 504 2654 digne
524 2576 609 2636 modo
625 2577 715 2655 patris
730 2577 839 2635 vultum
853 2583 955 2655 posset
969 2575 1064 2653 expri-

70 2681 161 2736 mere,
178 2661 285 2720 velavit
301 2663 363 2719 eius
379 2670 465 2739 eaput
480 2670 509 2720 et
523 2678 576 2720 sno
593 2662 698 2738 eurique
714 2663 806 2719 animo
822 2661 901 2720 dedit
915 2660 1065 2720 aestiman-

53 2747 147 2819 dum.
187 2744 290 2804 Nonne
312 2744 380 2804 huie
405 2745 499 2804 simile
523 2754 569 2804 est
590 2744 661 2804 illud
682 2745 899 2820 Sallustianum,
925 2741 1005 2804 Nom
1027 2743 1106 2804 dell

73 2828 259 2907 Carthopiue
274 2836 380 2889 tacere
394 2831 493 2890 sudus
505 2836 579 2907 puto
596 2844 688 2906 quom
700 2847 813 2907 porum
835 2829 966 2890 dicere?
996 2825 1065 2886 Pro-

71 2924 138 2993 pter
152 2931 226 2992 quue
241 2913 307 2972 mihi
325 2930 441 2990 semper
459 2914 548 2971 moris
569 2913 637 2987 luit,
659 2930 743 2991 quam
756 2914 869 2972 minime
884 2912 1006 2988 alligare
1020 2928 1067 2970 me

72 2999 108 3058 ad
128 3006 302 3075 praerepta,
324 3014 398 3074 quae
423 2986 572 3056 καθολικὰ
585 2998 729 3072 vocitant,
751 2998 779 3056 id
801 3005 846 3056 est
868 2996 920 3074 (ut
940 2995 1066 3054 dicamus

71 3082 216 3160 quomodo
232 3083 400 3160 possumus)
416 3080 591 3141 universalia
608 3080 658 3139 vel
672 3081 862 3159 perpetualia.
899 3079 976 3138 Raro
993 3082 1066 3138 enim

16 3198 19 3201 ·
71 3166 217 3243 reperitur
233 3164 290 3223 hoe
304 3182 413 3241 genus,
434 3174 535 3224 utnon
550 3163 719 3224 labefactari
743 3174 826 3243 parte
842 3164 937 3242 aliqua
956 3172 985 3222 et
1000 3162 1066 3222 suh·

68 3252 114 3310 rui
141 3250 243 3328 possit.
287 3249 345 3308 Sed
366 3249 403 3308 de
424 3248 468 3309 his
491 3249 606 3327 plenius
627 3266 679 3307 suo
696 3249 822 3326 quidque
843 3249 910 3308 loco
932 3245 1065 3307 tractabi-

68 3351 143 3394 mus.
187 3331 302 3392 interim
321 3333 390 3392 nolo
415 3351 447 3391 se
467 3335 587 3393 iuvenes
608 3334 680 3391 satis
694 3334 867 3407 instructos,
890 3334 914 3390 si
930 3349 1014 3409 quern
1029 3346 1067 3387 ex
1075 3338 1108 3390 15

68 3419 126 3492 his,
144 3418 193 3495 qui
207 3416 312 3476 breves
328 3417 497 3495 plerumque
513 3416 761 3492 circumferuntur,
775 3418 845 3477 artis
861 3416 989 3476 lihellum
1005 3413 1065 3472 edi·

69 3502 210 3577 dicerint,
233 3509 263 3560 et
281 3501 360 3561 velut
375 3500 501 3561 decretis
516 3500 714 3561 technicorum
728 3510 805 3560 tutos
821 3509 930 3643 putssept.
974 3496 1066 3556 lllulto
