2434 3925
338 208 776 287 msu.onanon.n1n.x1,a
853 186 857 191 ’
998 193 1060 256 aot

41 383 125 435 sns;
147 364 175 425 in
192 373 275 444 parte
289 366 378 426 iuvari
398 373 513 443 potest,
535 365 630 442 quod,
655 383 718 425 cunr
734 364 826 424 semel
841 372 889 425 aut
903 362 948 423 bis
963 345 1061 425 andie-
1080 400 1083 405 «

40 453 106 525 rit,
123 452 257 510 contiuno
272 450 314 510 illi
327 451 494 509 memoriam
506 451 585 508 suam
601 450 728 527 experiri
739 449 813 508 lieet
825 459 854 508 et
865 467 929 508 cum
943 449 1062 526 legente

44 534 245 595 contendere.
277 532 348 593 Nam
365 542 395 593 et
409 533 517 611 alioqui
533 532 560 592 id
579 535 701 592 maxime
716 533 878 593 laciendum
893 541 948 607 est,
964 542 994 591 ut
1008 551 1062 593 nos

45 618 179 678 subinde
205 626 391 696 temptemus;
421 619 486 695 quia
510 618 642 676 continua
666 605 766 677 lectio‘
777 626 806 676 et
828 635 903 695 quae
921 619 1012 693 magis
1034 626 1063 677 et

48 720 135 780 quae
162 699 256 767 minus
283 701 404 761 haerent
426 701 586 777 aequaliter
613 703 723 761 transit.
763 699 794 761 ln
815 700 994 778 experiendo
1020 709 1104 770 te·35

45 804 182 862 meusne,
204 794 239 858 et
260 786 352 845 maior
374 787 493 845 intentio
515 793 560 844 est
584 793 615 845 et
637 784 707 844 nihil
727 785 899 862 supervacui
922 787 1061 862 temporis
1172 821 1174 826 -

48 872 152 949 perit,
172 886 231 948 quo
247 871 332 930 etiam
349 887 423 947 quae
439 878 569 928 tenemus
585 870 679 947 repeti
696 869 807 937 solent;
831 871 870 929 ita
886 869 968 945 sola,
988 887 1061 946 quae

51 954 239 1028 exciderunt,
255 962 455 1027 retractantur,
472 962 503 1012 ut
516 952 620 1012 crebra
635 954 787 1013 iteratione
802 953 958 1028 firmentur,
974 971 1062 1031 quan·

52 1054 144 1115 quarn
159 1037 254 1097 solent
272 1037 329 1097 boc
343 1039 409 1115 ipso
426 1039 548 1097 maxime
564 1036 702 1112 haerere,
720 1038 797 1116 quod
811 1037 989 1097 exciderunt.
1024 1037 1062 1099 ll·

51 1121 108 1182 lud
123 1120 282 1180 ediscendo
296 1121 510 1198 scribendoque
529 1137 678 1181 commune
694 1130 755 1197 est,
781 1123 895 1199 utrique
911 1121 1062 1200 plurimum

53 1204 196 1265 conferre
216 1205 319 1264 bonam
335 1205 545 1279 valetudinem,
572 1204 715 1281 digestum
737 1205 846 1280 cibum,
868 1208 989 1266 animum
1012 1223 1061 1265 co·

52 1288 243 1367 gitationibus
268 1289 331 1349 aliis
352 1288 483 1349 liberum.
513 1289 622 1349 Verum
642 1298 671 1349 et
692 1291 720 1348 iu
740 1291 775 1349 iis
798 1307 872 1368 quae
892 1291 1105 1368 scripsimns36

54 1372 289 1450 complectendis
303 1373 421 1433 multum
434 1373 545 1448 valent,
564 1382 594 1433 et
609 1375 638 1432 in
653 1375 687 1433 iis
703 1391 777 1451 quae
794 1375 953 1451 cogitamus
971 1376 1061 1436 conti·

54 1456 160 1516 nendis
181 1474 274 1534 prope
298 1457 380 1516 solae
403 1458 561 1536 (excepta,
585 1475 660 1534 quae
676 1459 873 1535 potentissima
892 1466 953 1534 est,
976 1476 1060 1518 exer·

56 1541 213 1618 citatione)
236 1540 370 1600 divisio
398 1551 433 1600 et
460 1543 693 1619 compositio.
731 1541 802 1602 Nam
825 1543 873 1619 qui
889 1552 972 1603 recte
989 1543 1059 1603 divi·

55 1624 147 1703 serit,
170 1642 312 1706 nunquam
334 1627 442 1705 poterit
461 1627 490 1684 iu
510 1643 604 1685 rerum
627 1625 727 1685 ordine
743 1645 852 1686 errare.
892 1624 979 1686 Certa
998 1635 1104 1691 suntal

56 1713 135 1771 enim
156 1729 214 1771 non
237 1711 331 1771 solum
358 1714 387 1770 in
413 1706 577 1787 digerendis
604 1710 820 1787 quaestionibus
845 1710 898 1770 sed
924 1713 1008 1771 etiam
1032 1714 1060 1771 in

57 1796 254 1874 exequendis,
285 1796 418 1856 simodo
443 1803 525 1853 recte
547 1793 684 1867 dicimus,
712 1795 801 1872 prima
825 1811 861 1853 ac
882 1795 1009 1854 secunda
1032 1805 1062 1856 et

58 1881 213 1957 deinceps;
233 1879 430 1956 cohaeretque
445 1879 536 1944 omnis
551 1896 647 1938 rerum
663 1878 821 1956 copulatio,
837 1886 868 1937 ut
885 1880 912 1938 ei
927 1878 996 1939 nihil
1011 1898 1061 1938 ne-

58 1983 116 2043 que
128 1964 257 2023 subtrahi
271 1965 333 2023 sine
348 1963 500 2023 manifesto
515 1963 667 2022 intellectu
678 1981 773 2040 neque
786 1964 874 2022 inseri
889 1965 990 2041 possit.
1014 1963 1060 2023 An
1071 1972 1107 2027 38

57 2065 131 2108 vero
148 2047 293 2108 Scaevola
315 2050 345 2107 in
365 2047 429 2107 lusu
445 2047 596 2108 duodecim
611 2047 801 2125 scriptorum,
825 2066 887 2106 eum
908 2049 988 2127 prior
1003 2049 1062 2108 cal·

60 2131 156 2192 culum
170 2132 363 2210 promovisset
379 2141 516 2210 essetque
531 2133 643 2202 victus,
662 2132 727 2192 dum
742 2149 790 2190 rus
805 2131 912 2207 tendit,
934 2134 1062 2210 repetito
1150 2183 1153 2198 ι

59 2218 149 2275 totius
165 2218 328 2277 certaminis
344 2216 456 2292 ordine,
473 2233 530 2294 quo
546 2217 614 2277 dato
630 2224 758 2275 errasset
772 2215 961 2291 recordatus,
978 2217 1064 2276 rediit

59 2301 96 2362 ad
113 2319 187 2376 eum,
204 2317 328 2377 quocum
343 2300 463 2376 luserat,
478 2302 562 2377 isque
576 2301 615 2360 ita
630 2300 736 2359 lactum
752 2318 819 2359 esse
835 2300 987 2360 confessus
1004 2310 1063 2360 est:

60 2386 153 2444 minus
169 2384 244 2444 idem
260 2384 332 2444 ordo
348 2384 456 2445 valebit
472 2386 500 2443 in
515 2386 664 2458 oratione,
684 2385 854 2461 praesertim
870 2392 948 2443 totus
963 2394 1063 2444 nostro

61 2468 180 2528 arbitrio
197 2470 385 2542 constitutus,
409 2487 474 2529 enm
489 2477 595 2528 tantum
613 2468 664 2527 ille
680 2467 776 2527 valeat
793 2464 944 2528 alternus?
969 2468 1063 2528 Etiam
1073 2478 1107 2533 39

61 2571 135 2630 quae
147 2552 222 2612 bene
239 2554 399 2630 composita
415 2562 507 2628 erunt,
525 2555 690 2612 memoriam
702 2554 780 2611 serie
792 2571 843 2612 sua
855 2552 969 2612 ducent.
992 2551 1065 2613 Nam

60 2637 136 2697 sicut
156 2637 271 2697 iacilius
292 2654 395 2695 versus
419 2637 573 2696 ediscimus
591 2653 675 2715 qnam
691 2654 808 2714 prosam
829 2639 1004 2696 orationem:
1026 2638 1065 2695 ita

61 2737 169 2799 prosae
183 2722 278 2781 vineta
302 2738 387 2798 quam
408 2721 558 2782 dissoluta.
594 2721 644 2780 Sic
666 2721 821 2798 contingit,
844 2730 874 2780 ut
890 2721 974 2780 etiam
989 2736 1064 2796 qnae

61 2823 100 2865 ex
114 2813 246 2882 tempore
263 2799 434 2865 videbantur
448 2805 550 2878 effusa,
573 2804 608 2865 ad
624 2804 743 2864 verbum
759 2806 883 2882 repetita
898 2803 1063 2864 reddantur.

60 2887 147 2962 Quod
167 2906 250 2949 meae
268 2906 384 2965 quoqne
402 2891 556 2949 memoriae
571 2888 800 2948 mediocritatem
822 2886 1017 2965 sequebatur,
1041 2887 1066 2945 si

60 2971 175 3051 quando
191 2973 368 3032 interventus
383 2972 553 3050 aliquorum,
570 2975 618 3050 qul
631 2972 706 3032 hunc
721 2972 860 3031 honorem
875 2978 1065 3045 mererentur,
1148 2965 1151 2970 ’

59 3061 168 3117 iterare
187 3055 406 3117 declamationis
428 3067 540 3135 partem
563 3058 721 3133 coegisset.
759 3054 823 3116 Nec
845 3063 891 3114 est
915 3055 1066 3116 mendacio

61 3142 165 3213 locus,
183 3138 273 3199 salvis
289 3142 337 3218 qui
352 3141 552 3208 iuterfuerunt.

146 3225 178 3283 Si
194 3225 258 3301 quis
273 3232 368 3284 tamen
381 3244 465 3286 onam
479 3225 686 3302 maximamque
707 3241 724 3283 a
738 3240 783 3282 me
800 3231 891 3282 artem
909 3223 1109 3301 memoriaedo

62 3316 200 3389 quaerat:
224 3311 456 3369 exercitatio
474 3319 520 3369 est
536 3318 565 3369 et
580 3308 700 3374 labor;
716 3308 803 3367 multa
818 3307 962 3382 ediscere,
977 3306 1065 3366 multa

62 3395 211 3471 cogitare,
235 3402 265 3451 et
289 3392 394 3452 silleri
414 3402 512 3471 potest
535 3393 657 3467 cotidie,
681 3392 908 3470 potentissimum
930 3400 985 3451 est.
1017 3389 1066 3449 rto

62 3477 104 3538 bil
120 3493 215 3555 aeque
233 3476 282 3537 vel
299 3485 420 3554 augetur
436 3495 504 3538 cura
525 3477 574 3536 vel
591 3476 767 3554 negligentia
783 3476 935 3537 intercidit.
969 3473 1066 3549 Quare
1073 3482 1108 3537 41
