2434 3925
324 200 707 292 momenmentum,
721 225 762 277 ιο.
986 204 1048 278 209

42 382 149 446 demus
162 376 415 441 vehementissime
436 396 490 458 pro
506 378 614 439 Milone
635 389 778 440 tractasse
803 380 983 442 Ciceronem.
1001 381 1090 448 'Etss

40 467 121 527 liaeo
138 465 253 544 quidem
272 483 307 524 ao
323 464 426 523 similia
444 464 480 523 aul
497 465 692 523 coniecturam
708 465 886 543 frequentius
904 468 1048 546 pertinent

41 551 99 610 sed
115 551 231 608 interim
253 548 289 608 atl
308 549 353 607 ius
378 564 511 625 quoque:
533 549 661 626 privatus
681 567 717 607 an
736 549 885 627 publicus,
907 567 992 610 sacer
1013 569 1049 610 an

41 634 206 714 profanus,
227 641 329 691 noster
345 649 382 690 an
396 631 521 698 alienus;
538 639 569 690 nt
584 632 613 689 in
627 650 769 710 persona,
787 635 981 709 magistratus,
998 652 1048 713 pa·

24 718 104 793 ter,
121 718 306 795 peregrinus.
347 715 421 774 Hine
436 716 511 774 eninr
528 717 715 792 quaestiones
731 717 874 776 oriuntur:
892 716 1091 785 Privatam39

40 803 212 882 pecuniam
222 800 370 862 metuisti
376 821 390 868 ,·
404 817 509 860 oerum
521 800 594 877 quia
605 800 645 860 de
656 801 775 878 templo,
791 818 851 861 noo
863 801 979 880 furtum
993 804 1050 863 sed

42 885 247 963 saerilegium
262 892 316 945 eet.
351 881 499 944 omisisti
513 884 703 958 adulterum,
726 885 808 962 quod
822 886 873 946 lem
883 887 1049 963 pernotum

42 970 105 1031 sed
119 971 195 1047 quta
214 969 246 1029 in
268 968 429 1046 lupanari,
458 967 572 1029 caedes
592 975 646 1028 eet.
682 966 834 1028 lanuuium
852 969 973 1051 scoiola·
993 971 1050 1030 sed

43 1055 124 1133 quia
148 1051 358 1129 magistrum,
384 1052 553 1112 maiestatis
572 1052 654 1112 notio
675 1060 729 1113 eet.
775 1051 833 1111 Vel
856 1061 974 1112 contra:
997 1051 1092 1119 [η’-40

44 1139 129 1212 enit,
147 1136 221 1214 quia
233 1144 328 1214 poter
346 1153 447 1210 mum,
470 1136 543 1212 quio
557 1137 766 1212 magistratus,
812 1135 871 1195 Sed
887 1137 966 1196 eirea
981 1136 1051 1196 laeti

46 1221 281 1281 controversiam
295 1227 462 1295 argumenta
474 1226 633 1297 praestant,
650 1221 728 1279 eirea
739 1219 810 1278 iuris
824 1219 892 1279 lites
903 1223 1051 1280 materiam

46 1305 261 1384 quaestionum.
299 1302 345 1361 Ad
361 1302 527 1381 qualitatem
550 1319 666 1380 quoque
681 1304 850 1381 frequenter
865 1305 992 1382 pertinet
1007 1304 1050 1363 lo·

46 1406 116 1463 ous,
131 1404 227 1466 neque
243 1388 317 1447 enim
332 1387 408 1446 idem
423 1384 530 1464 ubique
546 1395 593 1446 aut
607 1387 677 1446 lieet
692 1397 740 1446 aut
752 1387 889 1446 decorum
907 1397 965 1456 est;
984 1389 1051 1466 quin

46 1474 155 1548 etiam,
180 1474 209 1530 in
232 1489 287 1549 qua
304 1471 430 1549 quidque
448 1471 563 1530 civitate
579 1480 750 1548 quaeratur,
769 1473 906 1548 interest,
923 1472 1050 1531 moribus

47 1556 129 1617 enim
144 1564 176 1614 et
191 1555 306 1632 legibus
323 1554 437 1614 distant.
459 1549 522 1614 'Ad
538 1555 813 1615 commendationem
828 1573 945 1634 quoque
963 1565 992 1615 et
1009 1558 1050 1615 in·
1058 1566 1091 1619 41

45 1639 156 1701 vidium
169 1639 258 1699 valet.
300 1637 372 1698 Nam
390 1647 420 1697 et
436 1638 513 1698 Aiax
524 1639 599 1717 apud
617 1638 761 1699 Ovidium:
787 1642 927 1718 Apimuu,
942 1642 1049 1717 inquit,

45 1733 123 1786 ante
137 1733 376 1799 ratesoausam,
395 1730 424 1784 et
437 1740 555 1784 meeum
571 1723 728 1800 confertur
746 1721 874 1785 Ulixes?
900 1722 937 1782 ltt
952 1723 1052 1783 Miloni

46 1810 127 1868 inter
146 1817 246 1867 netem
270 1807 416 1865 obiectum
438 1815 501 1881 est,
525 1806 602 1884 quod
623 1803 742 1866 Clodius
766 1808 794 1865 in
810 1809 998 1866 monumentis
1014 1807 1050 1866 ab

48 1909 87 1952 eo
113 1893 253 1950 maiorum
269 1907 386 1949 suorum
406 1899 487 1950 esset
505 1890 632 1948 oooisus.
680 1888 727 1948 Ad
747 1890 886 1950 suadendi
909 1899 1093 1953 momentalt

47 1977 127 2036 idern
141 1977 230 2051 valet,
247 1978 322 2035 siout
337 1984 496 2053 tempus,
513 1974 594 2040 ouius
612 1982 763 2034 tractatum
775 1974 953 2051 subiungam.
981 1973 1051 2033 Eius

48 2068 164 2137 autem,
188 2069 218 2119 ut
235 2060 292 2119 alio
315 2060 382 2119 loeo
397 2060 454 2118 iam
469 2058 542 2133 dixi,
558 2058 667 2137 duplex
681 2058 855 2134 significatio
872 2067 925 2117 est.
958 2057 1051 2118 Gene-

47 2144 154 2204 raliter
172 2146 246 2204 enim
269 2152 299 2203 et
319 2142 489 2222 spetialiter
512 2144 663 2221 aoeipitur.
694 2142 775 2201 Prius
791 2140 861 2202 illud
881 2151 941 2202 est:
964 2161 1050 2220 nuno,

50 2229 133 2305 olim,
151 2228 204 2287 sub
219 2228 399 2303 Alexandro,
416 2244 480 2286 oum
496 2226 571 2305 apud
582 2226 664 2288 Ilium
680 2235 836 2304 pugnaturn
852 2235 910 2294 est;
927 2228 1052 2306 denique

47 2316 253 2392 praeteritum,
269 2314 388 2388 instans,
404 2310 540 2370 futurum.
571 2310 635 2384 llop
654 2327 782 2390 sequens
797 2308 885 2369 habet
901 2319 929 2369 et
945 2313 1052 2371 eonsti-
1148 2319 1151 2331 '

48 2406 111 2456 tuta
129 2395 309 2456 discrimina:
330 2404 452 2471 aestate,
466 2394 579 2470 hieme,
595 2404 701 2471 noctu,
717 2394 855 2463 interdiu;
872 2404 901 2454 et
915 2395 1050 2455 iomaita:

49 2482 81 2540 in
96 2480 280 2560 pestilentia,
296 2482 325 2538 in
339 2479 436 2556 bello,
454 2480 483 2537 in
501 2480 644 2539 convivio.
673 2477 838 2538 Latinorum
854 2478 968 2556 quidam
983 2480 1094 2539 satiust

50 2564 210 2642 significari
228 2572 410 2643 putaverunt,
431 2564 456 2621 si
471 2562 541 2623 illud
555 2562 696 2639 generale
710 2571 838 2641 tempas,
854 2562 911 2621 hoo
922 2563 1053 2640 speciale

50 2657 190 2727 temporo
204 2656 356 2707 vocarent.
384 2646 512 2720 Quorum
532 2656 719 2725 utrorumque
743 2648 817 2706 ratio
834 2655 863 2705 et
877 2647 905 2705 in
923 2646 1051 2705 consiliis

51 2733 168 2810 quidem
190 2741 219 2791 et
240 2734 269 2791 in
284 2732 335 2791 illo
352 2732 578 2792 demonstrativo
599 2748 709 2808 genere
730 2739 864 2790 versatur
885 2729 937 2788 sed
960 2730 988 2788 in
1010 2731 1051 2788 iu·

52 2814 136 2875 ditiis
156 2817 389 2895 frequentissima
412 2823 467 2875 est.
505 2814 577 2874 Nam
599 2824 627 2874 et
648 2813 718 2873 iuris
738 2815 924 2894 quaestiones
940 2812 1010 2873 iacit
1024 2819 1095 2875 etll

52 2899 221 2977 qualitatem
243 2901 393 2976 distinguit
416 2907 445 2958 et
466 2899 502 2959 ad
524 2900 719 2958 coniecturam
746 2899 896 2977 plurimum
923 2897 1051 2957 eonlert:

50 2992 83 3043 ut
105 3000 171 3041 oum
191 2985 303 3043 interim
325 2977 514 3062 probationes
540 2981 782 3061 inexpugnabiles
803 2980 921 3056 alferat,
951 2982 1052 3058 quales

51 3075 136 3143 sunt,
153 3068 178 3125 si
193 3067 305 3127 dicatur
324 3066 371 3145 (ut
385 3083 474 3145 supra
488 3068 588 3146 posui)
603 3068 751 3142 signator,
772 3065 823 3142 qui
839 3072 904 3123 ante
920 3066 995 3124 diem
1010 3074 1052 3125 ta·

51 3151 184 3211 bolarum
203 3151 347 3219 deaessit;
377 3159 425 3210 aut
447 3152 625 3209 commisisse
653 3148 777 3227 aliquid,
804 3146 854 3206 vel
876 3166 940 3207 eum
959 3150 1052 3209 inians

53 3242 136 3295 esset
154 3234 204 3294 vel
227 3253 290 3294 eum
314 3236 429 3295 omnino
456 3243 538 3295 natus
564 3251 622 3293 non
642 3241 737 3300 esset;
762 3240 880 3310 praeter
905 3234 950 3308 id,
977 3234 1094 3311 quouis

54 3319 150 3380 omnia
165 3319 253 3379 laoile
269 3329 438 3396 argumenta
454 3326 503 3378 aut
518 3335 555 3376 ex
572 3319 619 3393 iis,
639 3333 715 3395 quae
729 3325 795 3375 ante
810 3334 872 3395 rem
884 3316 962 3376 iacta
976 3326 1059 3391 sunt,

54 3412 103 3464 ant
119 3420 157 3461 ex
172 3404 332 3463 noniunotis
353 3405 396 3463 rei
418 3411 466 3463 aut
484 3400 702 3479 insequentibus
725 3400 875 3460 ducuntur.
911 3399 957 3460 Ex
972 3410 1051 3460 ante·
1098 3436 1100 3441 ,

55 3487 241 3548 oedentihus:
264 3483 390 3549 Mortem
408 3488 541 3549 adnotat
554 3503 603 3564 os,
620 3494 710 3547 noctu
727 3485 834 3563 emoti,
852 3483 1052 3627 prpfioimen·

96 3590 164 3634 mr.
177 3591 290 3640 oumrn.
864 3568 879 3628 1
