2434 3925
375 239 799 308 msr.oaxron.n1s.x,1.
1030 224 1090 290 too
1152 280 1156 290 ,

85 416 206 478 semper
220 398 328 459 instans
344 399 399 458 sibi
417 390 669 473 Thucydides,
693 396 785 457 dulcis
802 405 830 456 et
846 394 983 457 candidus
999 403 1029 455 et
1044 394 1089 455 iu·

84 501 135 544 sus
151 482 379 549 Herodotus:
401 483 452 542 illc
476 483 626 541 concitatis
648 481 695 541 hic
718 481 846 540 remissis
862 478 1013 541 aliec'tibus
1029 496 1089 540 me·

84 567 158 642 lior,
174 566 226 627 ille
242 566 423 627 contionibus
444 566 492 626 hic
514 560 720 639 sermonibus,
734 565 785 625 ille
807 567 837 625 vi
858 564 906 625 hic
926 563 1087 641 voluptate.

84 649 343 729 Theopompus
364 650 408 709 his
424 651 572 728 proximus
587 658 619 707 ut
633 650 662 708 in
676 649 796 708 historia
811 648 968 727 praedictis
985 649 1087 723 minor,
1095 655 1129 712 74

83 735 124 795 ita
141 737 248 794 oratori
267 736 358 811 magis
381 734 496 809 similis,
518 742 549 792 ut
568 734 633 810 qui,
660 742 812 811 antequam
835 742 879 792 est
895 732 930 791 ad
945 730 1089 809 hocopus

83 817 275 895 sollicitatus,
296 818 342 878 diu
366 818 454 878 fuerit
477 826 584 877 orator.
622 816 803 877 Philistus
821 833 937 895 quoquc
952 824 1089 891 meretur,

85 903 135 980 qui
158 901 259 961 turbae
284 903 415 979 quamvis
434 902 574 960 honorum
597 909 666 979 post
689 917 741 959 cos
763 910 913 960 auctorum
939 900 1088 972 eximatur,

83 986 211 1045 imitator
226 984 401 1061 Thucydidis
418 995 447 1046 et
463 994 493 1045 ut
508 985 596 1045 multo
618 985 754 1044 infirmior
769 986 808 1044 ita
823 985 1004 1062 aliquatenus
1019 982 1090 1041 luci·

85 1068 160 1129 dior.
189 1068 379 1147 Ephorus,
401 1079 432 1130 ut
448 1068 569 1130 Isocrati
585 1069 694 1143 visum,
720 1068 882 1128 calcarihus
904 1074 982 1144 eget.
1017 1063 1132 1131 Gli-tc

84 1153 207 1213 tarchi
230 1153 369 1231 probatur
391 1155 545 1230 ingenium,
567 1152 640 1212 fides
656 1152 815 1211 infamatur.
848 1152 948 1228 Longo
964 1159 1032 1228 post
1048 1153 1089 1210 in·

84 1237 211 1297 tervallo
228 1239 367 1315 temporis
380 1247 462 1297 natus
484 1235 698 1313 Timagenes
718 1236 775 1296 hoc
797 1246 842 1296 est
866 1232 915 1295 vel
935 1236 1000 1312 ipso
1022 1250 1089 1312 pro·

85 1321 202 1396 habilis‚
219 1321 296 1398 quod
311 1323 500 1381 intermissam
515 1322 650 1382 historias
674 1319 819 1380 scribendi
834 1320 1000 1380 industriam
1015 1335 1091 1378 nova

86 1406 173 1465 laude
195 1407 351 1482 reparavit.
389 1404 594 1485 Xenophon
624 1422 682 1463 non
707 1404 815 1465 excidit
840 1404 908 1464 mihi
935 1401 988 1462 sed
1015 1404 1090 1462 inter

86 1489 281 1567 philosophos
296 1489 461 1550 reddendus
477 1497 533 1549 est.

172 1573 308 1650 Sequitur
333 1583 519 1634 oratorum
543 1575 645 1650 ingens
660 1589 775 1648 manus,
798 1580 830 1631 ut
850 1589 913 1631 cum
934 1571 1036 1631 decern
1053 1572 1132 1634 si·76

87 1655 145 1716 mul
160 1655 282 1717 Athenis
297 1666 378 1717 aetas
393 1675 449 1717 una
464 1656 570 1718 tulerit.
601 1655 730 1729 Quorum
753 1656 841 1732 longe
865 1655 1002 1734 princeps
1020 1654 1090 1715 De·

87 1740 301 1801 mosthenes
323 1759 358 1801 ac
377 1759 471 1820 paene
487 1742 537 1801 lex
552 1739 652 1801 orandi
667 1739 734 1808 iuit;
753 1749 837 1799 tanta
853 1740 898 1798 vis
914 1741 942 1797 in
958 1756 1010 1814 cc,
1034 1748 1091 1799 tam

88 1825 179 1885 densa
199 1826 307 1899 omnia,
331 1827 370 1885 ita
393 1824 561 1903 quibusdam
587 1825 685 1884 nervis
708 1825 816 1883 intenta
840 1831 921 1898 sunt,
942 1830 998 1881 tam
1021 1823 1091 1882 nihil

89 1909 224 1985 otiosum,
240 1911 264 1984 is
282 1910 397 1971 dicendi
412 1909 528 1985 modus,
547 1919 577 1969 ut
592 1926 647 1969 nco
664 1907 741 1986 quod
757 1909 832 1969 desit
846 1908 874 1966 in
891 1923 927 1986 eo
943 1924 998 1966 nec
1014 1906 1090 1984 quod

89 1992 230 2054 redundet
251 1995 391 2054 invenias.
428 1994 545 2055 Plenior
565 1993 776 2054 Aeschines
797 2001 827 2052 ct
848 1992 938 2068 magis
962 1990 1042 2050 lusus
1063 1997 1133 2053 etii

88 2077 235 2154 grandiori
251 2078 370 2155 similis,
392 2080 557 2157 quominus
574 2078 692 2137 strictus
710 2085 769 2145 est;
794 2075 888 2137 carnis
909 2083 1003 2134 tamen
1026 2075 1091 2152 plus

89 2159 187 2236 hahet,
203 2163 294 2223 minos
310 2163 493 2223 lacertorum.
530 2161 634 2222 Dulcis
651 2162 680 2220 in
694 2162 793 2238 primis
808 2168 839 2219 et
852 2167 952 2219 acutus
967 2157 1091 2236 llype·

89 2245 207 2320 rides,
229 2246 282 2306 sed
298 2246 455 2306 minoribus
471 2248 582 2322 causis,
604 2253 635 2304 ut
659 2261 716 2303 non
732 2245 852 2304 dixerim
866 2242 980 2317 utilior,
1000 2244 1092 2319 magis
1205 2259 1209 2265 ·

89 2347 152 2408 par.
192 2327 242 2389 liis
265 2338 360 2390 aetate
379 2328 508 2406 Lysias
534 2332 641 2404 maior,
673 2328 786 2388 subtilis
808 2336 895 2406 atque
920 2326 1041 2403 elegans
1063 2331 1134 2388 etis

90 2430 147 2492 quo
174 2413 261 2489 nihil,
287 2416 312 2474 si
333 2417 441 2475 oratori
466 2417 537 2475 satis
560 2423 606 2474 est
628 2412 753 2487 docere,
781 2429 904 2491 quaeras
921 2410 1090 2489 perfectius.

89 2496 167 2557 Nihil
183 2498 257 2557 enim
272 2507 318 2558 est
332 2500 426 2574 inane,
444 2499 513 2559 nihil
528 2499 712 2564 arcessitum
729 2513 802 2574 puro
816 2504 911 2557 tamen
921 2496 993 2555 fonti
1009 2512 1092 2573 quam

89 2598 193 2658 magno
206 2581 312 2642 flumini
323 2585 453 2662 propior.
477 2582 671 2643 Isocrates
686 2581 842 2641 indiverso
857 2597 968 2657 genere
979 2576 1093 2638 dicendi
1099 2584 1134 2641 79

90 2665 196 2725 nitidus
211 2673 242 2725 et
258 2677 390 2746 comptus
407 2676 442 2727 et·
451 2668 617 2745 palaestrae
638 2683 722 2744 quam
739 2682 854 2743 pugnae
869 2665 962 2740 magis
977 2678 1092 2721 accom-

26 2787 27 2790 ,
90 2748 221 2809 modatus
239 2765 339 2811 omnes
355 2752 469 2812 dicendi
483 2751 618 2811 Veneres
634 2758 763 2809 sectatus
779 2759 840 2822 est,
865 2766 922 2807 nec
936 2746 1091 2812 immerito;

92 2832 239 2894 auditoriis
258 2836 332 2894 enim
353 2854 387 2895 se
402 2851 459 2894 non
474 2836 586 2896 iudiciis
604 2842 803 2913 compararat;
826 2833 855 2890 in
871 2830 1035 2889 inventione
1050 2829 1093 2889 fa-

39 2935 40 2938 *
93 2914 175 2992 cilis,
197 2916 312 2978 honesti
334 2918 499 2995 studiosus,
522 2920 551 2978 in
574 2918 786 2995 compositione
807 2915 880 2976 adeo
902 2912 1041 2989 diligens,
1063 2920 1094 2971 ut

10 3065 13 3071 ,
46 3006 57 3050 ἲ
92 3018 161 3059 cura
177 3001 239 3060 eius
255 3002 493 3079 reprehendatur.
521 3000 625 3079 Neque
638 3018 694 3078 ego
706 3003 734 3059 in
745 3001 801 3076 his,
817 2999 854 3059 de
868 2996 969 3076 quibus
981 2997 1137 3059 locutustiii

5 3109 7 3112 ’
91 3102 163 3159 sum,
179 3084 231 3145 has
247 3085 327 3144 solas
341 3088 464 3147 virtutes
478 3086 531 3146 sed
546 3086 597 3146 has
615 3085 786 3163 praecipuas
804 3091 891 3166 puto,
907 3099 962 3140 nec
978 3089 1094 3141 ceteros

5 3187 7 3192 ’
91 3186 191 3247 parum
205 3167 297 3227 fuisse
311 3186 441 3247 magnos.
473 3169 549 3243 Quin
564 3171 649 3229 etiam
664 3166 848 3228 Phalerea
864 3165 943 3226 illum
963 3163 1093 3224 Deme·

91 3253 214 3325 trium,
238 3269 400 3330 quanquam
420 3255 444 3314 is
462 3254 569 3332 primus
592 3252 748 3312 inclinasse
770 3250 964 3330 eloquentiam
980 3249 1094 3323 dicitur,

92 3334 209 3394 multum
224 3335 331 3411 ingenii
345 3336 482 3397 hahuisse
498 3347 527 3396 et
541 3334 693 3396 facundiae
711 3334 824 3409 fateor,
845 3333 894 3394 vel
910 3332 947 3392 oh
962 3333 1019 3393 hoc
1035 3349 1094 3390 me·

33 3504 36 3510 ·
93 3419 183 3479 moria
198 3418 326 3497 dignum,
343 3421 420 3499 quod
434 3420 549 3482 ultimus
565 3429 611 3483 est
626 3419 690 3481 iere
705 3435 743 3480 ex
759 3416 878 3496 Atticis,
895 3419 943 3497 qui
955 3415 1012 3477 dici
1027 3431 1095 3493 pos·
