2434 3925
343 221 773 290 nusu.oannoa.u11uvr,a.
992 210 1054 274 279

68 378 223 452 seclusum
238 386 403 439 tamennon
419 376 533 438 hahent.
568 375 671 455 Neque
692 377 765 436 enim
780 378 807 437 ei
823 377 859 438 de
875 380 934 438 risu
948 378 1001 439 sed
1019 380 1056 438 de
1064 397 1114 452 103

69 462 228 523 urbanitate
245 472 291 522 est
308 481 381 542 opus
395 464 566 537 institutum,
592 480 676 540 quam
693 464 838 540 propriam
853 480 920 521 csse
939 472 1056 523 nostrae
1166 496 1168 501 κ

70 547 193 606 civitatis
211 556 241 607 et
254 564 322 606 sero
339 549 381 605 sic
395 546 518 622 intelligi
538 555 686 623 coeptam,
707 555 859 624 postquam
878 546 985 606 Urbis
1005 564 1055 624 ap·

68 629 243 708 pellatione,
260 631 370 691 etiamsi
386 647 488 689 nomen
502 632 649 707 proprium
664 646 721 687 non
735 629 922 704 adiiceretur,
938 629 1056 689 Romam

68 723 164 775 tamen
185 716 281 792 accipi
299 716 336 774 sit
351 723 509 791 receptum.
546 711 675 790 Eamque
699 714 742 772 sic
763 712 837 771 linit:
859 713 1056 773 Urbanitas
1063 732 1115 786 104

68 799 115 858 erl
128 799 227 858 oirtm
240 798 392 875 quaedam
404 799 437 857 ιἰι
452 797 543 858 breue
558 798 673 858 dictum
690 804 797 858 coacta
813 805 842 856 et
854 805 928 875 apta
942 800 986 857 ad
1001 799 1056 858 de-

69 881 228 942 lectandos
240 882 459 959 mouendosque
470 881 603 941 Ιιοιιιίιιιι
618 882 652 940 ia
668 899 782 941 omnem
797 880 937 962 affectam
951 882 1056 956 animi,

69 965 201 1027 maatm
221 966 334 1027 idonea
356 965 400 1026 ad
425 966 625 1026 redeundum
645 965 695 1025 ael
710 966 943 1040 lacessendam,
964 972 1057 1042 prout

70 1064 209 1126 quaeqae
228 1068 280 1110 ree
303 1056 357 1110 aut
373 1064 509 1127 perecaa
529 1048 695 1108 desiderat.
731 1044 783 1106 Cui
800 1049 824 1106 si
841 1047 990 1107 brevitatis
1006 1066 1055 1106 ex·

71 1133 233 1209 ceptionem
248 1133 418 1208 detraxeris,
437 1149 536 1191 omnes
552 1133 690 1190 orationis
704 1131 823 1190 uirtutes
841 1132 992 1209 complexa
1008 1133 1054 1190 sit.

70 1214 152 1291 Nam,
166 1217 190 1275 si
204 1218 342 1275 consistat
352 1215 438 1275 rebus
452 1224 481 1275 et
491 1216 640 1294 personis:
657 1215 734 1292 quod
744 1216 772 1272 in
783 1216 911 1293 utrisque
923 1222 1057 1292 oporteat

70 1299 186 1374 dicere,
207 1301 356 1378 perlectae
380 1299 562 1377 eloquentiae
584 1308 638 1358 est.
671 1296 728 1357 Cur
745 1306 838 1357 autem
855 1298 972 1357 hrevem
988 1316 1055 1358 esse

70 1401 134 1443 eam
146 1383 281 1459 uoluerit,
297 1385 398 1442 nescio
420 1386 542 1461 quidem.
569 1382 618 1458 At,
635 1401 717 1461 quam
732 1384 760 1441 in
775 1378 876 1441 eodem
891 1382 965 1442 lihro
981 1383 1056 1442 dicat
1063 1392 1114 1445 105

70 1468 161 1526 luisse
177 1476 206 1526 et
220 1470 248 1526 iu
260 1467 371 1543 multis,
394 1467 525 1527 narrandi
545 1466 732 1526 urbanitatem
748 1467 834 1543 paulo
850 1475 916 1544 post
929 1468 967 1526 ita
985 1466 1055 1542 linit,

71 1548 203 1610 Catonis.
216 1551 268 1628 (ut
293 1552 351 1634 ait.)
368 1553 530 1629 opinionem
545 1559 676 1626 secutus,
699 1549 863 1609 Urbanus
884 1550 969 1611 hortm
988 1552 1055 1626 erit,

71 1636 158 1694 catus
180 1636 271 1703 malta
292 1636 466 1696 benedicta
484 1651 691 1712 responsaque
708 1641 811 1708 emeat,
832 1642 861 1695 et
875 1635 927 1711 qai
941 1636 974 1694 ιἰι
988 1652 1056 1694 rer·

70 1718 217 1794 mortibus,
233 1720 372 1794 circatis,
387 1720 547 1793 conuiuiis,
561 1720 632 1779 item
647 1720 679 1777 ia
696 1718 892 1793 contionibus,
908 1718 989 1778 omni
1002 1718 1056 1780 de·

69 1803 161 1880 nique
174 1803 240 1863 loeo
253 1803 384 1864 ridicule
400 1802 611 1879 commodeque
625 1802 715 1862 dicet.
751 1800 844 1860 Riecte
863 1811 965 1875 auat,
989 1802 1056 1878 qai-

71 1901 189 1963 eaaque
211 1886 289 1946 haec
311 1888 406 1965 faciet
430 1894 543 1947 orator.
585 1884 664 1957 Quas
685 1887 708 1943 si
728 1885 882 1961 recipimus
903 1884 1055 1959 finitiones,
1064 1894 1114 1947 106

69 1970 206 2049 quidquid
224 1970 300 2029 bene
315 1970 436 2045 dicetur,
452 1978 481 2028 et
495 1970 602 2028 urhaue
625 1970 692 2028 dicti
711 1986 814 2027 nomen
835 1970 967 2044 accipiet.
1001 1967 1055 2027 Ce-

68 2059 162 2113 terum
176 2053 229 2129 illi,
246 2056 293 2131 qui
305 2054 361 2113 hoc
377 2062 586 2132 proposuerat,
605 2051 797 2112 consentanea
813 2053 865 2111 luit
883 2051 931 2110 illa
943 2052 1055 2127 divisio,

67 2146 101 2196 ut
115 2137 255 2196 dictorum
274 2138 445 2197 urbanorum
471 2136 527 2196 alia
538 2138 624 2196 seria
644 2136 699 2196 alia
721 2138 822 2196 iocosa
837 2135 892 2194 alia
907 2136 999 2194 media
1014 2134 1056 2194 fa·

69 2230 161 2284 ceret.
190 2219 261 2280 Nam
276 2231 320 2281 est
338 2222 438 2281 eadem
453 2222 575 2280 omnium
591 2220 666 2279 hene
681 2220 830 2279 dictorum.
868 2218 976 2278 Verum
990 2218 1057 2277 mihi

69 2305 156 2363 etiam
173 2306 274 2363 iocosa
294 2306 433 2382 quaedam
452 2304 583 2363 ridentur
605 2321 695 2382 posse
716 2322 774 2363 non
795 2304 865 2362 satis
882 2302 990 2362 urbane
1011 2321 1056 2362 re·

68 2387 149 2447 ierri.
195 2386 266 2448 Nam
290 2406 354 2447 meo
376 2389 489 2465 quidem
510 2388 614 2447 iudicio
639 2387 688 2447 illa
712 2397 757 2447 est
771 2387 936 2462 urbanitas,
957 2388 985 2445 in
1001 2404 1056 2463 qua
1063 2397 1114 2454 107

68 2471 140 2530 nihil
154 2470 307 2547 absonum,
323 2473 392 2531 nihil
407 2480 539 2549 agreste,
556 2471 626 2531 nihil
640 2472 828 2547 inconditum,
845 2469 913 2529 nihil
928 2472 1057 2548 peregri-

68 2572 136 2613 num
148 2573 244 2632 neque
260 2574 346 2615 sensu
361 2574 456 2633 neque
470 2555 568 2615 verbis
585 2571 681 2633 neque
697 2573 748 2615 ore
763 2564 885 2631 gestuve
902 2555 993 2631 possit
1008 2554 1057 2613 de·

69 2638 226 2716 prehendi,
248 2648 278 2699 ut
298 2657 355 2698 non
375 2649 431 2698 tam
449 2641 486 2698 sit
508 2640 537 2697 in
552 2639 671 2715 singulis
688 2640 771 2699 dictis
787 2656 870 2735 quam
888 2639 917 2695 in
930 2647 992 2698 toto
1009 2654 1057 2696 co-

70 2721 134 2782 lore
155 2721 284 2798 dicendi,
314 2723 406 2801 qualis
427 2722 502 2800 apud
525 2717 694 2782 Graecos
676 2714 840 2800 αττιιιισμὸς
861 2721 912 2779 ille
934 2722 1058 2781 reddens

69 2804 244 2866 Athenarum
269 2809 416 2885 proprium
443 2821 585 2884 saporem.
622 2805 667 2865 Ne
687 2816 781 2866 tamea
803 2805 935 2864 iudicium
960 2802 1115 2881 llarsi,103

69 2889 191 2949 hominis
208 2891 409 2964 eruditissimi,
431 2888 609 2948 subtraham.
633 2891 709 2950 seria
733 2891 854 2968 partitur
876 2890 905 2945 in
929 2888 982 2946 tria
1005 2906 1056 2964 ge·

69 2991 158 3048 nera,
181 2973 384 3047 honorificum,
408 2972 658 3048 contumeliosum,
682 2973 813 3033 medium.
848 2969 886 3029 Et
907 2970 1057 3030 honorifici
1158 2978 1161 2982 ’

69 3057 151 3134 ponit
166 3057 328 3135 exemplum
344 3054 493 3117 Ciceronis
509 3074 569 3157 pro
584 3056 698 3133 Ligario
715 3056 789 3134 apud
805 3054 975 3129 Gaesarem,
998 3053 1058 3128 Qut

68 3141 237 3202 adhileoles
251 3143 386 3203 obliuisci
399 3143 459 3202 aiei
471 3143 620 3209 iniuriae·
642 3150 671 3199 et
686 3139 898 3213 contumeliosi,
915 3139 991 3219 quod
1007 3140 1114 3209 At109

69 3226 130 3283 tico
145 3225 261 3302 scripsit
276 3226 312 3284 de
329 3226 466 3303 Pompeio
482 3233 511 3284 et
527 3222 669 3299 Caesare,
684 3222 803 3285 Habeo
807 3239 907 3321 quem
919 3224 1058 3319 fufium

69 3324 159 3385 quem
177 3325 308 3387 sequar,
328 3328 387 3370 aon
403 3310 519 3376 habeor
537 3317 566 3367 et
581 3308 679 3382 medii,
706 3306 783 3384 quod
797 3296 1058 3386 ἀποφθεγματικὸν

69 3400 158 3450 vocat
172 3400 201 3451 et
216 3402 261 3451 est
275 3394 325 3469 ita,
344 3410 407 3452 cum
422 3393 541 3467 dixerit,
560 3390 625 3453 Nec
637 3409 762 3470 prooem
777 3398 898 3451 mortem
912 3391 1058 3451 accidere

68 3475 137 3537 ciro
152 3469 225 3554 forti
242 3494 333 3556 poure
350 3496 408 3539 aee
421 3479 613 3538 immaturam
628 3475 782 3539 cumulari
798 3491 895 3553 aeque
914 3476 1057 3535 miseram
