2434 3925
148 176 210 242 208
456 191 817 251 snrsmoorurmram

149 365 270 425 eumque
290 345 439 424 responsis
454 344 606 404 dominatio
625 345 686 405 dari
707 345 797 404 tribus
814 343 956 407 Corneliis
975 344 1135 426 dicebatur,

147 450 238 510 seque
263 450 327 491 eum
348 431 461 490 tertium
484 448 550 488 esse
571 429 708 488 eredebat
729 439 795 507 post
818 429 927 488 Sullam
950 427 1137 508 dianamque,

105 519 211 595 arquis
229 516 338 593 etipse
356 512 508 577 Cornelius
525 521 596 572 erat.
631 512 702 572 Nam
724 522 753 582 et
779 512 847 572 illud
870 513 945 590 apud
969 510 1138 591 Euripidem

148 600 279 676 frigidum
296 617 375 674 sane,
395 597 471 675 quod
482 614 585 656 nornen
596 596 751 672 Polynieis,
767 605 797 654 nt
810 605 1005 673 argumentum
1016 614 1138 675 morum,

147 684 238 743 frater
253 683 381 741 incessit.
415 681 548 741 locorum
563 689 657 739 tamen
672 698 710 738 ex
725 698 761 739 eo
777 680 914 759 frequens
929 682 1063 756 materia,
1081 699 1139 759 qua
1191 711 1194 715 ⁷

149 765 254 826 Cicero
269 769 297 825 in
311 765 433 824 Verrem
447 781 504 823 non
519 764 611 824 semel
624 782 693 822 osus
711 773 765 823 est.
803 764 882 823 Haeo
898 764 961 823 iere
977 764 1054 824 eirea
1070 783 1136 842 per-

147 869 234 910 sonas
248 859 313 909 sunt
327 856 375 908 aut
390 848 433 908 his
449 848 561 907 similia.
596 846 698 925 Neque
719 848 793 906 enim
809 848 964 926 eompleeti
979 849 1072 906 omnia
1086 849 1138 908 vei

146 933 201 1007 bae
211 935 240 992 in
253 942 335 1012 parte
346 932 394 992 vei
409 933 437 991 in
450 933 555 991 ceteris
570 948 732 1010 possumus,
750 934 876 991 contenti
893 933 1031 991 rationem
1048 950 1136 1009 qnae·

147 1018 243 1077 situris
259 1017 424 1076 ostendere.

104 1108 138 1163 32
229 1101 311 1160 Nune
326 1099 361 1159 ad
382 1118 443 1158 res
465 1107 597 1175 transeo,
623 1099 652 1158 in
668 1096 769 1176 quibus
784 1098 906 1157 maxime
924 1108 988 1158 sunt
1002 1101 1139 1178 personis

146 1187 257 1261 iuncta,
283 1201 356 1262 quae
373 1185 499 1260 agimus,
520 1183 646 1262 ideoque
668 1185 758 1261 prima
773 1183 929 1243 traotauda.
959 1181 1137 1243 {nomnibus

146 1285 251 1347 porro,
279 1286 353 1347 quae
384 1268 467 1341 bunt,
497 1270 645 1345 quaeritur
669 1275 716 1325 ant
737 1262 878 1338 Quare?
902 1274 950 1324 aut
973 1263 1063 1326 Ubi?
1088 1276 1139 1328 aut

104 1348 315 1424 minando?
331 1359 379 1410 aut
394 1347 602 1424 Quomodo?
625 1350 755 1410 autPe'r
770 1350 951 1427 quaefacta
967 1347 1053 1411 sunt?
1076 1349 1138 1410 Du·

146 1443 248 1495 cuntur
260 1437 346 1512 igitur
361 1443 525 1510 argumenta
546 1452 584 1494 ex
603 1435 727 1494 causis
742 1433 883 1492 factorum
895 1432 945 1492 vel
961 1434 1136 1503 futurorum

147 1536 264 1597 quarum
277 1520 433 1592 materiam,
446 1535 529 1596 quam
540 1511 615 1596 ὅλην
628 1519 686 1592 alii,
698 1511 839 1592 εὸύναμιν
849 1517 898 1576 alii
909 1519 1136 1593 nominaverunt,

145 1604 175 1662 in
187 1603 243 1662 duo
260 1620 370 1680 genera
382 1602 434 1661 sed
448 1610 600 1679 quaternas
614 1603 763 1680 utriusque
773 1600 899 1660 dividunt
914 1604 1041 1679 speeies.
1063 1600 1137 1661 Nam

146 1687 210 1747 iere
220 1695 353 1746 versatur
364 1688 436 1745 ratio
449 1686 572 1745 faciendi
584 1687 662 1745 eirea
677 1685 816 1744 bonorum
831 1685 1024 1762 adeptionem,
1040 1686 1137 1745 inere·

50 1826 52 1831 .
146 1780 279 1846 mentum,
295 1771 553 1845 conservationem,
570 1788 665 1837 usum;
679 1778 726 1829 aut
739 1769 877 1828 malorum
889 1770 1082 1844 evitationem,
1100 1769 1135 1829 li·

144 1854 333 1929 berationem,
342 1855 570 1929 imminutionem,
583 1854 776 1921 tolerantiam
790 1871 864 1931 quae
874 1861 903 1911 et
913 1853 941 1911 in
948 1852 1136 1914 deliberando

103 1939 294 2019 34piurimum
308 1938 414 1999 valent.
445 1938 504 1999 Sed
518 1937 569 1998 bas
587 1955 689 1998 causas
702 1935 808 1997 babent
822 1946 914 2013 reeta,
929 1954 1019 2016 prava
1032 1944 1134 1997 eontra

146 2043 184 2085 ex
205 2024 287 2084 salsis
306 2021 487 2102 opinionibus
511 2025 636 2082 veniunt.
683 2021 755 2081 Nam
776 2030 821 2081 est
838 2020 882 2080 bis
904 2022 1010 2082 initium
1033 2021 1135 2096 exiis,

146 2127 221 2187 quae
241 2108 359 2167 eredunt
374 2105 449 2166 bona
464 2114 512 2165 aut
525 2107 610 2181 mala,
623 2106 688 2165 inde
704 2124 820 2165 errores
836 2107 961 2164 existunt
976 2113 1006 2164 et
1016 2105 1137 2184 pessimi

146 2192 276 2265 affectus,
293 2192 320 2249 in
336 2190 437 2268 quibus
453 2198 517 2248 sunt
533 2192 585 2265 ira,
602 2191 706 2264 odium,
729 2190 847 2264 invidia,
873 2189 1030 2267 cupiditas,
1052 2206 1135 2267 spes,

146 2275 284 2349 ambitus,
300 2274 435 2347 audacia,
451 2282 553 2348 metus,
570 2282 668 2332 cetera
682 2276 799 2349 generis
814 2274 951 2333 eiusdem.
983 2272 1138 2339 Aouedunt

146 2358 298 2436 aliquando
313 2357 445 2431 fortuita,
466 2357 607 2431 ebrietas,
627 2359 802 2434 ignorantia,
817 2374 891 2435 quae
906 2357 1018 2416 interim
1033 2356 1067 2416 ad
1082 2374 1134 2415 ve-

145 2444 219 2502 niam
236 2441 343 2516 valent,
358 2442 468 2500 interim
484 2440 519 2499 ad
533 2440 731 2518 probationem
744 2441 877 2516 oriminis,
892 2450 924 2500 ut
940 2442 964 2497 si
980 2441 1054 2518 quis,
1068 2438 1136 2498 dum

103 2527 193 2590 aselii
212 2525 375 2598 insidiatur,
396 2524 480 2583 alium
502 2524 605 2583 dieitur
622 2526 813 2584 interemisse.
845 2523 957 2583 Causae
972 2539 1060 2602 porro
1075 2539 1136 2581 non

145 2611 181 2671 ad
197 2608 421 2668 convincendum
435 2608 531 2683 modo,
549 2608 625 2685 quod
640 2610 788 2685 obiicitur,
805 2609 856 2668 sed
872 2608 907 2667 ad
924 2606 1135 2667 defendendum

146 2711 262 2772 quoque
277 2694 373 2752 excuti
388 2692 500 2765 soient,
522 2710 585 2750 oum
608 2695 724 2769 quisse
745 2702 827 2752 reete
848 2693 956 2752 iecisse
977 2692 1005 2751 id
1022 2699 1067 2750 est
1081 2689 1134 2749 bo·

145 2788 227 2838 nesta
251 2795 353 2850 eausa,
377 2775 538 2843 contendit:
569 2793 624 2852 qna
645 2777 680 2836 de
701 2796 733 2837 re
754 2776 838 2835 latins
854 2777 981 2835 intentio
1000 2775 1074 2834 libro
1090 2774 1134 2833 di·

103 2872 221 2927 sontum
242 2871 296 2921 est.
333 2859 480 2919 Finitionis
501 2877 616 2937 quoque
641 2862 825 2938 quaestiones
845 2879 883 2939 ex
905 2861 999 2918 causis
1021 2858 1137 2917 interim

143 2947 284 3025 pendent,
308 2942 356 3004 Aa
370 2944 581 3023 tyrannicida,
597 2947 651 3022 qui
663 2954 839 3024 tyranuum,
855 2963 875 3004 o
892 2958 951 3021 quo
965 2942 1136 3022 depreden-

143 3048 198 3091 sus
212 3032 243 3091 ia
258 3029 410 3090 adulterio
427 3028 546 3106 fuerat,
570 3030 704 3090 occidit?
738 3025 787 3088 Aa
807 3028 992 3104 roeritepae,
1009 3026 1079 3104 qai,
1100 3032 1136 3087 at

143 3113 243 3175 hostes
257 3114 334 3174 orbe
347 3113 520 3190 expelleret,
538 3130 628 3172 arma
644 3113 751 3191 tempto
765 3111 863 3190 astino
884 3112 1039 3171 detraxit?
1073 3108 1134 3168 Du·

103 3205 246 3262 staunton
265 3203 431 3272 argumenta
458 3204 487 3253 et
512 3213 549 3253 ex
573 3196 669 3254 loeo.
715 3196 869 3273 Spectatur
896 3195 970 3253 enim
990 3193 1025 3253 ad
1048 3192 1135 3252 fidem

145 3277 333 3359 probationis,
349 3288 497 3338 montanus
508 3297 543 3338 an
554 3278 666 3356 planus,
680 3280 835 3338 maritimus
847 3296 882 3337 an
895 3277 1133 3351 mediterraneus,

145 3365 273 3431 eonsitus
294 3380 330 3422 an
349 3361 487 3436 incultus,
509 3361 647 3439 frequens
668 3380 704 3421 an
725 3362 876 3437 desertus,
900 3362 1077 3440 propinquus
1096 3376 1136 3418 an

144 3456 287 3527 remotus,
310 3454 488 3527 opportunus
503 3445 681 3510 consiliisan
695 3445 845 3518 adversum
867 3463 950 3525 quam
967 3456 1077 3525 partem
1091 3443 1134 3504 vi·
