2434 3925
328 190 418 279 rususs
431 222 797 293 ammoneremus.
937 269 942 277 .
1005 209 1067 277 tot

62 385 160 467 perdit
173 383 221 443 vel
239 382 296 442 hoo
313 384 394 460 ipso,
418 381 495 459 quod
516 382 672 460 scripsisse
687 399 720 441 se
736 381 897 442 eonlitetnr.
929 381 1068 445 llemoriu

61 480 160 530 autem
176 468 246 528 lauit
262 469 346 527 etiam
362 466 486 543 prompti
507 468 615 543 ingenii
631 464 749 541 lamam,
769 474 801 524 ut
815 465 882 540 illa,
905 484 980 544 qnae
997 468 1067 527 diei·

61 573 143 629 mus,
165 569 222 611 non
243 551 329 610 donno
351 548 483 609 attulisse
505 550 557 609 sed
575 548 616 608 ibi
636 550 766 627 protinus
789 551 949 628 sumpsisse
970 552 1067 611 videa·

61 656 142 704 mur;
165 635 242 715 quod
258 644 288 694 et
303 635 411 693 oratori
429 642 458 692 et
473 634 528 710 ipsi
545 650 651 692 musae
666 633 816 710 plurimum
831 632 954 694 oonlert.
990 633 1063 694 Narn
1075 641 1109 698 et

61 732 93 783 et
110 722 201 797 magis
221 721 337 778 miratur
361 726 390 777 et
404 719 495 776 minus
516 718 597 776 timet
613 716 714 791 iudex,
738 733 812 794 quae
834 733 891 775 non
911 725 993 796 putat
1013 718 1062 777 ad·

61 823 166 865 verens
190 822 223 863 se
242 811 424 883 praeparata.
455 800 556 879 ltaque
580 802 608 860 in
630 799 792 861 actionibus
815 803 890 860 inter
911 802 1069 880 praecipua

60 888 233 950 servandum
254 896 315 962 est,
335 895 365 945 ut
386 884 525 963 quaedam
552 887 652 959 etiam,
684 902 759 962 quae
783 886 890 963 optime
916 886 1067 961 vinximus,

60 973 144 1033 velut
161 971 255 1031 solnta
273 972 450 1029 enuntiemus
467 977 497 1028 et
513 967 705 1044 cogitantibus
721 984 921 1046 nonnunquam
944 978 973 1028 et
988 968 1068 1028 dubi·

2 1113 3 1120 ,
60 1056 187 1119 tentibus
207 1055 315 1114 similes
338 1071 481 1133 quaerere
502 1054 665 1128 videamur,
690 1069 765 1130 quae
789 1053 945 1112 attulimus.
988 1051 1111 1128 Ergoda

2 1165 3 1206 ι
61 1141 132 1219 quid
153 1142 189 1198 sit
210 1140 364 1217 optimum,
385 1137 527 1197 neminem
542 1136 626 1213 fugit.
660 1137 691 1196 Si
710 1153 782 1195 vero
803 1144 851 1196 aut
866 1137 1003 1196 memoria
1020 1154 1068 1197 na·

2 1255 3 1284 1
61 1234 127 1285 tura
142 1224 241 1283 durior
255 1225 327 1299 erit,
350 1231 399 1282 aut
419 1238 476 1280 non
491 1220 696 1296 suffragabitur
714 1230 842 1299 tempus:
865 1222 950 1281 etiam
969 1221 1069 1280 inutile

2 1340 4 1347 ν
62 1311 119 1368 erit
139 1307 174 1367 ad
198 1309 291 1367 omnia
315 1324 348 1365 se
368 1305 457 1365 verba
479 1304 619 1382 alligare,
646 1322 710 1364 eum
734 1303 843 1364 oblivio
864 1307 947 1364 unius
970 1322 1069 1364 eorum

2 1425 3 1442 2
61 1391 217 1452 cuiuslibet
234 1400 282 1451 aut
294 1391 453 1451 deformem
467 1388 687 1448 haesitationem
702 1397 751 1448 aut
768 1390 854 1448 etiam
869 1390 1015 1449 silentium
1027 1390 1068 1447 in·

62 1476 166 1543 dueat;
188 1477 333 1552 tutiusque
346 1474 435 1533 multo
452 1473 671 1551 comprehensis
687 1475 780 1532 animo
796 1471 884 1532 rebus
899 1474 970 1551 ipsis
981 1471 1068 1532 liber·

62 1567 153 1619 tatem
169 1559 223 1618 sibi
240 1559 397 1636 eloquendi
412 1558 589 1635 relinquere.
622 1555 695 1616 Nam
713 1566 742 1616 et
761 1557 866 1616 invitus
882 1556 977 1635 perdit
992 1557 1112 1634 quis-49

63 1661 122 1720 que
139 1643 167 1702 id
182 1642 258 1720 quod
274 1643 407 1719 elegerat
421 1640 558 1716 verbum,
579 1658 636 1699 nee
654 1641 742 1700 fenile
758 1643 872 1720 reponit
888 1640 981 1714 alind,
1005 1640 1071 1700 dum

62 1727 109 1802 id,
131 1727 208 1805 quod
230 1729 403 1805 scripserat,
426 1726 548 1803 quaerit.
587 1725 647 1785 Sed
670 1742 707 1807 ne
726 1724 786 1784 hoo
805 1724 921 1804 quidem
942 1723 1069 1785 inlirmae

62 1812 219 1870 memoriae
238 1812 394 1871 remedium
417 1818 462 1869 est
481 1809 535 1867 nisi
557 1810 585 1868 in
607 1811 658 1884 iis,
688 1809 736 1885 qui
756 1807 811 1867 sibi
830 1807 997 1868 laoultatem
1017 1807 1069 1867 ali·

64 1912 150 1974 quarn
165 1895 279 1955 dieeodi
295 1912 333 1954 ex
353 1903 485 1974 tempore
500 1900 683 1972 paraverunt.
718 1892 829 1967 Quodsi
849 1893 894 1951 eui
917 1899 1069 1969 utrumque

63 1979 206 2052 deluerit:
229 1980 296 2039 huie
311 1981 444 2039 omittere
459 1979 573 2038 omnino
589 1986 679 2037 toturn
696 1978 839 2037 actionum
856 1975 1001 2051 laborem,
1023 1992 1068 2051 ao,

1 2108 2 2111 ,
64 2065 90 2123 si
108 2064 175 2142 qnid
190 2066 218 2122 in
233 2064 338 2123 litteris
358 2063 453 2138 valet,
474 2062 510 2122 ad
532 2061 716 2122 scribendum
731 2062 827 2141 potius
849 2060 979 2120 suadebo
1000 2076 1068 2120 eon·

64 2155 191 2207 vertere.
222 2148 281 2208 Sed
296 2147 369 2207 haee
385 2165 450 2207 rara
468 2145 625 2207 inlelieitas
641 2147 706 2204 erit.

151 2229 286 2292 Ceterum
302 2241 436 2310 quantum
451 2239 551 2290 natnra
567 2230 721 2307 studioque
735 2227 833 2289 valeat
850 2229 1003 2303 memoria,
1020 2227 1112 2290 velso

64 2314 277 2376 Themistocles
293 2318 393 2392 testis,
414 2333 500 2394 quem
514 2332 600 2373 unum
616 2315 690 2373 intra
706 2329 808 2372 annum
824 2312 932 2390 optime
943 2311 1070 2371 looutnm

65 2417 134 2459 esse
150 2399 268 2459 Persice
285 2407 413 2467 constan
434 2397 483 2459 vel
495 2397 690 2472 Mithridates,
712 2397 759 2455 oui
773 2396 843 2456 duas
859 2404 889 2456 et
902 2397 1003 2473 viginti
1018 2395 1070 2455 lin·

66 2502 157 2560 guas,
179 2493 250 2561 quot
272 2482 434 2543 nationibus
449 2481 627 2560 imperabat,
650 2479 771 2541 traditur
789 2489 872 2540 notas
892 2480 999 2545 fuisse:
1021 2479 1071 2540 vel

67 2566 190 2626 Crassus
206 2568 257 2627 ille
273 2569 365 2642 dives,
382 2568 441 2645 qui,
458 2583 522 2625 oum
537 2563 627 2625 Asiae
642 2573 812 2644 praeesset,
828 2566 957 2642 'quinque
967 2563 1071 2625 Graeci

65 2654 206 2710 sermonis
230 2652 407 2711 differentias
425 2651 468 2709 sio
489 2651 594 2724 tenuit,
618 2658 666 2725 ut,
689 2666 744 2727 qna
767 2648 890 2727 quisque
910 2647 986 2726 apud
1006 2664 1071 2705 enm

1 2810 2 2813 Ἴ
18 2798 23 2805 ‚
66 2733 163 2810 lingua
178 2736 368 2814 postulasset,
387 2735 490 2795 eadem
506 2736 550 2793 ius
562 2732 617 2793 sibi
632 2733 773 2793 redditum
783 2732 889 2799 lerret;
908 2731 956 2790 vel
965 2728 1069 2804 Cyrus,

66 2836 151 2896 quem
172 2822 295 2878 omnium
316 2819 434 2879 militnm
456 2819 584 2879 tenuisse
606 2817 746 2877 creditum
766 2825 811 2875 est
828 2815 951 2873 nomina.
996 2811 1111 2885 Qnin51

65 2902 158 2961 semel
181 2902 294 2962 auditos
317 2902 475 2984 quamlibet
493 2901 598 2961 multos
615 2918 719 2960 versus
739 2901 869 2978 protinus
890 2897 992 2960 dieitur
1006 2896 1070 2956 red·
1165 2950 1170 2960 .

64 2985 175 3045 didisse
192 2985 387 3048 Theodectes.
421 2985 599 3045 Dicebantur
621 2986 706 3044 etiam
722 3001 797 3043 nuno
817 2998 902 3057 esse,
926 2982 973 3058 qui
991 2980 1069 3040 laee-

65 3078 148 3144 rent,
170 3069 223 3128 sed
248 3072 314 3131 mihi
336 3088 494 3150 nunquam,
516 3078 547 3127 ut
561 3071 626 3147 ipse
646 3070 834 3140 interessent,
859 3065 996 3142 oontigit;
1019 3063 1069 3124 ha·

66 3153 160 3213 benda
170 3162 266 3213 tamen
278 3156 349 3215 fldes
366 3165 411 3215 est
424 3154 474 3214 vel
488 3156 517 3212 in
527 3153 595 3225 hoo,
615 3161 656 3226 nt,
672 3153 721 3230 qui
736 3150 902 3227 crediderit,
918 3158 947 3209 et
958 3155 1068 3230 speret.

391 3307 434 3356 DE
451 3304 750 3357 PRONUNTlATIONE.

150 3409 201 3471 111.
225 3410 483 3470 Pronuntiatio
506 3428 522 3471 a
537 3411 687 3489 plerisque
708 3412 788 3472 actio
801 3409 904 3470 dieitur
922 3407 975 3468 sed
989 3406 1069 3486 prius

66 3513 171 3556 nomen
192 3512 317 3570 arone,
346 3511 472 3574 sequens
488 3513 504 3556 a
523 3505 608 3572 gestu
623 3495 738 3557 uidetur
757 3495 904 3574 aooipere.
940 3489 1070 3567 Namque

109 3601 139 3639 ιι.
151 3602 176 3640 r.
189 3600 300 3648 uernum.
319 3583 351 3638 ll.
612 3614 614 3618 ·
869 3576 906 3636 14
