2434 3925
158 166 200 229 96
332 194 349 204 ..
477 180 604 229 mrsu
617 181 835 241 omonimum

156 337 214 396 tori
230 333 428 396 benedixisse
444 335 507 393 linis
528 343 582 395 est.
615 333 686 395 Nam
707 345 752 395 est
771 355 818 396 ars
839 354 889 411 ea,
909 346 940 396 ut
953 346 1021 415 post
1036 339 1153 415 paulum

115 418 262 482 adelerius
278 419 473 494 ostendemus,
490 422 519 478 in
533 428 599 478 actu
614 422 709 497 posita
723 437 780 482 non
796 422 824 481 in
838 421 954 480 ellectu.
987 421 1031 481 lta
1046 422 1153 482 falsum

158 502 303 566 eritillud
324 520 456 582 quoque,
480 503 557 581 quod
577 504 698 579 dieitur,
720 515 805 566 artes
823 507 922 580 seire,
950 506 1073 582 quondo
1091 508 1153 566 sisi

155 588 247 666 finem
260 595 459 657 consecutam
474 588 646 650 rhetoricen
657 590 787 652 nescire.
813 588 885 647 Nam
896 606 930 647 se
941 591 1062 667 quisque
1075 589 1152 649 bene

157 671 256 731 dioer'e
269 670 415 748 intelligit.

244 752 292 814 Uti
307 758 391 814 etiam
405 755 487 815 nimir
500 753 688 831 rhetoricen,
708 755 786 833 quod
806 774 853 815 ars
870 756 948 815 nulla
972 756 1075 832 faeiat,
1096 759 1151 816 eri-

115 837 312 915 mutuantur,
332 842 398 917 quia
418 838 567 898 et'ialsum
583 838 660 898 dieat
680 848 708 898 et
728 840 849 899 affectus
864 848 987 899 moveat.
1022 839 1151 912 Quorum

156 932 287 982 neutrum
306 933 351 982 est
366 932 468 1000 turpe,
493 941 555 982 oum
570 940 607 981 ex
622 922 697 982 bona
712 925 822 998 ratione
838 924 1046 1002 proficiscitur,
1069 924 1151 983 ideo÷

157 1024 213 1085 que
233 1015 363 1066 neutrum
382 1007 488 1065 vitium.
528 1006 599 1065 Nam
625 1016 655 1066 et
675 1008 852 1067 mendacium
873 1008 972 1067 dicere
998 1009 1084 1066 etiam
1104 1026 1151 1066 sa·

155 1092 245 1169 pienti
270 1090 422 1169 aliquando
449 1108 620 1149 conoessum
644 1100 706 1167 est,
735 1101 764 1150 et
788 1092 926 1166 affectus,
952 1094 976 1150 si
1001 1090 1088 1151 aliter
1113 1092 1152 1152 ad

157 1176 330 1252 aequitatem
351 1173 471 1253 perduoi
491 1174 578 1235 iudex
602 1192 659 1234 non
680 1177 806 1253 poterit,
833 1177 1001 1234 necessario
1023 1176 1152 1234 movebit

99 1267 264 1320 'moratos
308 1257 436 1335 Imperiti
463 1260 537 1318 enim
560 1258 687 1319 iudicant
720 1268 750 1318 et
775 1261 823 1338 qui
846 1260 1016 1336 frequenter
1039 1261 1067 1317 in
1092 1258 1152 1317 boo

156 1345 250 1418 ipsum
269 1342 389 1402 fallendi
410 1344 480 1418 sint,
502 1361 538 1401 ne
562 1353 668 1402 errent.
699 1343 786 1418 Nam,
811 1344 835 1401 si
855 1343 921 1403 mibi
945 1345 1093 1421 sapientes
1107 1346 1151 1402 iu·

158 1427 238 1486 dioes
260 1425 377 1501 dentur,
402 1427 571 1503 sapientium
595 1429 746 1487 contiones
768 1437 855 1505 atque
877 1444 960 1486 omne
983 1426 1150 1491 eonsilium;

157 1510 226 1569 nibil
243 1510 346 1569 invidia
360 1508 474 1583 valeat,
496 1510 564 1569 nihil
579 1513 683 1586 gratia,
701 1511 771 1571 nibil
786 1512 883 1590 opinio
898 1519 1082 1589 praesumpta
1096 1510 1151 1569 lal-

157 1596 240 1672 sique
255 1602 362 1652 testes:
377 1611 515 1671 perquam
529 1596 566 1653 sit
582 1596 703 1671 exiguus
718 1595 901 1673 eloquentiae
916 1596 998 1654 loeus
1013 1603 1042 1653 et
1056 1610 1152 1671 prope

115 1679 183 1743 noio
198 1678 261 1737 sola
276 1677 470 1742 delectatione
491 1677 622 1754 ponatur.
654 1679 704 1738 Sin
718 1689 746 1738 et
766 1679 938 1739 audientium
951 1678 1074 1737 mobiles
1090 1680 1151 1736 ani-

157 1764 194 1821 mi
209 1770 237 1820 et
252 1771 294 1821 tot
308 1762 390 1821 malis
406 1761 529 1821 obnoxia
544 1764 666 1821 veritas:
689 1773 752 1822 arte
768 1764 949 1842 pugnandum
964 1771 1009 1821 est
1026 1771 1056 1820 et
1070 1762 1151 1821 adbi-

156 1845 250 1906 benda
273 1864 346 1923 quae
370 1855 499 1924 prosunt.
536 1845 640 1923 Neque
664 1851 753 1922 enim,
775 1850 822 1925 qui
842 1857 923 1907 reeta
943 1847 989 1905 via
1008 1845 1150 1923 depulsus

157 1939 218 2006 est,
238 1931 337 1991 reduci
352 1931 386 1991 ad
402 1949 463 1990 eam
477 1932 531 1990 nisi
546 1930 603 1991 alio
619 1930 695 1991 flexu
712 1939 820 2011 potest.

114 2026 150 2079 30
240 2015 362 2076 Plurima
383 2034 454 2075 vero
481 2032 576 2075 exeo
604 2025 703 2075 eontra
729 2016 894 2089 rhetoricen
921 2015 1065 2074 cavillatio
1092 2022 1149 2088 est,

157 2099 234 2176 quod
256 2118 294 2158 ex
313 2109 434 2177 utraque
453 2115 557 2159 causae
573 2110 655 2178 parte
676 2099 796 2159 dicatur.
829 2097 899 2159 lnde
921 2098 1010 2157 liaeo:
1033 2098 1150 2157 nullom

157 2202 223 2244 erse
243 2192 341 2244 artem
366 2185 554 2244 contrariam
577 2185 652 2260 sibi,
676 2184 849 2245 rhetoricen
873 2201 940 2243 esso
961 2183 1150 2243 contrariam

155 2267 229 2332 sibi·
247 2267 365 2328 nullom
378 2275 476 2327 ortem
490 2269 665 2342 destruere,
681 2269 763 2345 quod
777 2266 918 2350 effecerit,
933 2267 1080 2327 accidere
1092 2265 1151 2324 boe

156 2350 324 2412 rhetorices
343 2352 431 2428 operi
436 2372 449 2419 ‚·
473 2352 544 2412 item
563 2360 618 2413 out
640 2352 774 2412 disertudo
795 2369 864 2412 eam
884 2353 996 2412 dooere
1015 2357 1070 2409 out
1088 2367 1150 2408 uon

158 2433 306 2509 dicendo,
324 2434 429 2511 itaque
443 2436 492 2496 vel
503 2453 562 2513 per
576 2435 633 2497 boo
647 2455 707 2496 non
721 2455 787 2498 esse
800 2443 913 2510 ortem,
930 2434 1012 2510 quod
1026 2452 1086 2493 nort
1099 2434 1150 2492 di-

158 2519 257 2579 eendu
271 2520 462 2596 praeripiat,
480 2521 529 2580 vel
538 2538 599 2598 per
614 2520 690 2595 boe,
708 2519 805 2597 quod,
824 2538 892 2580 oum
908 2519 1043 2579 dicendo
1056 2534 1152 2594 prae·

115 2605 287 2680 anseperto,
307 2604 398 2664 etiam
415 2606 575 2664 contrario
595 2605 644 2665 bis
660 2605 778 2665 doceat.
813 2602 894 2676 Quae
914 2604 1007 2661 omnia
1027 2607 1151 2678 apparet

158 2685 195 2744 de
211 2702 245 2746 ea
266 2686 412 2747 rhetorice
427 2687 498 2762 dioi,
516 2705 590 2764 quae
606 2690 643 2747 sit
658 2705 674 2747 a
690 2687 767 2746 bono
783 2690 846 2746 viro
861 2695 948 2764 atque
964 2685 999 2744 ab
1014 2687 1077 2762 ipsa
1091 2684 1150 2741 vir·

157 2778 218 2840 tute
233 2773 378 2839 seiune'ta3
395 2771 503 2849 alioqui
517 2771 564 2830 ubi
577 2774 680 2831 iniusta
693 2789 782 2832 eausa
796 2779 857 2846 est,
877 2770 917 2829 ibi
932 2769 1078 2829 rhetorice
1091 2784 1151 2827 nou

158 2863 219 2929 est,
242 2855 315 2915 adeo
330 2864 361 2913 ut
379 2857 428 2914 vix
441 2852 600 2915 admirabili
619 2856 742 2934 quodam
759 2873 827 2915 orsu
842 2856 935 2931 possit
949 2853 1098 2926 accidere,
1120 2861 1152 2910 ut

114 2944 195 2998 aben
216 2949 338 3017 utraque
359 2941 441 3017 parte
463 2947 578 3018 orator,
603 2939 631 2998 id
654 2949 699 2998 est
718 2942 762 2998 vir
783 2938 892 3014 bonus,
916 2937 1001 2996 diost.
1041 2935 1151 2995 Tamen

159 3024 291 3100 quoniam
305 3024 362 3082 hoo
377 3041 493 3102 quoque
509 3025 537 3082 in
550 3042 646 3082 rerum
660 3032 787 3083 naturam
802 3022 887 3097 cadit,
902 3030 933 3080 ut
947 3021 1019 3089 duos
1035 3020 1150 3097 sapien·

157 3116 203 3166 tes
225 3107 378 3185 aliquando
405 3108 498 3166 iustae
521 3124 626 3166 oausae
650 3108 678 3166 in
700 3108 844 3167 diversum
863 3105 992 3180 trahant,
1018 3103 1149 3181 (quando

159 3193 243 3250 etiam
258 3200 434 3268 pugnaturos
450 3208 502 3250 eos
516 3192 591 3249 inter
606 3208 655 3264 se,
677 3193 702 3250 si
717 3193 789 3250 ratio
805 3193 844 3251 ita
858 3190 989 3263 duxerit,
1012 3187 1148 3264 eredunt)

157 3275 345 3353 respondebo
360 3277 535 3353 propositis,
551 3283 636 3352 atque
650 3277 688 3334 ita
704 3275 835 3353 quidem,
855 3284 886 3333 ut
900 3280 1055 3351 appareat,
1076 3270 1150 3329 haee

158 3360 298 3421 adversus
320 3377 372 3418 eos
393 3377 508 3437 quoque
527 3359 632 3418 frustra
653 3360 832 3435 excogitata,
854 3358 901 3435 qui
920 3356 1001 3415 malis
1022 3352 1150 3413 moribus

115 3452 263 3507 tinomen
277 3444 401 3505 oratoris
416 3442 591 3519 indulgeant.
625 3441 696 3502 Nam
711 3441 857 3503 rhetorice
872 3458 929 3501 non
944 3449 989 3500 est
1005 3438 1152 3502 contraria
