2434 3925
169 215 227 279 186
482 222 842 286 u.ase.ou1nr1nmu1

166 386 239 444 imina
254 385 420 459 iunguntur,
439 388 469 439 ut
484 398 545 439 oum
561 379 707 442 Socrates
721 386 887 439 demiratus
900 386 959 456 est,
983 381 1064 457 qnod
1082 400 1156 445 eor·

165 480 316 546 rumperet
336 468 517 527 iuventutem
539 474 568 524 et
584 482 678 524 maros
691 465 916 540 orperstitiones
928 465 1135 528 introduceret
1140 490 1157 539 ,-

166 562 195 612 et
210 550 320 628 singula
335 567 372 609 ex
388 548 516 626 pluribus
533 549 722 624 colliguntur,
746 556 776 605 ut
790 563 853 605 eum
874 548 983 626 leporio
998 550 1078 610 mete
1096 571 1156 630 ye-

109 695 113 702 ,
164 645 213 698 sto
234 636 374 697 obiicitur
394 628 554 708 Aeschini,
576 634 657 709 quod
677 632 816 691 mentitos
835 631 889 706 sit,
918 633 1000 713 quod
1019 634 1093 696 aiiii
1114 656 1158 697 ex

162 719 316 781 mordetis
334 718 460 795 feeerit,
484 715 565 794 qood
583 723 719 776 moratus
740 716 794 788 sit,
817 716 897 790 qnod
917 733 1043 777 monera
1062 736 1154 780 eece

137 805 252 881 operit.
286 800 440 860 Reousatio
457 816 572 877 quoque
586 798 684 876 piures
700 798 809 856 interim
825 800 1038 876 propositiones
1053 800 1154 877 habet,

165 895 195 946 ut
210 894 308 946 eontra
323 885 488 962 petitionem
508 884 663 961 pecuniae:
686 881 766 943 Mete
785 883 902 960 petitis,
920 893 1155 960 procuratorem

165 973 243 1033 enim
262 970 315 1030 tibi
336 987 402 1028 esse
427 985 486 1027 non
515 968 618 1034 tieuit;
638 967 694 1026 sed
714 981 812 1042 neque
832 966 892 1040 ilii,
919 968 1006 1026 euius
1032 970 1156 1030 nornine

164 1055 279 1133 iitipos,
301 1051 413 1112 dobere
431 1059 681 1128 proeorotorem,·
710 1050 767 1110 sed
785 1065 882 1125 neque
903 1058 948 1109 est
966 1050 1054 1111 teres
1075 1054 1153 1128 eius,

139 1146 186 1205 to
202 1146 260 1215 qno
278 1134 435 1211 occepisse
455 1142 587 1193 mutuom
602 1133 689 1193 dicor
695 1154 707 1200 ‚·
726 1133 784 1193 sed
795 1151 852 1193 nee
866 1133 927 1211 ipsi
945 1134 1041 1196 debui.
1077 1133 1154 1196 ttul-

166 1220 289 1299 tiplieari
308 1216 380 1276 haee
401 1219 429 1275 in
451 1226 582 1294 quantum
596 1214 667 1274 libet
680 1224 817 1293 possunt,
838 1216 890 1274 sed
910 1234 969 1274 rem
988 1219 1154 1278 ostendisse

165 1306 235 1364 satis
257 1310 311 1360 est.
348 1300 408 1359 Hae
430 1301 453 1358 si
477 1309 617 1377 ponantur
638 1299 786 1375 singulae,
815 1298 951 1358 subiectis
974 1300 1154 1378 probationi·

165 1386 236 1463 bus,
252 1385 350 1464 plures
366 1392 430 1442 sunt
446 1385 678 1462 propositiones;
699 1385 723 1442 si
738 1384 958 1460 coniungantur,
979 1385 1007 1442 in
1022 1386 1154 1462 partitio·

165 1489 231 1529 uem
246 1469 358 1528 cadunt.

138 1565 156 1620 8
250 1551 303 1611 Est
321 1559 350 1610 et
364 1550 437 1610 nuda
451 1551 629 1628 propositio,
653 1548 744 1627 quatis
765 1549 828 1609 tere
848 1544 876 1609 in
891 1551 1153 1613 coniecturalibus:

167 1634 280 1698 Caedis
301 1652 379 1714 opo,·
399 1636 511 1712 tortum
533 1635 659 1702 odiieio;
681 1634 725 1691 est
746 1636 855 1693 ratione
871 1634 1013 1709 subiecta,
1038 1643 1068 1693 ut
1082 1634 1153 1698 Mo-

163 1724 300 1783 iestotem
321 1720 427 1779 miserit
447 1715 480 1777 C.
495 1713 662 1793 Cornelios,
683 1735 755 1776 nom
774 1719 909 1779 codicem
927 1719 1066 1778 tritonus
1082 1722 1154 1797 pie-

165 1806 212 1867 dis
231 1805 298 1884 ipse
316 1821 374 1878 pro
393 1802 529 1863 contione
551 1802 630 1879 lepit.
666 1800 784 1860 Praeter
803 1800 875 1861 haee
894 1803 996 1860 utimur
1018 1804 1152 1879 proposi-

161 1889 243 1949 tione
258 1895 305 1947 aut
319 1895 430 1963 nostra,
453 1893 483 1944 ut
504 1881 693 1945 Adulterium
714 1885 841 1953 obiieio;
861 1894 907 1943 aut
928 1885 1099 1961 adversarii,
1122 1895 1154 1946 ut

164 1971 316 2035 Adulterii
335 1990 451 2032 merom
469 1971 570 2048 opiter
576 1992 590 2039 ,·
612 1978 659 2028 aut
674 1970 822 2044 communi,
844 1979 874 2028 ut
888 1968 973 2030 Inter
987 1989 1034 2031 me
1054 1980 1083 2032 et
1094 1971 1153 2032 od·

162 2058 334 2120 versarium
354 2056 490 2132 quaestio
511 2061 571 2127 est,
593 2062 663 2114 oter
682 2054 721 2113 sit
740 2054 880 2115 intestato
899 2056 1033 2132 propior.
1073 2053 1152 2112 Nou-

163 2157 305 2218 nunquam
320 2138 449 2197 diversas
465 2153 580 2215 quoque
595 2138 749 2213 iungimus:
770 2132 836 2215 Epo
855 2138 912 2199 too
932 2139 1016 2214 dieo,
1038 2139 1152 2212 odom-

165 2226 268 2285 sorios
288 2221 353 2282 doe.

137 2315 154 2369 9
246 2304 339 2364 Habet
351 2305 463 2363 interim
477 2303 532 2361 vim
547 2304 770 2381 propositionis,
794 2302 903 2361 etiamsi
918 2321 1018 2380 perse
1034 2321 1090 2363 non
1106 2313 1154 2364 est

164 2390 343 2469 propositio,
366 2405 428 2447 eum
451 2388 584 2464 exposito
607 2404 701 2445 rerum
725 2385 825 2445 ordine
841 2385 1019 2446 subiicimus:
1037 2386 1084 2448 De
1104 2388 1153 2448 tus

165 2472 366 2552 eopnoseitis;
382 2479 412 2528 ut
429 2472 464 2528 sit
478 2469 552 2528 haee
567 2472 747 2529 commonitio
762 2470 873 2542 iudieis,
891 2487 947 2547 quo
963 2489 996 2529 se
1014 2471 1048 2530 ad
1064 2488 1151 2547 quae·

165 2557 287 2616 stionem
308 2556 401 2613 acrius
420 2553 547 2613 intendat
570 2562 599 2612 et
619 2553 699 2613 velut
721 2553 842 2630 quodam
867 2561 943 2613 iaetu
964 2556 1154 2612 resuscitatus

166 2640 249 2700 tinem
265 2655 331 2697 esse
344 2638 522 2711 narrationis,
537 2638 645 2696 initium
657 2635 834 2714 probationis
846 2637 997 2714 intelligat,
1014 2647 1053 2711 et,
1069 2636 1155 2695 nobis

167 2723 408 2784 confirmationem
422 2720 657 2796 ingredientibus,
673 2722 736 2799 ipse
748 2737 863 2798 quoque
877 2720 1083 2798 quodammodo
1100 2736 1154 2780 no·

163 2825 231 2866 vum
245 2804 377 2866 audiendi
392 2813 483 2896 sumat
496 2803 654 2865 exordium.

529 2956 571 3006 DE
589 2956 792 3007 PARTITIONE.

247 3054 283 3114 V.
313 3054 470 3113 Partitio
493 3061 538 3111 est
558 3062 718 3112 nostrarum
739 3061 787 3111 aut
806 3050 961 3110 adversarii
977 3051 1153 3129 propositio·

165 3156 231 3198 num
250 3146 297 3197 aut
311 3146 492 3214 utrarumque
509 3137 608 3196 ordine
631 3136 773 3196 eolloeata
788 3135 972 3194 enumeratio.
1008 3133 1068 3192 Hae
1091 3133 1153 3211 qui·

167 3220 377 3282 demetendum
392 3237 506 3298 semper
526 3229 640 3298 putant,
664 3220 739 3298 quod
761 3237 795 3278 ea
815 3219 863 3278 dat
885 3233 971 3277 eausa
987 3217 1108 3276 lueidior
1123 3225 1154 3275 et

166 3306 253 3365 iudex
267 3306 401 3363 attentior
415 3320 450 3362 ae
464 3303 601 3378 docilior,
624 3305 648 3362 si
663 3304 777 3378 scierit,
800 3311 829 3361 et
849 3302 885 3361 de
907 3316 963 3377 quo
988 3301 1105 3360 dioimus
1123 3308 1154 3359 et

138 3389 205 3454 ide
219 3404 275 3467 quo
290 3387 391 3447 dicturi
407 3376 509 3463 posteri
524 3388 620 3446 sirnus.
659 3385 768 3446 Rursus
788 3386 899 3464 quidam
914 3384 1108 3462 periculosum
1123 3382 1153 3441 id

168 3474 275 3534 oratori
295 3470 464 3533 arbitrantur
484 3468 593 3530 duabus
614 3487 652 3529 ex
672 3470 783 3531 nausis:
809 3468 886 3548 quod
904 3483 1101 3546 nonnunquam
1122 3472 1156 3527 st
