2434 3925
171 216 233 279 282
490 225 848 289 n.rna.oumn1n1nu1
875 240 879 245 ·

130 397 249 450 loturus
267 386 353 446 estin
370 401 467 459 causa,
483 384 596 458 malum,
613 382 689 461 quod
701 391 822 442 tacetur.
856 383 953 458 Quare
968 384 1059 443 bouus
1073 383 1160 445 alter-

172 480 253 532 cator
277 471 347 529 vitio
374 469 537 528 iracundiae
568 477 680 534 careat;
713 467 806 527 nullus
838 471 912 527 enim
937 470 1040 527 rationi
1069 471 1160 546 magis

172 554 266 614 obstat
290 553 409 612 aiiectus
430 561 459 611 et
482 553 539 611 iert
561 560 643 610 extra
658 567 772 610 causam
788 559 817 609 et
836 552 1005 629 pierumque
1021 551 1160 611 deformia

172 638 301 699 conuicia
324 637 422 697 iacere
444 653 478 694 ac
498 636 603 694 mereri
625 637 703 710 cogit
720 643 749 693 et
763 636 791 692 in
807 636 886 713 ipsos
903 652 1103 712 nonnunquam
1118 638 1159 694 iu·

171 722 251 782 dices
273 721 380 779 incitat.
415 717 520 778 Melior
541 717 700 778 moderatio
724 736 760 777 ac
780 712 979 797 nonnunquam
1004 721 1089 778 etiam
1110 737 1159 797 pa·

170 807 277 865 tientia.
315 802 418 881 Neque
440 804 512 861 enim
533 803 684 862 refutanda
709 811 831 878 tanturn,
861 821 936 881 quae
957 821 994 862 ex
1016 805 1159 862 contrario

169 890 310 962 dicuutur,
326 888 378 947 scd
393 886 616 959 contemnenda,
637 886 793 959 elevanda,
815 886 933 947 ridenda
948 896 1026 955 sunt;
1043 905 1098 946 nec
1112 905 1159 946 us·

170 990 253 1050 qnam
276 970 341 1049 plns
364 970 423 1029 loci
443 971 547 1047 recipit
567 968 722 1029 urbanitas.
766 964 845 1045 Hoc,
872 971 937 1031 dum
964 972 1036 1031 ordo
1060 980 1105 1030 est
1131 981 1160 1030 et

168 1057 276 1135 pudor;
302 1063 401 1114 contra
424 1053 571 1114 turbantes
597 1054 756 1113 audendum
783 1063 813 1112 et
834 1055 1026 1132 impudentiae
1046 1054 1162 1114 fortiter

127 1139 366 1205 11resistendum.
397 1138 467 1197 Sunt
482 1140 556 1197 enim
575 1137 688 1214 quidam
702 1137 835 1215 praeduri
851 1140 878 1196 in
894 1138 951 1198 boc
967 1140 1045 1213 oris,
1060 1147 1092 1197 ut
1108 1138 1160 1198 ob·

169 1232 298 1301 strepant
312 1222 420 1297 ingenti
446 1222 573 1281 elamore
595 1230 624 1280 et
642 1222 752 1280 medios
771 1239 920 1281 sermones
935 1224 1116 1300 intercipiant
1133 1232 1161 1281 et

170 1308 262 1368 omnia
279 1304 398 1366 tumultu
423 1305 615 1380 confundant,
641 1323 714 1382 quos
735 1314 766 1364 ut
789 1322 845 1364 non
866 1307 969 1365 imitari
989 1307 1032 1366 sic
1053 1307 1162 1365 acriter

168 1390 340 1470 propulsare
358 1389 519 1466 oportebit,
549 1398 577 1448 et
594 1391 721 1466 ipsorum
741 1389 950 1467 improbitatem
970 1389 1161 1464 retundendo,

170 1484 200 1534 ot
221 1474 332 1533 iudices
353 1473 402 1532 vel
421 1475 619 1551 praesidentes
635 1475 817 1550 magistratus
838 1474 1010 1552 appellando
1025 1474 1161 1551 ireqnen·

169 1560 236 1632 tius,
255 1565 286 1616 ut
302 1556 437 1634 boquendi
453 1559 533 1616 vices
550 1565 709 1615 serventur.
740 1555 805 1615 Non
821 1566 865 1616 est
879 1576 926 1616 res
943 1559 1025 1616 animi
1038 1559 1161 1616 iacentis

169 1651 200 1702 et
219 1640 313 1700 mollis
334 1658 421 1719 supra
440 1642 554 1701 modum
573 1640 692 1714 frontis,
715 1640 847 1717 fallitque
868 1641 1055 1719 plerumque,
1083 1639 1161 1719 quod

19 1738 23 1753 ⁸
129 1725 299 1804 inprobitas
320 1734 455 1800 vocatur,
480 1742 553 1802 quae
576 1735 622 1784 est
641 1723 832 1783 imbecillitas.
851 1724 952 1784 ¹Valet
967 1734 1061 1784 autem
1078 1726 1106 1783 in
1121 1724 1160 1784 al·

169 1811 329 1870 tercatione
344 1809 494 1887 plurimum
514 1827 651 1883 acumen,
675 1808 751 1885 quod
773 1810 835 1868 sine
855 1808 941 1869 dubio
963 1827 1000 1868 ex
1021 1816 1083 1867 arte
1104 1825 1161 1868 non

130 1896 261 1961 lavenit;
284 1902 382 1952 natura
408 1894 481 1953 enim
503 1909 560 1952 non
576 1892 712 1967 docetur,
734 1901 796 1951 arte
818 1901 911 1951 tamen
932 1894 1089 1952 adiuvatur.
1129 1892 1160 1952 ln

169 1997 225 2058 qua
245 1979 431 2056 praecipuum
456 1985 516 2052 cst,
543 1996 660 2055 semper
682 1977 710 2036 id
735 1978 764 2034 in
779 1977 871 2036 oculis
887 1976 1011 2051 habere,
1037 1977 1074 2036 de
1103 1993 1160 2055 quo

169 2064 316 2141 quaeritur
335 2071 362 2121 et
384 2061 460 2139 qnod
475 2061 606 2120 volumus
627 2061 760 2125 eiicere:
786 2062 851 2138 quia
867 2063 1045 2146 propositum
1060 2069 1160 2120 tenen·

169 2156 214 2206 tes
230 2147 258 2204 in
273 2147 362 2205 rixam
384 2162 440 2204 non
461 2144 563 2204 ibimus
586 2162 642 2203 nec
665 2162 770 2203 causae
791 2144 886 2203 debita
910 2153 1040 2222 tempora
1063 2146 1161 2203 convi-

170 2230 271 2291 ciando
293 2237 475 2288 conteremus
492 2229 752 2306 gaudebimnsquc,
769 2230 793 2286 si
808 2228 865 2287 boc
883 2221 1064 2288 adversarius
1081 2227 1161 2287 iacit.

127 2324 162 2380 14
252 2311 332 2372 Omni
359 2320 489 2390 tempore
518 2313 580 2372 iere
607 2321 706 2390 parata
733 2320 798 2370 sunt
828 2313 969 2372 meditatis
996 2306 1185 2388 diiigenter,

169 2414 242 2475 qnae
267 2405 315 2456 aut
342 2414 380 2455 er
408 2396 530 2455 adverso
551 2397 607 2455 dici
628 2405 675 2455 aut
697 2395 868 2473 responderi
896 2395 1015 2454 anobis
1037 2398 1161 2472 possint.

110 2493 114 2500 ’
167 2479 374 2560 Nonnunquam
396 2488 490 2538 tamen
514 2480 591 2539 solet
611 2478 668 2539 boc
690 2496 807 2556 quoque
830 2497 897 2539 esse
913 2481 981 2539 artis
997 2497 1107 2555 genus,
1132 2488 1164 2538 ut

169 2564 308 2642 quaedam
327 2565 355 2623 in
378 2559 491 2623 actione
515 2563 691 2624 dissimulata
714 2563 808 2622 subito
831 2565 859 2622 in
880 2563 1046 2623 altercando
1062 2563 1163 2640 proie-

168 2658 280 2715 runtur;
298 2656 343 2707 est
354 2649 507 2726 inopinatis
520 2647 716 2725 eruptionibus
729 2656 776 2705 aut
786 2649 931 2706 incursion
943 2665 980 2706 ex
992 2645 1103 2705 insidiis
1119 2647 1162 2707 ia·

169 2741 234 2792 ctae
249 2732 430 2792 simillimum.
467 2730 499 2790 ld
522 2740 616 2791 autern
634 2740 691 2790 tum
706 2730 883 2806 iaciendum,
905 2749 968 2790 cum
983 2739 1027 2789 est
1043 2729 1163 2807 aliquid,

169 2818 214 2877 cui
230 2816 399 2894 responderi
416 2831 473 2874 non
489 2817 584 2874 statim
599 2816 707 2892 possit:
732 2815 858 2891 potuerit
877 2823 986 2888 autem,
1006 2815 1030 2872 si
1045 2821 1161 2892 tempus

169 2900 205 2961 ad
223 2900 429 2978 disponendum
444 2899 557 2958 inisset.
594 2897 682 2974 Nam,
702 2898 779 2976 quod
796 2897 920 2957 fideliter
935 2898 1044 2957 firmum
1061 2906 1127 2972 est,
1145 2915 1161 2956 a

168 2986 266 3062 primis
293 2985 387 3043 statim
407 2982 566 3042 actionibus
588 2986 718 3059 arripere
734 2983 870 3060 optimum
885 2991 945 3058 est,
967 2997 1024 3059 quo
1045 2983 1163 3059 saepius

127 3067 332 3146 15diutiusque
357 3068 477 3127 dicatur.
514 3065 588 3126 Illud
605 3068 654 3125 vix
672 3066 773 3125 saltem
791 3065 1022 3143 praecipiendum
1036 3064 1161 3138 videtur,

170 3170 206 3210 ne
223 3150 351 3210 turbidus
369 3160 398 3210 et
415 3151 559 3210 clamosus
575 3159 682 3210 tantum
697 3152 733 3209 sit
747 3150 911 3224 altercator,
935 3158 964 3208 et
982 3147 1083 3226 quales
1100 3148 1162 3207 iere

170 3244 245 3309 sunt,
262 3236 310 3312 qui
328 3235 438 3294 litteras
453 3237 592 3294 nesciunt.
623 3233 694 3293 Nam
710 3233 893 3311 improbitas,
910 3233 979 3293 licet
995 3231 1161 3291 adversario

170 3317 293 3378 molesta
309 3318 356 3393 sit,
372 3318 457 3377 iudici
473 3320 563 3378 invisa
579 3326 633 3377 est.
664 3316 759 3377 Nocet
776 3318 860 3375 etiam
875 3309 921 3376 diu
933 3332 1063 3393 pugnare
1074 3315 1104 3372 in
1117 3315 1161 3388 iis,

129 3409 163 3469 16
171 3420 244 3482 quae
262 3400 392 3460 obtinere
408 3418 464 3459 non
479 3403 585 3480 possis.
622 3400 709 3477 Nam,
730 3400 778 3460 ubi
796 3401 871 3459 vinni
887 3416 1012 3462 necesse
1030 3407 1091 3473 est,
1112 3414 1161 3456 ex·

170 3485 250 3568 pedit
265 3486 387 3554 cedere;
404 3486 481 3563 quia,
496 3487 558 3546 sivo
574 3485 658 3564 plura
675 3495 756 3563 sunt,
772 3484 808 3544 de
824 3483 927 3562 quibus
943 3483 1106 3562 quaeritur,
1119 3481 1162 3542 in·
