2434 3925
354 243 801 313 msuonauommauqau.
1006 215 1075 299 '101

77 400 217 484 operibus
232 401 312 463 volo.
350 400 422 462 Nam
444 402 510 481 quid
526 411 625 462 orator
644 403 671 461 in
689 402 831 463 laudando
851 403 939 465 iaciet
953 407 1007 465 uisi
1025 407 1077 467 lto·

73 498 226 549 nostorum
245 495 274 547 et
294 488 418 565 turpium
438 483 572 565 peritus?
594 488 689 546 autin
710 488 857 548 suadendo
878 491 932 549 nisi
955 491 1079 552 utilitate

73 568 255 653 perspecta?
283 573 379 630 autin
399 571 529 646 iudiciis,
554 572 578 630 si
598 572 724 631 iustitiae
746 573 783 631 sit
803 570 941 650 ignarus?
979 573 1077 649 Quid?

71 675 134 717 nou
149 656 345 715 fortitudinem
364 655 492 734 postulat
508 673 556 714 res
578 655 696 731 eadem,
721 674 784 715 cum
798 674 888 736 saepe
904 668 1003 720 contra
1019 670 1077 720 tur·

71 740 210 801 buleutas
226 739 326 817 populi
346 742 452 816 minas,
475 758 565 817 saepe
589 758 653 799 cum
670 741 835 818 periculosa
857 746 1015 820 potentium
1034 744 1076 804 oi-

70 825 176 900 leusa,
199 840 414 901 nonnunquam,
437 834 467 883 ut
485 823 591 884 iudicio
611 822 784 900 Miloniano,
807 826 882 885 inter
904 828 1077 889 circumfusa

71 910 195 970 militum
210 924 287 966 arma
303 907 453 968 dicendum
469 910 520 976 sit;
538 918 585 982 ut,
601 909 626 966 si
641 910 730 968 virtus
745 926 802 968 nou
817 919 877 987 est,
893 930 930 970 ne
944 911 1076 989 perlecta

72 993 192 1073 quidem
207 1009 275 1051 esse
290 995 383 1070 possit
398 994 501 1052 oratio.
541 990 653 1065 Quodsi
674 1010 709 1052 ea
730 994 757 1052 in
777 1011 893 1074 quoque
914 996 1101 1058 animaliom9

72 1087 121 1140 est
136 1080 243 1152 virtus,
268 1094 323 1155 qua
337 1085 467 1155 praestat
484 1086 582 1136 cetera
597 1076 646 1136 vel
661 1077 819 1155 pleraque,
834 1081 908 1138 utin
924 1080 1010 1140 leone
1026 1081 1076 1139 im·
1162 1074 1167 1082 ’

72 1170 178 1241 petus,
200 1163 229 1220 iu
244 1177 320 1238 equo
339 1161 497 1228 velocitas;
516 1160 659 1220 hominem
675 1179 763 1238 porro
778 1166 891 1223 ratione
909 1173 995 1243 atque
1012 1182 1076 1223 ora·

71 1248 155 1306 tione
172 1244 322 1305 excellere
338 1247 444 1305 ceteris
457 1255 568 1304 certum
582 1254 643 1304 est:
660 1264 711 1305 cur
726 1264 783 1306 non
797 1256 854 1308 tam
869 1249 1077 1326 ineloquentia

74 1347 162 1409 quam
183 1331 212 1389 in
226 1331 338 1388 ratione
352 1331 486 1388 virtutem
502 1330 564 1388 eius
575 1347 653 1388 =esse
671 1331 836 1400 credamus;
860 1342 1000 1411 recteque
1019 1333 1076 1393 hoc

72 1414 151 1492 apud
171 1411 342 1473 Ciceronem
364 1413 469 1472 dixerit
488 1410 627 1473 Crassus:
649 1411 706 1476 Est
723 1418 802 1475 enim
820 1418 992 1495 eloquentia
1012 1436 1075 1478 uua

72 1499 229 1577 quaedam
242 1499 282 1559 de
293 1499 418 1559 ammte
429 1499 609 1574 virtutibus,
631 1500 739 1577 etipse
758 1498 863 1560 Cicero
880 1519 931 1561 sua
947 1519 1073 1580 persona
1083 1512 1118 1564 10

73 1600 140 1643 cum
155 1582 191 1641 ad
203 1580 319 1641 Brutum
333 1584 362 1642 in
373 1581 505 1660 epistolis
521 1591 578 1641 tum
593 1582 658 1642 aliis
675 1585 760 1643 etiam
774 1585 848 1644 locis
863 1587 996 1645 uirtutem
1013 1604 1075 1646 eam
1107 1593 1113 1609 ‘

71 1662 228 1745 appellet?
272 1665 311 1725 Αι
334 1668 513 1754 prooemium
538 1666 692 1744 aliquando
719 1685 754 1727 ac
779 1671 972 1729 narrationem
998 1670 1075 1729 dicet

70 1750 166 1810 malus
180 1750 266 1810 homo
282 1759 312 1809 et
325 1759 502 1827 argumenta,
519 1751 562 1809 sic
577 1759 607 1809 ιιι
622 1750 691 1810 nihil
706 1753 743 1809 sit
758 1752 786 1810 in
802 1752 845 1811 his
861 1754 1073 1831 requirendum.

70 1834 145 1897 Nam
166 1844 195 1894 et
215 1834 290 1895 latro
312 1834 451 1913 pugnabit
472 1836 595 1909 acriter,
619 1836 709 1893 virtus
730 1844 825 1894 tamen
845 1839 899 1896 erit
918 1837 1073 1905 lortitudo;

69 1928 103 1982 ct
117 1928 261 1987 tormenta
276 1920 338 1979 sine
354 1920 461 1998 gemitu
477 1917 554 1978 leret
569 1918 660 1978 malus
676 1936 794 1996 servus,
810 1920 964 1981 tolerantia
979 1931 1074 1981 tameo

70 2004 185 2066 doloris
201 2003 285 2064 laude
301 2021 353 2063 sua
369 2021 427 2063 non
441 2002 561 2063 carebit.
597 2002 686 2063 lllulta
707 2002 776 2062 liunt
791 2006 891 2065 eadem
909 2006 961 2065 sed
977 2006 1071 2065 aliter.

70 2089 224 2149 Sufficiant
238 2089 326 2165 igitur
340 2088 432 2164 haec,
457 2089 523 2166 quia
539 2086 576 2147 de
591 2087 714 2147 utilitate
733 2106 821 2167 supra
836 2091 1029 2150 tractavimus.

391 2239 478 2300 oona
497 2241 648 2290 unuauun
665 2240 753 2292 uiue.
798 2214 805 2225 ⁸

156 2337 235 2400 xxl.
262 2336 410 2398 Materiam
424 2339 586 2399 rhetorices
602 2340 716 2418 quidam
732 2341 865 2400 dixerunt
878 2358 946 2402 esse
962 2345 1073 2404 oratio·

68 2444 158 2498 uem,
175 2440 230 2501 qua
244 2424 272 2482 in
286 2425 429 2491 sententia
443 2427 559 2502 ponitur
573 2425 648 2502 apud
661 2424 812 2484 Platonem
829 2424 963 2502 Gorgias.
992 2426 1074 2500 Quae

71 2512 95 2570 si
110 2510 151 2569 ita
171 2509 329 2586 accipitur,
353 2517 383 2566 ut
400 2525 495 2567 sermo
512 2526 682 2586 quacunque
699 2509 735 2568 de
750 2528 783 2568 re
802 2513 980 2586 compositus
997 2510 1073 2570 diea-

71 2601 117 2654 tur
143 2593 254 2667 oratio,
277 2608 335 2650 non
355 2594 473 2653 materia
501 2593 552 2652 setl
576 2610 650 2670 opus
676 2602 736 2669 est,
759 2602 789 2652 ut
810 2596 938 2653 statuarii
963 2603 1071 2661 statua;

72 2696 135 2738 nam
148 2684 179 2735 et
194 2677 287 2735 oratio
303 2675 427 2735 eflicitur
442 2688 504 2737 arte
520 2679 594 2736 sicut
608 2686 711 2736 statua.
742 2678 792 2736 Sin
806 2678 860 2737 hac
875 2678 1072 2756 appellatione

73 2760 164 2821 uerba
183 2761 246 2838 ipsa
266 2760 422 2838 significari
443 2770 591 2839 putamus,
617 2760 685 2820 nihil
707 2761 780 2821 haec
805 2763 867 2820 sine
889 2780 984 2821 rerum
1005 2762 1072 2821 sub·

70 2846 176 2905 stantia
196 2843 312 2903 iaciunt.
348 2842 469 2917 Quidam
491 2854 672 2924 arqumeutc
690 2846 910 2922 persuasibilia
916 2869 930 2913 ,·
951 2863 1025 2923 quae
1045 2856 1097 2916 eta

69 2931 136 3008 ipsa
152 2929 180 2987 in
195 2937 278 3006 parte
294 2937 359 2987 sunt
374 2931 472 3006 operis
489 2939 517 2989 et
534 2939 594 2989 arte
613 2928 682 2988 liunt
699 2938 727 2988 et
741 2931 859 2989 materia
875 2938 973 3006 egent.
1003 2929 1071 3004 Qui·

69 3013 137 3075 dam
158 3013 262 3074 civiles
282 3021 491 3091 quocettoaooa
517 3031 637 3092 quorum
664 3015 762 3091 opinio
783 3019 840 3072 non
860 3014 998 3091 qualitate
1019 3016 1072 3075 sed

67 3097 159 3158 modo
175 3100 291 3173 erravit,
309 3106 354 3156 est
369 3098 443 3157 enim
458 3098 531 3158 haec
545 3099 665 3157 materia
678 3097 840 3157 rhetorices
855 3097 907 3157 sed
923 3115 980 3157 non
996 3098 1070 3159 sola.

69 3180 205 3256 Quidam,
222 3183 287 3259 quia
303 3182 393 3240 virtus
409 3183 446 3240 sit
460 3183 619 3257 rhetorice,
633 3184 779 3251 materiam
795 3183 857 3240 cius
874 3185 1097 3252 intumultuose

66 3273 188 3325 vocant.
225 3264 301 3341 Alii,
327 3267 392 3343 quia
419 3283 478 3326 non
506 3267 630 3325 omnium
649 3267 784 3324 virtutum
810 3268 930 3326 materia
952 3269 990 3326 sit
1011 3277 1071 3326 tota

66 3351 130 3410 vita
145 3346 199 3409 sed
212 3348 372 3427 pleraeque
386 3358 651 3411 earumversentur
667 3351 694 3407 in
709 3349 849 3426 partibus,
865 3352 939 3410 siout
954 3352 1070 3425 iustitia,

67 3433 228 3507 fortitudo,
251 3434 424 3493 continentia
447 3435 573 3512 propriis
594 3433 699 3492 ollioiis
715 3442 744 3492 et
761 3451 814 3493 suo
836 3434 892 3493 line
907 3434 1070 3510 intelligun-

68 3526 134 3578 tur:
165 3516 332 3578 rhetoricen
354 3534 471 3596 quoque
492 3518 589 3578 dicunt
608 3519 638 3576 in
655 3535 711 3577 una
736 3518 832 3597 aliqua
854 3528 937 3596 parte
961 3534 1070 3595 ponen-
