2434 3925
95 261 98 266 -
157 216 217 282 158
301 244 303 247 ·
470 233 598 282 usus.
614 234 835 294 cornutorum

153 387 368 467 Euripides,
395 404 516 466 quorum
542 389 570 447 in
592 387 700 468 dispari
719 389 833 449 dicendi
849 389 896 449 via
916 397 981 450 uter
1001 391 1040 450 sit
1066 400 1167 469 poeta
1206 406 1207 409 ’

151 472 271 547 melior,
293 473 368 531 inter
383 471 520 550 plurimos
536 475 692 550 quaeritur.
727 472 818 552 ldque
835 490 892 549 ego
910 492 996 549 saue,
1017 478 1165 552 quoniam

152 555 188 616 ad
206 564 388 634 praesentem
400 557 547 616 materiam
561 555 631 616 nihil
646 558 787 635 pertinet,
809 558 991 618 iniudicatum
1005 557 1161 637 relinquo.

64 640 66 643 ’
153 638 227 700 lllud
241 638 356 718 quidem
369 657 454 699 uemo
470 657 527 698 uon
543 640 668 699 fateatur
686 658 811 700 necesse
834 650 895 714 est,
913 642 964 715 iis,
989 643 1039 718 qui
1064 661 1102 701 se
1127 642 1161 702 ad

112 722 294 800 oeagendum
311 732 494 801 comparant,
515 722 660 783 utiliorem
676 725 764 800 longe
787 725 852 783 iore
868 723 1037 802 Euripiden.
1070 725 1158 785 Nam-

152 825 208 885 que
224 809 248 866 is
266 815 295 866 et
309 823 443 866 sermone
456 807 550 885 (quod
561 809 654 885 ipsum
664 807 889 885 reprehendunt,
908 807 1010 885 quibus
1022 812 1158 886 gravitas

152 899 181 950 et
196 890 351 951 cothurnus
367 900 397 950 et
411 908 500 950 sonus
515 891 672 969 Sophoclis
687 890 800 951 videtur
816 909 884 950 esse
902 891 1074 972 sublimior)
1099 911 1156 952 ms·

151 975 197 1051 gis
213 974 325 1035 accedit
341 977 468 1034 oratorio
480 976 582 1050 generi
594 984 624 1034 et
635 977 784 1035 sententiis
800 975 906 1035 densus
927 985 956 1034 et
972 978 1061 1052 iniis,
1079 995 1156 1056 quae

151 1076 167 1117 a
188 1057 365 1136 sapientibus
380 1058 482 1118 tradita
497 1067 572 1135 sunt,
588 1077 682 1138 paene
697 1061 768 1137 ipsis
780 1076 848 1137 par,
872 1068 901 1118 et
916 1058 1039 1119 dicendo
1057 1080 1096 1120 ac
1113 1079 1156 1119 rc

151 1141 321 1220 spondendo
340 1142 458 1202 cuilibet
471 1160 586 1218 eorum,
607 1144 656 1221 qui
680 1143 793 1203 luerunt
810 1144 839 1201 in
852 1141 918 1202 ioro
935 1144 1053 1218 diserti,
1078 1162 1155 1204 com·

151 1225 310 1303 parandus;
335 1226 363 1284 in
383 1226 534 1286 affectibus
556 1244 627 1285 vero
652 1245 716 1286 cum
737 1226 867 1285 omnibus
886 1228 973 1285 mirus
989 1237 1050 1286 tum
1065 1230 1096 1286 in
1112 1231 1155 1303 iis,

19 1336 21 1351 ‹
110 1311 199 1387 69qui
218 1311 402 1369 miseratione
425 1319 573 1385 constant,
598 1310 686 1370 facile
707 1311 891 1389 praecipuus.
934 1309 972 1369 Et
997 1310 1154 1371 admiratus

151 1394 273 1453 maxime
289 1402 344 1467 est,
360 1403 391 1453 ut
406 1410 496 1472 saepe
513 1402 650 1470 testatur,
667 1403 696 1453 et
714 1413 778 1453 eum
793 1403 927 1468 secutus,
946 1412 1114 1472 quanquam
1130 1399 1155 1455 in

152 1494 243 1554 opere
255 1476 381 1553 diverso,
393 1475 608 1553 Menander,
623 1480 670 1556 qui
682 1478 730 1538 vel
742 1496 823 1554 unus,
832 1495 898 1537 meo
910 1478 1024 1556 quidem
1034 1480 1154 1555 iudicio,

152 1560 306 1637 diligenter
316 1560 409 1621 lectus
422 1561 458 1622 ad
470 1571 583 1637 cuncta,
595 1580 669 1640 quae
685 1563 888 1641 praecipimus,
905 1561 1060 1636 eiiicieuda
1076 1564 1153 1623 suili·

152 1645 222 1713 ciat;
244 1646 283 1704 ita
298 1661 410 1703 omnem
432 1647 510 1705 vitae
525 1647 676 1722 imaginem
692 1648 854 1724 expressit,
876 1654 953 1705 tanta
974 1648 1003 1705 in
1021 1663 1059 1705 eo
1076 1649 1153 1707 iuve-

151 1728 246 1788 uiendi
269 1730 353 1807 eopia
375 1738 404 1791 et
424 1730 581 1808 eloquendi
604 1729 744 1806 facultas,
771 1732 810 1789 ita
834 1738 878 1789 est
901 1730 1031 1789 omnibus
1053 1731 1152 1807 rebus,

109 1814 296 1891 tcpcrsonis,
312 1812 463 1873 affectibus
478 1813 720 1874 accommodatus.
757 1811 820 1872 Nec
835 1812 903 1872 nihil
921 1814 1058 1892 prolecto
1075 1817 1151 1877 vide·

150 1905 225 1973 runt,
243 1898 291 1976 qui
303 1899 460 1973 orationes,
477 1915 551 1977 quae
563 1894 684 1957 Charisii
696 1900 809 1957 nomine
825 1898 956 1973 eduntur,
969 1916 985 1956 o
996 1897 1152 1959 Menandro

151 1984 276 2060 scriptas
292 1991 400 2059 putant.
428 1983 486 2042 Sed
497 1983 563 2041 milri
576 1981 663 2058 longe
678 1983 769 2059 magis
783 1991 880 2042 orator
891 1982 1008 2060 probari
1020 1985 1049 2042 iu
1063 2002 1151 2062 opere

152 2066 344 2141 succidetur,
360 2068 414 2125 nisi
425 2066 501 2126 lorte
512 2076 560 2125 aut
571 2066 620 2125 illa
631 2066 706 2125 mola
717 2066 831 2141 iudicia,
848 2083 922 2143 quae
933 2065 1149 2145 Epitrepontes,

151 2148 324 2226 Epicleros,
346 2149 459 2210 Locroe
478 2150 598 2225 babent,
627 2159 675 2225 aqt
696 2150 895 2209 meditationes
918 2152 946 2208 iu
966 2149 1149 2229 Psophodee,
1206 2185 1207 2188 κ

152 2231 343 2309 Nomotbete,
370 2233 607 2312 Hypobolimaeo·
628 2249 685 2293 non
717 2233 847 2293 omnibus
871 2235 1005 2293 oratoriis
1027 2237 1149 2295 numeris

113 2328 146 2384 71
154 2325 218 2375 sunt
233 2316 394 2377 absolutae.
434 2317 499 2396 Ego
519 2327 613 2378 tamen
635 2318 700 2395 plus
722 2317 815 2377 adhuc
831 2318 963 2395 quiddam
980 2318 1149 2379 collaturum
1205 2311 1207 2318 ⁴

153 2417 218 2458 eum
233 2400 473 2462 declamatoribus
486 2411 566 2481 puto,
585 2404 718 2479 quoniam
733 2401 776 2460 his
792 2419 915 2473 necesse
932 2409 978 2460 est
994 2403 1149 2462 secundum

153 2483 353 2544 condicionem
365 2487 626 2545 controversiarum
637 2486 735 2564 plures
747 2485 844 2544 subire
859 2502 1012 2563 personas,
1028 2495 1147 2565 patrum,

151 2567 284 2642 liliorum,
296 2568 423 2644 militum,
435 2571 617 2645 rusticorum,
635 2570 761 2643 divitum,
774 2587 941 2647 pauperum,
957 2570 1147 2644 irascentium,

152 2651 378 2730 deprecantium,
394 2655 511 2728 mitium,
530 2670 708 2731 asperorum.
753 2651 785 2711 ln
805 2651 909 2731 quibus
931 2652 1062 2713 omuibus
1082 2656 1147 2712 miro

111 2749 144 2804 72
152 2736 311 2796 custoditur
328 2736 363 2796 ab
379 2736 436 2796 hoc
457 2746 544 2815 poeta
567 2737 666 2797 decor.
709 2737 805 2814 Atque
826 2737 877 2796 ille
892 2737 1006 2813 quidem
1022 2737 1146 2796 omnibns

153 2820 280 2881 eiusdem
298 2822 396 2899 operis
414 2820 579 2880 auctoribus
596 2820 713 2881 abstulit
727 2838 831 2880 nornen
847 2829 876 2879 ct
894 2819 1011 2897 fulgore
1028 2822 1145 2899 quodam

152 2922 223 2964 suae
244 2904 382 2965 claritatis
401 2904 535 2964 tenebras
552 2904 680 2965 obduxit.
714 2903 821 2964 'lamen
835 2904 941 2964 babent
963 2905 1012 2963 alii
1036 2921 1145 2982 quoque

153 2985 277 3063 Comici,
300 2990 325 3047 si
345 3008 409 3050 cum
422 2992 506 3049 venia
521 2988 665 3065 leguntur,
683 2989 823 3067 quaedam
839 3006 913 3066 quae
931 2989 1027 3066 possis
1051 2989 1144 3048 decer·
1204 3015 1207 3025 ·

153 3088 240 3147 pere;
265 3080 295 3132 et
312 3075 469 3150 praecipue
488 3072 696 3148 Philemon,
719 3073 767 3150 qui
786 3081 817 3132 ut
839 3072 936 3149 pravis
952 3073 996 3131 sui
1012 3072 1143 3150 temporis
1206 3101 1207 3108 κ

153 3154 264 3214 iudiciis
285 3153 441 3216 blenandro
464 3174 553 3235 saepe
575 3156 723 3235 praelatus
744 3165 804 3216 est:
828 3158 868 3215 ita
891 3171 1036 3215 consensu
1058 3165 1143 3216 tamen

154 3239 276 3297 omnium
292 3242 396 3299 meruit
412 3240 491 3300 credi
505 3240 659 3302 secundus.
1176 3249 1179 3256 '
1204 3247 1207 3257 '

111 3327 147 3388 73
236 3321 435 3382 llistoriam
449 3323 530 3383 multi
545 3325 694 3401 scripsere
711 3323 882 3402 praeclare,
904 3323 956 3383 sed
971 3340 1055 3383 nemo
1071 3322 1142 3382 dubi·

154 3414 196 3465 tat
209 3405 298 3482 longe
314 3405 388 3465 duos·
411 3408 517 3466 ceteris
532 3407 760 3486 praeferendos,
782 3423 904 3484 quorum
925 3407 1040 3466 diversa
1061 3409 1140 3465 uirtus
1206 3405 1207 3420 ¹

153 3489 267 3551 laudem
283 3506 377 3570 paene
398 3499 444 3549 est
465 3508 563 3567 parem
590 3500 758 3551 consecuta.
806 3490 922 3550 Densus
942 3499 971 3550 et
999 3489 1095 3549 brevis
1115 3498 1141 3548 et

1200 3615 1207 3654 l
