2434 3925
167 171 229 234 226
483 180 851 244 mussoumumam

111 340 238 415 megit.
269 335 378 399 Eadem
392 347 486 397 motus
502 354 617 416 quoque
633 336 799 398 oisemoo
815 345 871 397 cst.
895 336 1000 415 ltaque
1017 341 1049 397 in
1069 338 1189 399 fabum

165 425 310 498 iuvenum,
324 440 434 496 senum,
450 422 580 496 militum,
595 431 786 481 matronarum
800 422 919 498 gravior
933 422 1107 498 ingressus
1126 432 1187 487 cst:

167 508 262 580 servi,
277 506 417 582 ancillae,
433 507 566 584 parasiti,
583 507 746 583 piscatores
763 506 877 565 citatius
892 515 1063 566 moventur.
1107 506 1186 566 Toii

166 599 262 650 autem
280 608 393 650 manum
412 589 539 649 artifices
563 605 653 666 snpra
679 588 800 664 oculos,
827 589 937 648 demitti
958 589 1039 649 infra
1066 598 1183 668 pectus

166 683 280 742 vetaut;
300 674 374 734 adeo
390 692 407 733 a
423 675 518 751 capite
534 690 598 732 eam
617 680 720 751 petere
741 672 841 732 autad
862 674 947 731 imum
963 682 1117 733 ventrem
1135 673 1181 733 tc

109 759 290 833 lloducere,
312 760 446 817 vitiosum
462 756 593 816 habetur.
627 755 660 816 In
676 756 821 815 sinistrum
836 757 910 815 intra
925 755 1089 816 humerum
1114 774 1180 836 pro

165 851 311 910 moretum
340 842 415 901 ultra
436 858 494 900 uou
515 840 612 900 decet.
643 840 702 900 Sed
724 858 788 899 cum
805 849 974 899 aversantes
997 842 1029 899 in
1054 842 1180 901 laem

165 935 278 1006 partem
298 926 379 986 velut
399 924 597 1003 propellemus
615 941 742 983 manum:
768 925 885 983 sinister
904 923 1045 984 humerus
1071 925 1180 1004 profe

110 1010 284 1086 lldrcndus,
300 1018 331 1069 ut
346 1027 410 1070 cum
425 1009 521 1087 capite
535 1007 572 1067 ad
587 1007 719 1066 dextram
732 1005 847 1066 ferente
862 1009 1037 1067 consentiat.
1069 1007 1180 1068 lanus

166 1095 281 1154 sinistra
305 1110 448 1171 nunquam
467 1092 532 1152 sola
551 1101 667 1168 gestum
688 1100 771 1150 recte
795 1091 881 1160 iacit3
908 1091 1032 1150 dextrae
1054 1111 1100 1152 sc
1121 1094 1180 1152 ire

168 1186 291 1257 quanter
310 1175 526 1252 accommodat,
549 1176 664 1235 sivein
683 1175 790 1252 digitos
814 1184 982 1253 argumenta
1006 1175 1180 1253 digerimus

167 1264 229 1322 sive
251 1263 364 1322 aversis
385 1262 414 1320 iu
433 1262 578 1319 sinistrum
598 1259 702 1338 palmis
722 1258 917 1319 abominamur
932 1261 996 1319 sire
1011 1260 1180 1320 obiicimus

109 1347 305 1417 115adversas
328 1346 392 1405 sire
414 1346 443 1404 in
467 1344 542 1403 latus
562 1352 713 1421 utramque
728 1343 931 1418 distendimus,
962 1343 1029 1403 sive
1049 1344 1178 1404 satisfa-

167 1432 277 1490 cientes
292 1437 341 1489 aut
354 1428 553 1507 supplicantes
577 1426 700 1505 (diversi
722 1435 817 1486 autern
831 1435 896 1486 suut
909 1426 940 1486 hi
952 1430 1080 1507 gestus)
1099 1446 1177 1486 snm·

166 1515 300 1572 mittimus
311 1514 373 1572 sive
391 1512 546 1573 adorantes
560 1510 717 1571 attollimus
731 1510 794 1569 sivo
811 1509 906 1589 aliqua
917 1510 1177 1572 demonstratione

167 1607 214 1658 aot
228 1597 411 1659 invocatione
426 1594 640 1675 protendimus:
665 1593 724 1657 Vos
737 1591 970 1656 locosancto·
982 1603 1084 1673 utque
1099 1598 1175 1669 lasci,

166 1690 214 1740 aut
229 1680 425 1741 Gracchanum
440 1680 525 1741 illud:
549 1677 616 1753 Quo
625 1698 673 1740 me
686 1680 781 1739 neser
791 1679 974 1757 conferam?
995 1680 1031 1739 in
1044 1677 1174 1758 Cupito

109 1768 248 1842 llolium,
265 1768 310 1828 od
321 1766 433 1845 fratris
446 1766 635 1843 suspicimus,
649 1782 693 1823 aar
708 1764 849 1824 domama
866 1761 935 1822 Plus
950 1764 1027 1822 enirn
1042 1763 1173 1823 affectus
1200 1828 1201 1835 χ

166 1852 195 1909 iu
216 1850 261 1910 his
288 1851 402 1910 iunctae
429 1847 567 1908 exhibent
590 1865 705 1915 mauus;
731 1849 759 1905 in
776 1846 864 1905 rebus
881 1849 995 1925 parvis,
1023 1847 1171 1919 tristibus,
1200 1838 1201 1853 ¹

165 1934 280 1996 mitibus
296 1934 418 2002 breves;
437 1934 564 2010 magnis,
580 1930 682 2007 lactis,
698 1928 846 1990 atrocibus
861 1931 1039 1991 exertiores.

248 2018 344 2079 vitia
356 2035 471 2097 quoque
483 2034 582 2076 earum
592 2015 771 2075 subiicienda
781 2023 856 2090 suut,
872 2032 947 2093 quae
958 2015 1082 2093 quidem
1094 2017 1170 2076 acci

107 2114 157 2170 lli
166 2104 236 2164 dere
252 2104 337 2163 etiam
350 2102 517 2162 exercitatis
528 2098 674 2160 actoribus
688 2100 792 2158 solent.
814 2097 885 2158 Nam
900 2106 1014 2175 gestum
1028 2100 1171 2177 poculum

165 2187 315 2265 poscentis
341 2195 390 2247 aut
407 2185 533 2244 verbera
552 2184 684 2242 minantis
706 2192 754 2243 aut
774 2200 922 2241 numemm
941 2182 1169 2260 quingentorum

166 2271 244 2331 dexo
260 2269 370 2348 pollice
386 2270 556 2344 efficientis,
579 2285 655 2346 quae
672 2274 736 2325 sunt
750 2284 767 2326 a
782 2265 951 2344 quibusdam
969 2267 1169 2345 scriptorihus

108 2359 278 2429 ltonotata,
300 2373 337 2414 ne
356 2355 385 2413 iu
399 2353 514 2413 rusticis
533 2352 649 2431 quidem
666 2350 734 2409 vidi.
765 2349 806 2409 Αι
819 2358 850 2409 ut
865 2349 985 2409 brachio
1001 2360 1111 2410 exerto
1127 2352 1167 2409 in·

165 2439 350 2516 trospiciatur
367 2437 457 2512 latus,
480 2446 509 2496 ιιι
526 2454 640 2495 mauum
656 2433 729 2494 alius
751 2433 825 2493 ultra
846 2434 935 2492 sinum
950 2432 1091 2511 proicrre
1110 2451 1167 2492 non

165 2522 270 2582 audeat
284 2522 374 2595 alius,
399 2522 429 2581 in
450 2529 583 2599 quantum
604 2527 684 2598 patet
699 2517 864 2594 longitudo,
886 2517 1043 2596 protendat
1066 2518 1165 2578 autad

165 2615 271 2666 tectum
287 2605 380 2682 erigat
394 2613 442 2665 aut
457 2605 582 2682 repetito
602 2602 676 2662 ultra
691 2601 805 2661 laevum
818 2601 965 2661 humemm
980 2610 1068 2677 gesto
1085 2604 1124 2662 ita
1140 2604 1165 2660 in

164 2699 278 2767 tergum
292 2688 435 2766 flagellet,
454 2696 484 2746 ιιι
498 2688 659 2746 consistere
673 2694 741 2763 post
754 2703 820 2744 eum
833 2702 932 2763 parum
946 2693 1037 2744 tutum
1050 2685 1103 2761 sit,
1119 2695 1166 2746 aut
1199 2725 1200 2742 ι

166 2775 309 2834 sinistmm
333 2774 419 2833 ducat
440 2769 542 2831 orbem
557 2779 604 2831 aut
625 2779 736 2829 temere
756 2786 857 2846 sparsa
871 2786 955 2827 mauu
970 2769 999 2826 in
1013 2771 1164 2846 proximos
1199 2809 1200 2828 ι

166 2858 293 2918 offendat
316 2867 364 2918 aut
390 2856 514 2916 cubitum
538 2864 688 2932 utrumque
713 2855 742 2912 iu
762 2852 907 2914 diversum
932 2851 1006 2911 latus
1030 2854 1161 2928 renidet,
1199 2869 1200 2934 j

109 2945 255 3020 llisaepe
274 2942 336 3002 scio
351 2942 480 3001 evenire.
511 2937 594 3000 Solet
609 2955 676 2997 esse
692 2946 722 2996 et
737 2937 819 3014 pigra
834 2944 865 2995 et
877 2934 990 3013 trepida
1004 2943 1036 2994 et
1051 2939 1161 2997 secanti

167 3025 281 3096 similis;
315 3027 399 3087 etiam
426 3025 507 3084 uncis
531 3023 644 3099 digitis,
670 3031 700 3081 ut
724 3029 771 3079 aut
796 3018 892 3097 capite
920 3018 1090 3095 deiiciatur,
1116 3031 1160 3080 aut

167 3108 268 3168 eadem
283 3128 366 3169 manu
383 3111 512 3187 supinata
529 3109 559 3165 in
572 3105 722 3184 superiora
738 3105 868 3162 iactetur.
899 3100 944 3161 Fit
964 3110 995 3161 et
1012 3102 1064 3161 itte
1080 3103 1158 3164 habi

166 3200 226 3264 tus,
245 3195 293 3270 qui
308 3211 375 3253 esso
391 3194 420 3252 in
434 3193 534 3252 statuis
547 3189 716 3269 pacificator
731 3186 825 3262 solet,
841 3187 900 3264 qui,
916 3185 1052 3245 inclinato
1066 3187 1098 3246 in
1112 3189 1158 3248 hu-

165 3292 274 3334 merum
293 3275 424 3335 dextrum
446 3277 556 3353 capite,
579 3273 699 3355 brachio
715 3270 751 3331 ah
773 3288 842 3329 aure
867 3277 1023 3347 protenso,
1049 3287 1157 3331 manum

165 3357 271 3418 iuiesto
289 3359 398 3437 pollice
418 3358 561 3426 extendit3
585 3356 763 3435 quiquidem
776 3354 899 3413 maxime
914 3351 1012 3430 placet
1035 3352 1089 3428 iis,
1112 3356 1157 3434 qui

108 3450 197 3502 taose
215 3442 315 3502 dicere
330 3441 443 3503 sublata
456 3460 540 3501 manu
555 3443 670 3502 iactant.
707 3437 836 3497 Adiicias
850 3437 919 3496 licet
933 3452 1003 3511 eos,
1028 3438 1078 3514 qui
1095 3456 1156 3498 seu·
