2434 3925
381 196 471 248 nisu,
483 197 633 247 cassos.
643 198 712 247 us.
723 198 755 263 v,
768 198 812 252 11.
1028 186 1090 248 227

78 353 146 434 qui
161 371 209 414 me
224 351 414 414 celredum
429 354 577 432 coepisset
589 354 700 427 omnis,
718 352 861 415 bobemm
876 357 1045 427 ocboaems
1064 359 1092 420 a·

92 439 146 517 pari
158 438 287 499 introire
301 436 520 515 prohibuisset,
540 454 602 498 ooo
618 436 784 499 baberent?
813 436 970 499 Dissimilia
984 443 1027 500 sic
1041 441 1090 501 de·

90 520 323 601 praebendantur,
344 517 430 596 Nost,
449 521 493 594 si,
510 522 563 599 poi
573 527 734 598 soperclum
743 524 969 600 ornoetepocit‚
991 526 1093 587 sideri

88 613 189 685 potest
207 606 360 684 εἰφπαὶαηι
382 619 501 682 quoque
519 606 683 684 pecualem
704 607 881 682 reliquisse:
902 609 973 669 ideo
988 611 1090 686 edom,

91 691 175 768 qood
189 698 234 749 eat
247 690 280 749 in
293 689 482 764 nominibus,
504 690 578 750 dori
590 690 723 750 voluisse
737 690 896 750 creditur.-

93 784 95 788 ·
173 763 397 851 Ἀναλογίαν
418 773 531 849 quidam
552 789 568 832 a
589 772 674 832 simili
699 781 925 851 separaverunt,
953 792 1007 834 nos
1029 786 1133 842 eamel

1 854 2 897 ἓ
88 856 251 917 subiectam
271 855 337 915 huic
357 857 462 931 generi
482 866 625 934 putamus.
674 855 762 932 Nam,
785 865 815 915 ut
836 874 921 916 unum
937 858 972 918 ad
988 860 1092 919 decem

88 944 131 1001 ita
147 940 250 1000 decern
265 940 301 999 ad
317 948 446 1014 centum,
467 941 561 1000 simile
577 949 660 999 certe
675 949 734 1008 est;
758 948 804 1015 et,
821 949 852 998 nt
866 940 958 1000 bostis
974 945 1017 1000 sic
1031 960 1090 1002 ma·

89 1025 137 1084 lus
153 1024 235 1083 civis.
266 1022 435 1100 Quanquam
449 1024 523 1083 haec
537 1023 658 1084 ulterius
671 1040 787 1102 quoque
802 1025 966 1102 procedere
978 1027 1089 1086 solent:

1 1106 2 1171 l
89 1110 120 1168 ai
138 1109 237 1186 turpis
257 1108 398 1169 dominae
419 1109 603 1169 consuetudo
624 1126 693 1168 cum
717 1126 822 1183 seron,
848 1111 948 1187 turpis
973 1111 1091 1171 donico

91 1210 162 1253 oum
175 1193 290 1253 anciila
295 1213 310 1259 ,·
330 1192 359 1251 ci
374 1193 463 1251 mods
479 1192 666 1253 animalibus
679 1192 749 1269 finis
762 1194 917 1271 octuplos,
939 1194 1020 1255 idem
1037 1195 1090 1256 bo-

1 1348 2 1353 *
89 1278 174 1337 ml.
220 1272 272 1334 Cui
293 1275 337 1333 rei
359 1273 496 1335 facillime
516 1277 644 1335 occurrit
659 1293 697 1334 ex
712 1276 896 1336 dissimilibus
911 1287 1132 1353 argumenta-35

90 1363 149 1420 tio:
171 1355 238 1420 Non
253 1359 335 1419 idem
354 1365 399 1419 est
421 1360 572 1422 domium
587 1379 657 1421 cum
670 1362 785 1422 occido
802 1362 915 1437 coisse,
939 1364 1021 1439 quod
1036 1363 1091 1424 do-

91 1446 204 1505 osioom
218 1461 287 1504 com
299 1461 411 1511 seroo,·
439 1462 515 1519 nec,
536 1445 565 1504 ai
578 1445 669 1504 motis
687 1443 759 1521 linis
771 1445 928 1523 oolacptos,
952 1448 1090 1507 rationo-

92 1529 172 1595 iibes
193 1543 332 1605 quoqoe‚·
360 1527 531 1604 quinimmo
552 1544 590 1587 ex
613 1529 774 1587 contrario:
803 1526 884 1601 Ouio
908 1531 999 1591 matis
1020 1531 1092 1592 ideo

74 1631 154 1673 ‘ooo
172 1612 384 1672 rationalibus.

177 1693 369 1755 Adhibebitnr
399 1695 581 1754 extrinsecus
611 1696 639 1753 in
670 1712 785 1754 causam
811 1703 840 1754 et
869 1699 1015 1756 auctori
1023 1707 1088 1757 tas.
1098 1706 1133 1762 36

39 1826 43 1837 .
92 1778 174 1839 llaec
189 1780 282 1838 secuti
299 1777 444 1853 Graecos,
465 1776 599 1856 aquibus
618 1777 726 1857 κρίσεις
740 1779 886 1852 dicuntur,
907 1782 1026 1841 iudicio
1043 1789 1092 1840 aut

91 1865 296 1945 iudicationes
310 1871 432 1937 vocant,
451 1878 509 1921 non
528 1860 683 1939 dequibus
700 1879 737 1921 ex
755 1880 841 1921 causa
857 1862 931 1922 dicta
950 1865 1090 1923 sententia

93 1956 155 2023 est,
177 1946 258 2026 (nam
279 1964 313 2007 ea
334 1946 448 2026 quidem
468 1947 497 2006 in
521 1945 719 2024 exemplorum
743 1946 837 2006 locum
858 1947 977 2026 cedunt)
997 1947 1049 2007 sed
1066 1949 1091 2007 si

94 2032 162 2111 qnid
184 2033 223 2092 ita
242 2033 335 2090 nisum
357 2030 506 2108 gentibus,
529 2030 662 2109 populis,
689 2031 865 2109 sapientibus
888 2032 975 2106 viris,
1004 2032 1091 2090 claris

93 2115 223 2191 civibus,
250 2115 410 2175 illustribus
431 2116 527 2193 poetis
546 2114 650 2174 referri
671 2124 778 2193 potest.
822 2113 866 2174 Ne
886 2114 960 2175 baec
978 2117 1132 2192 quidemsst

91 2201 184 2277 vulgo
202 2201 278 2260 dicta
294 2208 324 2258 et
340 2207 460 2276 recepta
475 2200 666 2277 persuasione
680 2199 814 2277 populari
830 2200 892 2258 sine
907 2217 960 2257 usu
974 2199 1089 2258 fuerint.

92 2284 270 2344 Testimonia
282 2292 347 2342 snut
359 2284 433 2341 enim
445 2283 654 2361 quodammodo
665 2284 714 2344 vel
725 2285 888 2362 potentiora
901 2285 996 2356 etiam,
1013 2283 1091 2361 quod

91 2386 152 2431 non
175 2370 270 2427 causis
288 2368 503 2427 accommodata
526 2367 580 2427 sed
599 2366 700 2426 liberis
716 2367 782 2427 odio
798 2376 828 2426 et
844 2369 935 2444 gratia
951 2366 1091 2426 mentibus

94 2452 161 2511 ideo
177 2460 283 2511 tantum
300 2450 376 2510 dieta
391 2452 542 2529 iactaque,
565 2452 632 2529 quin
653 2461 701 2511 nul
717 2452 920 2511 honestissima
936 2459 984 2510 aut
1000 2453 1091 2509 venis·

94 2536 165 2595 sima
181 2534 361 2594 videbantur.
392 2534 438 2593 An
452 2552 524 2595 vero
540 2553 587 2593 me
602 2535 640 2608 de
654 2535 841 2595 incommodis
855 2537 932 2594 vitae
947 2535 1134 2600 dissensu-38

93 2628 153 2678 tem
172 2636 229 2678 non
252 2617 396 2678 adiuvabit
417 2636 515 2678 earnm
534 2618 686 2697 persuasio
704 2622 863 2694 nationum,
887 2637 961 2696 quae
976 2618 1091 2678 delibus

93 2712 195 2779 natos,
225 2703 333 2762 laetitia
354 2702 506 2762 defunctos
528 2701 762 2781 prosequuntur?
804 2701 862 2762 Aut
883 2704 908 2761 si
929 2703 1091 2761 misericor·

94 2786 169 2847 diam
185 2785 390 2846 commendabo
406 2787 509 2862 iudici,
532 2787 601 2846 nihil
617 2787 762 2864 proderit,
780 2785 857 2864 quod
873 2785 1092 2863 prudentissima

94 2872 197 2930 civitas
213 2870 430 2929 Atheniensium
444 2887 501 2929 non
517 2888 579 2929 eam
595 2886 650 2949 pro
665 2871 769 2930 effectu
785 2871 836 2928 sed
852 2885 905 2946 pro
921 2870 1033 2927 nurnine
1045 2886 1091 2927 ac·

94 2952 196 3032 cepit?
223 2954 282 3014 lana
297 2954 347 3013 illa
362 2962 475 3032 septem
490 2962 649 3032 praecepta
665 2954 835 3032 sapientium
850 2968 944 3010 nonne
957 2952 1091 3028 quasdam
1099 2963 1134 3018 39

93 3040 173 3098 vitae
190 3039 273 3115 leges
292 3034 506 3098 existimamus?
530 3038 561 3098 Si
576 3055 692 3097 cansam
707 3035 840 3096 veneficii
856 3036 933 3095 dicat
945 3036 1091 3095 adultera:
1142 3057 1144 3062 ¹

94 3139 153 3182 non
173 3121 211 3182 ll.
232 3120 349 3182 Catonis
370 3121 477 3181 iudicio
500 3123 630 3182 damnata
649 3122 797 3194 videatur,
826 3120 874 3196 qui
894 3118 999 3179 nullam
1014 3119 1092 3179 adul·

93 3215 187 3266 teram
208 3223 265 3265 non
281 3206 401 3265 eandem
417 3224 484 3265 esse
499 3205 659 3265 veneticam
674 3201 766 3266 dixit?
793 3202 852 3262 lam
867 3204 1016 3263 sententiis
1032 3205 1092 3279 qui·

95 3291 162 3350 dem
182 3299 334 3368 poetarum
353 3306 411 3350 non
431 3291 577 3349 orationes
599 3289 686 3348 modo
712 3296 777 3347 sunt
799 3287 927 3346 refertae
950 3286 1002 3346 sed
1028 3284 1093 3345 libri

95 3375 182 3434 etiam
202 3373 457 3452 pbilosophorum,
485 3375 533 3452 qui
556 3390 716 3451 quanquam
737 3371 873 3432 inferiora
895 3372 988 3430 omnia
1009 3386 1092 3446 prae·

96 3459 192 3537 ceptis
207 3459 267 3517 suis
282 3475 318 3516 ac
332 3456 435 3517 litteris
449 3457 586 3535 credunt,
603 3466 740 3534 repetere
755 3464 849 3517 tamen
864 3455 1062 3572 auctpritatem
1076 3468 1094 3510 a
