2434 3925
120 252 129 266 .
156 196 196 260 98
472 209 832 271 u.rsn.ou1un1n1un1

115 362 243 510 sufficit?
279 365 424 426 Adliciunt
438 364 498 440 luis,
519 365 567 442 qui
585 373 685 424 contra
699 367 839 441 sentiunt,
859 366 936 444 quod
951 383 1059 444 saepe,
1078 384 1162 446 quae

196 449 260 510 aliis
276 449 373 510 litibus
388 452 587 527 impugnarunt
603 459 719 509 actores
735 467 900 525 causarum,
925 451 1027 510 eadem
1041 454 1071 510 in
1087 453 1159 512 aliis

153 534 317 595 defendant.
364 532 448 607 Quod
469 549 527 592 non
547 534 617 592 artis
640 533 693 592 sed
712 533 834 593 hominis
855 543 901 593 est
920 536 1027 594 vitium.
1072 536 1160 597 llaec

153 628 218 678 sunt
232 620 407 697 praecipua,
427 634 502 694 quac
519 625 619 677 contra
633 616 799 677 rhetoricen
815 617 960 688 dicantur;
984 618 1039 679 alia
1055 629 1086 679 et
1101 623 1158 681 nri-

153 720 225 763 nora
239 711 268 762 et
283 711 377 761 tamen
391 720 429 761 ex
443 700 488 760 his
502 700 629 760 lontibus
644 700 781 762 derivata.

111 785 146 839 41
238 784 428 847 confirmatur
441 794 536 845 autem
551 802 619 844 esse
634 795 724 844 artem
738 802 802 845 eam
816 785 955 846 breviter.
987 785 1059 846 Nam
1075 788 1155 865 sive,

153 880 184 930 ut
199 869 355 932 Cleanthes
370 871 478 945 voluit,
496 886 547 944 ⁴urs
563 878 608 928 est
621 876 759 948 potestas
775 871 874 948 cium,
896 871 924 930 id
946 881 990 931 est
1007 869 1155 948 ordinem,

152 954 307 1035 efficiens:
329 972 397 1013 esse
417 963 498 1014 certe
520 954 595 1013 viam
618 962 704 1031 atque
725 953 854 1015 ordinem
877 957 906 1014 iu
926 954 1002 1015 bene
1026 954 1155 1015 diceudo

151 1056 236 1099 nemo
259 1038 445 1107 dubitaverim
472 1038 536 1097 sive
557 1037 607 1096 ille
629 1037 664 1097 ab
687 1036 816 1097 omnibus
838 1038 901 1098 lere
923 1038 1061 1117 probatus
1086 1039 1155 1100 linis

153 1122 341 1199 observatur,
367 1131 459 1181 artem
480 1130 614 1182 constare
642 1139 680 1180 ex
705 1122 943 1200 perceptionibus
966 1125 1154 1184 consentien-

153 1207 228 1267 tious
244 1216 273 1266 et
290 1208 495 1266 coexercitatis
512 1205 547 1265 ad
562 1205 647 1264 linem
660 1205 760 1265 utilem
776 1208 867 1267 vitae:
893 1209 948 1266 iam
963 1207 1154 1266 ostendemus

77 1309 80 1314 ’
111 1291 222 1351 samnii
243 1307 301 1349 non
320 1289 422 1349 horum
438 1292 466 1349 in
480 1289 627 1349 rhetorice
648 1291 755 1350 inesse.
785 1287 881 1364 Quid?
903 1292 981 1369 quod
1002 1300 1031 1350 et
1050 1293 1152 1370 inspe-

154 1377 249 1436 ctione
264 1383 293 1434 et
308 1376 515 1435 exercitatione
527 1382 560 1432 ut
573 1382 650 1434 artes
667 1383 784 1434 ceterae
800 1371 936 1435 constat?
970 1375 1034 1435 Nec
1050 1385 1153 1454 potest

153 1476 271 1519 aranon
286 1477 369 1535 esse,
390 1460 414 1518 si
430 1468 474 1518 est
494 1476 540 1517 ars
559 1457 729 1533 dialectice,
752 1460 829 1538 quod
848 1460 911 1518 lere
930 1468 1059 1533 constat,
1085 1478 1151 1519 cum

153 1542 189 1603 ab
206 1561 240 1603 ea
254 1545 355 1622 specie
367 1545 458 1620 magis
472 1559 555 1620 quam
569 1560 680 1620 genere
695 1542 818 1603 differat
851 1543 911 1603 Sed
925 1561 981 1603 nec
1001 1544 1051 1604 illa
1066 1545 1151 1603 omit·

153 1627 239 1689 tenda
254 1637 334 1703 sunt,
358 1644 414 1727 qua
434 1628 462 1686 iu
480 1644 513 1686 re
531 1628 608 1687 alius
628 1644 661 1685 se
684 1621 902 1687 inartificialiter
921 1628 994 1687 alius
1014 1628 1151 1687 artificia·

153 1711 221 1773 liter
234 1721 333 1790 gerat
356 1714 385 1771 in
400 1729 434 1771 ea
450 1728 517 1770 esse
532 1720 637 1779 artem;
659 1713 710 1770 et
702 1730 730 1769 ιιι
745 1728 802 1770 eo
790 1712 918 1789 ,quod,
942 1729 989 1790 qur
982 1710 1149 1786 didicerit,

112 1797 254 1857 morelius
277 1796 380 1871 iaciat,
408 1813 492 1875 quam
515 1797 641 1873 quinon
663 1794 809 1870 didicerit,
838 1814 906 1856 csse
926 1804 1025 1855 artem.
1059 1795 1150 1873 Atqui

152 1897 209 1941 non
225 1880 317 1940 solum
332 1881 434 1940 doctus
450 1880 594 1939 indoctum
610 1878 662 1939 sed
681 1880 765 1938 etiam
780 1879 894 1940 doctior
909 1880 1024 1939 doctum
1038 1880 1069 1938 in
1081 1879 1149 1937 tlte·

152 1968 261 2027 torices
276 1982 366 2044 opere
382 1965 545 2044 superabit,
567 1982 663 2042 neque
678 1973 777 2024 essent
797 1964 883 2025 aliter
902 1966 964 2024 eius
986 1973 1043 2023 tarn
1060 1963 1149 2023 multa

152 2060 312 2131 praecepta
326 2059 442 2128 tamque
461 2050 571 2126 magni,
595 2050 643 2127 qui
659 2048 813 2117 docerent;
835 2050 923 2127 idque
939 2066 1003 2107 cum
1017 2046 1149 2107 omnibus

154 2135 344 2195 confitendum
365 2144 409 2193 est
429 2143 487 2192 tum
508 2132 591 2192 nobis
607 2135 782 2212 praecipue,
805 2135 854 2210 qui
873 2136 1013 2193 rationem
1034 2132 1149 2192 dicendi

152 2237 170 2279 a
184 2218 262 2279 bono
276 2220 339 2278 uiro
354 2234 412 2277 non
426 2234 602 2296 separamus

444 2369 495 2421 nx
512 2350 849 2430 ouunosanurcus

235 2462 339 2525 XVIII.
377 2462 447 2525 Gum
466 2466 522 2525 siut
543 2475 638 2526 autem
661 2469 762 2527 artium
782 2467 857 2526 aliae
875 2467 988 2544 positae
1009 2466 1038 2524 in
1051 2466 1147 2542 iuspe-

154 2551 266 2626 ctione,
288 2548 383 2609 idest
405 2551 571 2627 cognitione
589 2560 619 2610 et
640 2552 838 2611 aestimatione
860 2568 970 2625 rerum,
993 2548 1086 2627 qualis
1102 2557 1149 2607 est

152 2633 328 2710 astrologia,
343 2634 451 2694 nullum
464 2636 585 2712 exigens
601 2644 695 2696 actum
709 2636 785 2696 sed
777 2653 841 2714 ipso
856 2637 914 2709 rei,
931 2635 1011 2693 cuius
1027 2632 1148 2692 studium

152 2719 258 2793 habet,
279 2718 430 2778 intellectu
450 2728 600 2819 contenta,
629 2736 704 2797 quae
725 2710 893 2798 θεωρητικὴ
912 2728 1048 2785 vocatur;
1074 2715 1148 2775 aliae

153 2806 182 2864 in
203 2801 334 2880 agendo,
358 2819 475 2881 quarum
496 2804 526 2863 iu
545 2802 602 2864 hoc
623 2803 687 2862 linis
708 2813 753 2863 est
779 2812 807 2863 et
829 2805 893 2881 ipso
915 2811 981 2861 actu
1001 2800 1148 2904 perficitur

154 2887 282 2966 nihilque
298 2897 365 2965 post
386 2894 479 2947 actum
494 2889 593 2965 oper-is
607 2888 760 2965 relinquit,
783 2905 857 2965 quae
871 2907 1019 2966 πρακτικη
1006 2881 1146 2958 dicitur,

130 2971 247 3050 tqualis
264 2970 378 3032 saltatio
394 2979 453 3040 est;
475 2971 572 3031 aliae
563 2991 592 3031 ru
607 2972 724 3048 ellectu,
742 2990 816 3050 quae
832 2972 947 3050 operis,
964 2970 1040 3048 quod
1057 2968 1148 3027 oculis

155 3055 320 3130 subiicitur,
345 3058 588 3116 consummatione
609 3057 694 3115 finem
713 3058 873 3134 accipiunt,
897 3073 980 3132 qnam
994 3042 1149 3130 ποιηιικὴν

155 3139 352 3238 appellamus,
368 3140 459 3219 qualis
478 3149 522 3200 est
536 3141 663 3218 pictura:
686 3140 749 3200 lere
771 3138 951 3200 iudicandum
971 3146 1030 3211 est,
1052 3137 1147 3196 rlreto·

155 3225 235 3283 ricen
255 3226 283 3284 in
303 3233 388 3283 actu
409 3226 585 3293 consistere;
615 3224 673 3284 hoc
694 3227 785 3301 enim,
809 3223 885 3303 quod
910 3231 956 3282 est
980 3221 1069 3282 cilicii
1093 3221 1146 3295 sui,

155 3308 279 3387 perlicit.
318 3307 414 3385 Atque
429 3310 468 3368 ita
485 3307 521 3368 ab
537 3308 668 3367 omnibus
684 3308 788 3368 dictum
805 3318 859 3367 est.

132 3399 150 3453 3
240 3391 309 3453 llilri
323 3401 417 3452 autem
431 3392 545 3453 videtur
559 3395 644 3452 etiarn
661 3410 698 3451 ex
716 3393 773 3452 illis
790 3394 897 3452 ceteris
913 3390 1021 3451 artibus
1035 3388 1149 3448 multum

141 3496 327 3543 „assumeren
353 3475 425 3537 Nam
445 3485 474 3537 et
488 3483 597 3556 potest'
609 3476 762 3555 aliquando
783 3479 846 3556 ipsa
868 3494 917 3535 res
933 3492 987 3554 per
1007 3492 1040 3533 se
1055 3476 1148 3551 inspe-
