2434 3925
144 164 204 228 152
458 177 816 237 mnsaqnmnmrsm

140 348 212 392 vero
227 332 294 392 mihi
310 331 486 392 Domitianus
507 331 655 408 Augustus
675 333 785 391 sororis
805 350 875 392 suae
897 345 1034 415 nepotum
1050 336 1139 398 dele-

140 419 253 494 gaverit
273 434 386 491 curam,
411 432 468 474 non
483 417 552 476 satis
565 416 705 475 honorem
720 416 888 476 indiciorum
903 420 1073 481 coelestium
1089 424 1137 481 in·

141 500 286 576 telligam,
313 501 367 559 nisi
395 517 432 558 ex
451 499 509 558 hoc
527 500 623 559 oneris
640 516 756 576 quoque
774 502 997 576 magnitudinem
1015 506 1136 564 metiar.

112 583 211 656 ttQuis
227 584 300 642 enim
313 583 379 642 mihi
401 592 448 643 aut
466 599 562 641 mores
584 581 737 642 excolendi
757 585 794 642 sit
811 584 928 661 modus,
949 597 980 647 ut
999 605 1052 648 eos
1073 604 1138 648 non

140 669 279 727 immerito
293 666 460 745 probaverit
474 667 669 726 sanctissimus
688 663 815 726 censori
836 676 884 727 ant
898 671 1009 746 studia,
1034 689 1072 731 nc
1087 672 1135 733 ie·

141 750 253 809 fellisse
268 751 296 809 in
309 751 353 810 his
366 751 466 810 videar
480 751 640 829 principem
654 758 684 808 ut
699 752 728 808 in
742 750 871 810 omnibus
893 754 932 812 ita
946 757 974 813 in
990 755 1135 833 eloquen-

113 837 180 898 4tia
198 850 313 912 quoque
333 831 610 893 eminentissimumi.
637 832 747 905 Quodsi
768 851 852 892 nemo
873 838 1005 913 miratur,
1026 847 1136 916 poetas

141 919 280 977 maximos
297 935 387 996 saepe
403 918 529 992 fecisse,
548 925 578 976 ut
597 934 654 975 non
669 917 763 976 solum
778 919 864 977 initiis
880 936 1000 997 operum
1013 939 1136 982 suorum

142 1001 237 1061 Musas
259 1003 427 1062 invocarent
447 1002 499 1061 sed
518 1001 651 1079 provecti
666 1017 782 1078 quoqne
798 1002 928 1079 longius,
950 996 1064 1065 eumad
1080 1005 1135 1065 ali·

142 1102 226 1162 quem
241 1088 405 1162 graviorem
424 1088 571 1145 venissent
590 1085 702 1159 locum,
723 1094 889 1162 repeterent
908 1097 976 1147 vota
1002 1098 1031 1147 et
1050 1088 1137 1148 velut
1196 1094 1203 1105 '

114 1182 216 1233 onova
241 1171 408 1246 precatione
432 1177 596 1228 uterentur:
629 1167 695 1226 milri
723 1185 838 1247 quoquc
866 1171 1000 1248 prolecto
1021 1173 1137 1251 poterit

142 1254 264 1329 ignosci,
283 1255 317 1327 si,
334 1252 410 1331 quod
425 1254 514 1328 initio,
530 1269 587 1329 quo
601 1253 721 1330 primum
736 1250 809 1311 hanc
824 1256 970 1314 materiam
984 1255 1135 1331 inchoavi,
1194 1296 1197 1299 ,

143 1353 199 1395 non
214 1336 359 1412 feceram,
375 1356 450 1396 nunc
464 1354 563 1395 omnes
580 1337 608 1394 iu
625 1334 761 1394 auxilium
775 1336 847 1395 deos
861 1338 1013 1416 ipsumque
1027 1341 1055 1397 in
1071 1340 1135 1417 pri-

142 1421 205 1494 mis,
222 1436 278 1497 quo
295 1438 389 1498 neque
404 1421 583 1499 praesentius
596 1417 672 1478 aliud
687 1436 742 1478 nec
756 1419 857 1479 studiis
869 1424 961 1498 magis
976 1424 1135 1500 propitium

143 1520 245 1562 numen
260 1512 320 1579 est,
337 1505 483 1571 invocem;
497 1512 543 1578 ut,
565 1511 698 1586 quantum
717 1501 800 1561 nobis
822 1507 1032 1582 expectationis
1052 1505 1135 1565 adie-

144 1588 199 1661 cit,
216 1595 322 1646 tantnm
335 1588 440 1663 ingenii
456 1588 580 1666 aspiret,
603 1586 763 1664 dexterque
775 1605 811 1647 ac
825 1589 928 1648 volens
943 1591 1014 1649 assit
1028 1598 1058 1649 et
1070 1607 1133 1666 me,

144 1670 257 1747 qualem
275 1688 342 1729 esse
358 1672 492 1746 credidit,
509 1670 605 1730 iaciat.

114 1760 131 1815 6
225 1751 311 1813 (luins
325 1755 391 1814 milri
406 1755 554 1832 religionis
571 1771 628 1813 non
642 1754 715 1814 haec
732 1756 795 1815 sola
809 1755 899 1830 ratio,
922 1772 995 1833 quae
1009 1757 1134 1818 maxima

145 1847 206 1909 est;
224 1839 276 1899 sed
294 1838 400 1917 alioqui
418 1840 461 1899 sic
472 1839 605 1917 procedit
619 1840 711 1915 ipsum
726 1856 810 1916 opus,
822 1847 853 1897 nt
867 1841 974 1899 maiora
988 1843 1133 1918 praeteri·

144 1926 179 1985 tis
199 1942 233 1985 ac
248 1927 338 2001 magis
354 1923 441 1984 ardua
456 1924 527 1998 sint,
549 1939 623 2000 qnae
643 1922 799 1999 ingredior.
838 1922 973 2000 Sequitur
988 1925 1089 2001 enim,
1100 1933 1134 1984 ut

143 2008 372 2069 iudicialium
404 2024 618 2081 causarum,
650 2024 724 2085 quae
749 2016 814 2066 sunt
838 2009 959 2066 maxime
978 2009 1075 2068 variae
1096 2025 1134 2068 ac

142 2093 332 2171 multiplices,
360 2092 430 2151 crdo
458 2091 637 2169 explicetur:
664 2091 741 2169 qnod
763 2092 903 2169 prooemii
925 2091 962 2149 sit
993 2091 1133 2166 officinm,

145 2194 218 2253 qnae
234 2177 306 2235 ratio
321 2175 468 2250 narrandi,
491 2191 566 2252 quae
590 2173 789 2251 probationum
804 2174 887 2249 fides,
914 2191 966 2234 scu
981 2177 1134 2253 proposita

145 2259 342 2318 confirmamus
359 2260 421 2317 sive
438 2267 537 2317 contra
553 2257 628 2317 dicta
644 2258 837 2333 dissolvimus,
854 2266 955 2335 quanta
967 2260 1011 2317 vis
1023 2259 1052 2317 in
1062 2277 1131 2338 per·

146 2342 272 2418 orando,
296 2360 348 2400 sen
367 2341 524 2401 reficienda
540 2340 622 2400 brevi
636 2343 809 2419 repetitione
822 2359 917 2400 rerum
935 2345 1071 2401 memoria
1086 2350 1135 2400 est

145 2425 245 2485 indicis
260 2426 321 2483 sive
339 2426 458 2485 allectus
475 2424 567 2504 (quod
586 2434 631 2484 est
644 2425 732 2501 longe
748 2426 989 2503 potentissimum)
1007 2441 1138 2484 commo·

118 2509 239 2578 tuendi.
290 2508 334 2567 De
357 2509 458 2586 quibus
479 2507 606 2588 partibus
627 2507 879 2585 singulisquidam
893 2511 1046 2584 separatim
1061 2509 1133 2567 scri-

146 2593 216 2653 bere
232 2592 391 2652 maluerunt
405 2591 484 2651 velut
499 2609 570 2651 onus
584 2594 672 2651 totius
686 2593 820 2668 corporis
830 2592 930 2665 veriti,
954 2600 984 2651 et
1004 2593 1046 2651 sic
1060 2608 1134 2669 quo·

146 2694 202 2753 que
224 2675 387 2754 complures
412 2676 448 2736 de
470 2693 638 2753 unaquaque
660 2692 755 2734 earum
771 2674 860 2734 libros
876 2673 1039 2743 edideruat;
1061 2692 1134 2752 quas

147 2777 202 2836 ego
225 2777 324 2818 omnes
339 2778 424 2819 ausus
440 2768 596 2830 contexere
612 2776 705 2837 prope
724 2758 859 2817 inlinitum
877 2758 1005 2818 laborem
1019 2760 1134 2836 prospi-

147 2844 193 2903 cio
216 2852 245 2903 et
265 2845 327 2921 ipsa
344 2843 518 2920 cogitatione
534 2844 662 2920 suscepti
678 2844 802 2900 muneris
815 2841 930 2917 fatigor.
961 2841 1019 2901 Sed
1031 2842 1134 2902 duran-

61 2929 76 2952 ·
147 2926 211 2986 dum
238 2936 299 3002 est,
326 2929 390 3005 quia
413 2928 577 3010 coepimus,
606 2928 684 2985 etsi
710 2925 818 2985 viribus
840 2924 1021 3001 deficiemus,
1040 2927 1135 2985 animo

147 3019 241 3070 tamen
255 3010 506 3090 perseverandum.

534 3161 578 3211 nn
595 3159 749 3215 axonnro.
809 3121 813 3132 ’

230 3257 253 3318 l.
290 3229 374 3332 Quod
393 3258 618 3338 principium
639 3258 737 3319 Latine
750 3257 800 3317 rel
818 3256 1006 3317 exordium
1021 3253 1134 3330 dicitur,

147 3344 254 3404 maiore
270 3343 390 3421 quadarn
406 3345 515 3402 ratione
531 3341 634 3402 Graeci
652 3342 784 3401 videntur
793 3340 1134 3418 npooipcov‘nominasset
1209 3399 1211 3404 ,

149 3431 214 3510 quia
229 3444 245 3486 a
260 3428 365 3486 nostris
380 3427 487 3496 initium
500 3425 586 3485 modo
607 3424 799 3503 significatur,
820 3424 862 3484 illi
882 3426 953 3485 satis
974 3424 1054 3485 clare
1069 3439 1133 3503 par·
