2434 3925
158 202 218 263 174
458 213 824 274 nosocomum

154 332 282 447 aliquid,
302 367 380 447 quod
405 386 443 427 ex
463 367 583 443 invidia,
607 386 691 448 quam
713 366 858 444 expositio
884 366 1041 426 mamurii
1063 367 1154 445 iecit,

156 451 266 512 detrabi
281 453 390 530 possit,
413 469 477 511 cum
493 452 578 511 etiam
599 454 677 511 servi
691 452 782 509 nostri
802 450 838 509 de
853 451 983 530 peccatis
997 450 1058 509 suis
1073 451 1155 512 mal·

61 608 64 617 ,
115 535 211 599 itlius
227 534 387 613 loquantur.
427 533 574 608 Quaedam
595 537 670 595 enim
690 534 772 612 quasi
789 550 846 592 non
866 542 1015 593 narrantes
1034 535 1154 612 mitiga·

156 617 262 678 bimus:
283 617 351 680 Non
366 620 504 697 quiden,
525 626 559 679 ut
571 619 774 680 cumeanus
792 619 880 691 dicit,
900 619 1056 681 σοπείἱὶιιηι
1068 619 1156 697 sur&

155 704 187 764 in
203 704 343 781 temptam
359 703 474 777 attulit,
493 721 551 763 nec
566 704 619 764 dia
635 702 770 780 captavit
786 703 852 762 das
867 704 914 762 rei
932 710 1068 783 tetnprm
1089 704 1155 763 sed

155 789 317 849 mansione
326 793 356 849 et
369 785 509 848 absentia
521 787 679 846 custodum
691 793 857 862 corruptas
866 795 896 847 et
908 786 1052 863 pecunia,
1066 803 1153 863 quae

154 871 279 931 nimiam
299 869 460 931 inanimis
479 870 630 939 boninum
647 876 760 947 potest,
781 869 881 929 nietam
901 877 954 931 eat.
991 867 1073 941 (inid
1094 889 1151 931 re·

153 954 238 1032 serti
248 953 393 1032 peccavit
404 959 433 1015 et
443 952 497 1030 fur
510 961 563 1028 est,
579 962 608 1013 et
618 953 693 1013 nittt
703 953 808 1013 attinet
820 955 855 1012 id
868 953 1043 1030 defendere,
1058 955 1153 1014 maus

114 1046 145 1103 ll
154 1054 284 1115 poenam
295 1054 356 1098 non
369 1054 557 1097 recusamus.
590 1034 706 1095 Interim
723 1037 805 1113 quusi
819 1037 982 1096 damnemus
997 1037 1068 1114 ipsi:
1096 1035 1153 1097 Vis

155 1130 184 1183 te
195 1121 298 1182 dicam
311 1119 381 1181 cina
393 1120 576 1197 inpulsum?
591 1138 698 1180 errore
711 1121 852 1197 tapsum?
866 1129 954 1181 traete
966 1121 1152 1198 deceptant.²

154 1221 231 1266 amu
245 1212 316 1264 cunt
328 1204 389 1264 ieta
400 1203 552 1281 fortasse;
568 1212 599 1264 to
611 1212 711 1265 tamen
721 1204 883 1281 inpensum
893 1206 1050 1281 stuprasti,
1065 1206 1152 1266 soloe

156 1289 261 1349 decem
279 1288 373 1349 milia.
406 1285 614 1364 Nonnunquam
634 1286 834 1366 propositione
855 1288 1027 1365 praemuniri
1047 1295 1150 1365 potest

114 1380 148 1439 72
158 1389 259 1446 causa,
275 1370 379 1430 deinde
395 1371 511 1449 exponi.
538 1367 688 1431 Contraria
704 1378 769 1428 sunt
784 1372 876 1429 omnia
892 1371 981 1429 tribus
997 1370 1079 1446 liliis,
1097 1373 1149 1449 qui

156 1457 184 1514 in
199 1464 319 1514 mortem
335 1455 423 1534 patris
442 1454 638 1514 coniurarant:
661 1455 754 1513 sortiti
776 1462 863 1513 nocte
878 1454 983 1531 singuli
1001 1471 1055 1532 per
1069 1457 1148 1515 ordi-

157 1555 222 1597 nem
245 1555 309 1598 curn
330 1538 408 1598 lerro
432 1536 593 1597 cubiculum
615 1539 754 1598 intrarunt
777 1546 859 1617 patre
881 1537 1054 1605 dormiente3
1082 1556 1148 1597 cum

115 1632 148 1687 tu
158 1622 295 1682 accidere
311 1639 375 1682 eum
390 1637 473 1681 nemo
489 1622 648 1700 potuisset,
665 1623 793 1681 excitato
808 1623 901 1680 omnia
918 1621 1085 1680 indicarunt.
1115 1624 1148 1682 Si

156 1715 251 1765 tarnen
272 1715 370 1784 puter,
389 1707 436 1784 qui
457 1706 551 1765 divisit
573 1707 771 1784 patrimonium
793 1714 822 1764 et
842 1721 910 1764 reos
930 1705 1075 1784 parricidii
1095 1706 1147 1764 de-

158 1789 263 1865 fendit,
285 1791 328 1850 sic
344 1799 425 1866 agat:
449 1788 536 1863 Quod
551 1797 660 1850 contra
676 1792 771 1867 tepea
790 1790 921 1869 sufficit,
940 1789 1146 1867 parricidium

156 1874 299 1936 obiicitur·
312 1874 487 1950 iuuenibus,
503 1889 630 1953 quornm
643 1882 734 1952 pater
746 1875 818 1934 aicit
832 1881 925 1951 atque
936 1874 1028 1933 mom
1042 1873 1147 1934 tiberis

156 1959 223 2021 auis
237 1958 336 2021 adest.
361 1955 505 2021 Ordinem
517 1958 565 2020 rei
577 1976 714 2020 narrare
727 1959 803 2036 quid
815 1976 940 2019 neeesse
953 1966 1007 2034 est,
1023 1977 1091 2018 carn
1101 1958 1146 2018 ad

155 2043 251 2121 tenen
270 2043 345 2105 nibil
361 2044 538 2121 pertineat?
565 2044 622 2103 sed
640 2044 669 2103 ei
690 2043 907 2121 confessionem
930 2044 1039 2120 calpae
1060 2058 1147 2102 meae

156 2127 297 2205 accipitis.-
316 2127 364 2205 fni
381 2133 472 2204 pater
489 2126 587 2187 durus
604 2133 634 2187 et
644 2127 835 2204 patrimonii,
857 2127 937 2203 qnod
957 2127 1020 2185 iarn
1038 2121 1147 2185 metim

156 2209 197 2271 ab
217 2209 265 2270 bis
285 2211 496 2271 administrari
512 2217 651 2288 poterat,
674 2218 767 2270 tenua
787 2218 908 2281 eustos,⁸
935 2208 1039 2268 deinde
1058 2207 1145 2266 subii·

116 2293 245 2356 licitur:
268 2291 443 2354 stimulatae
461 2293 500 2354 ab
522 2294 579 2369 iis,
602 2307 729 2370 quarum
746 2295 983 2372 indutuentiores
1001 2300 1147 2371 parentes

156 2384 260 2451 nant,
276 2395 396 2456 semper
410 2385 509 2438 tanuen
523 2377 665 2438 babuisse
679 2396 746 2438 eura
760 2378 909 2454 animan,
925 2378 976 2455 qni
987 2377 1028 2437 eit
1040 2383 1146 2437 eoentn

157 2459 378 2540 deprebensae,
392 2470 425 2522 at
438 2461 584 2522 occidere
590 2468 713 2538 patrem
726 2480 785 2542 nan
796 2470 928 2540 possent,
949 2459 1056 2538 Neque
1068 2460 1146 2520 enim

155 2541 356 2606 iureiurando
369 2563 445 2623 opas
462 2544 575 2622 fuisse,
593 2546 622 2604 si
641 2545 755 2623 alioqui
768 2546 825 2606 bac
839 2547 946 2605 mentis
959 2545 1143 2618 imbuissent,

156 2645 214 2689 nee
227 2636 325 2704 sorte,
340 2630 401 2689 nisi
416 2629 497 2707 quod
510 2647 544 2689 se
559 2629 686 2707 quisque
701 2630 793 2690 enimi
805 2630 945 2690 caluerit:
966 2628 1058 2686 omnia
1073 2626 1145 2685 haec

158 2710 367 2790 qualiacunque
383 2711 588 2790 placidioribus
610 2712 708 2771 animis
728 2714 907 2791 accipientur
925 2711 974 2772 illa
990 2711 1071 2769 brevi
1087 2711 1144 2787 pri·

117 2804 221 2860 ismae
238 2797 446 2874 propositionis
463 2796 633 2856 defensione
649 2796 768 2855 mollita·
796 2795 836 2855 At
851 2814 914 2855 cum
929 2796 1084 2874 quaeritur,
1099 2793 1143 2852 An

157 2878 263 2939 laetum
278 2877 336 2939 sit‘l
363 2880 430 2955 vel,
454 2879 547 2952 Quale
564 2879 670 2940 factum
687 2877 745 2939 siut
772 2878 842 2939 lieet
862 2880 955 2938 omnia
971 2887 1071 2938 eontra
1090 2893 1143 2936 nos

157 2964 227 3023 slnt:
250 2964 393 3043 quomodo
416 2972 511 3023 tamen
526 2965 636 3023 evitare
652 2965 863 3042 expositionem
880 2962 961 3022 salva
977 2979 1083 3021 causae
1099 2977 1142 3020 ra·

157 3045 236 3106 tione
259 3044 433 3126 possumus?
471 3046 604 3107 Narravit
628 3057 782 3108 aecusator
806 3065 902 3125 neque
917 3048 970 3105 ita
993 3054 1042 3121 ut,
1071 3061 1143 3123 qnae

159 3139 258 3190 essent
272 3139 347 3207 acta,
364 3140 470 3192 tantum
485 3131 639 3200 indicaret:
660 3132 712 3191 sed
728 3131 833 3191 adiecit
847 3130 988 3202 invidiam,
1005 3147 1066 3188 rem
1080 3145 1142 3186 var·

158 3210 203 3272 bis
219 3216 417 3292 exasperavit,
434 3224 623 3275 accesserunt
637 3215 841 3294 probationes,
860 3215 1007 3294 peroratio
1021 3211 1146 3272 incendit

52 3351 55 3370 ,
117 3302 189 3361 ttet
210 3296 314 3376 plenos
337 3299 398 3358 irae
419 3298 544 3376 reliquit.
589 3297 735 3377 Expectat
756 3298 926 3359 naturaliter
946 3296 1051 3372 index,
1079 3294 1146 3374 qnid

160 3390 292 3443 narratur
311 3397 327 3442 a
343 3379 436 3441 nobis.
474 3383 504 3442 Si
524 3381 594 3444 nihil
615 3383 800 3462 exponimus:
822 3381 872 3441 illa
895 3399 978 3457 esse,
1000 3398 1074 3458 qnae
1095 3377 1142 3437 ad·

157 3466 304 3527 varnarius
329 3465 416 3544 dixit,
440 3474 469 3524 et
489 3465 583 3542 talia,
601 3466 697 3545 qualia
718 3466 804 3542 dixit,
827 3465 925 3525 credat
945 3481 1068 3524 necesse
1088 3470 1141 3522 est.
