2434 3925
360 112 764 233 nsn.0asnon.nns.i11‚
778 166 804 217 1.
1065 157 1085 215 7

71 326 204 406 publica
219 326 315 387 luerit.
358 319 564 383 Necessitate?
587 321 682 381 subita
696 321 783 397 igitur
796 338 907 398 pugna,
929 340 986 382 non
1001 341 1085 402 prae-

70 420 202 489 paratam
224 411 298 471 alter
319 409 406 484 igitur
426 407 573 466 insidiatus
597 415 652 465 cst.
690 402 782 465 Uter?
800 403 937 466 Profecto
955 405 1084 468 Clodius.

70 495 233 571 Videsne,
254 503 285 554 ut
301 494 365 571 ipsa
385 509 481 551 rerum
497 491 659 551 necessitas
675 488 799 549 deducat
814 489 850 548 ad
865 490 1086 552 defensionem?

71 578 208 639 Adbuc:
230 577 288 638 Aut
302 578 401 662 utique
416 575 507 635 voluit
522 575 660 634 occidere
676 573 872 633 insidiatorem
889 572 1018 635 Clodium
1039 587 1129 643 aut36

72 679 154 721 non.
200 662 316 737 Tutius,
334 658 361 720 si'
374 660 475 720 noluit.
519 658 665 719 Fecerunt
680 674 752 734 ergo
768 659 845 716 servi
860 656 975 718 Milonis
990 678 1086 739 neque

74 745 206 808 iubente
222 765 318 824 neque
336 746 446 805 sciente
462 742 580 804 Milone.
624 741 664 801 dt
679 740 753 801 baec
767 750 824 800 tam
841 742 936 802 timida
953 744 1085 805 defensio

75 829 212 890 detrahit
240 832 438 891 auctoritatem
463 827 521 903 illi,
554 845 611 906 qua
639 835 721 885 recte
751 825 917 885 dicebamus
946 829 1083 888 occisum.

75 913 262 975 Adiicietur:
284 913 373 988 Quod
385 932 458 974 mos
472 914 600 989 quisque
615 929 722 973 sessos
741 912 773 971 io
791 912 847 972 toli
864 929 899 970 re
911 911 1019 989 fucere
1033 922 1127 979 coil

55 991 60 999 ’
76 998 201 1059 luisset.
245 998 308 1061 Hoc
327 1015 364 1057 eo
382 1005 427 1056 est
441 996 555 1071 utilius,
577 995 654 1073 quod
670 1012 760 1074 saepe
777 994 848 1054 nihil
865 994 963 1073 placet
982 1005 1011 1055 et
1034 997 1084 1057 ali·

79 1081 156 1160 quid
178 1082 328 1143 dicendum
354 1090 412 1145 est.
451 1079 615 1140 bntueamur
638 1096 710 1157 ergo
737 1080 847 1139 omnia:
876 1080 914 1138 ita
935 1081 1086 1158 apparebit

78 1175 134 1225 aut
150 1166 197 1240 id,
214 1167 290 1244 qnod
305 1167 441 1244 optimum
457 1173 518 1240 est,
534 1173 582 1224 aut
595 1164 640 1239 id,
655 1163 733 1241 quod
747 1164 860 1222 minime
875 1163 988 1224 malum.
1016 1165 1084 1225 Pro-

79 1250 233 1328 positione
256 1249 408 1328 aliquando
430 1248 587 1307 adversarii
601 1248 736 1308 utendum
752 1258 782 1307 et
803 1266 870 1307 esse
885 1265 1085 1328 nonnunquam

80 1350 266 1393 communem
283 1351 363 1409 eam,
379 1350 432 1391 suo
450 1332 517 1391 loco
533 1333 710 1392 dictumest.

172 1416 268 1477 Multis
284 1418 396 1476 milibus
410 1434 545 1475 versuum
561 1418 624 1477 scio
640 1416 715 1494 apud
732 1416 873 1495 quosdam
889 1434 956 1476 asse
972 1421 1085 1495 quaesi·

82 1510 167 1576 tum,
185 1501 329 1579 quomodo
342 1501 549 1575 inveniremus,
571 1508 635 1559 utra
651 1503 718 1578 pars
735 1500 859 1560 deberet
875 1502 956 1578 prior
970 1501 1084 1568 dicere;

82 1585 167 1664 quod
182 1586 210 1643 in
231 1585 296 1644 loro
310 1585 360 1645 vel
377 1585 529 1645 atrocitate
549 1584 736 1644 formularum
749 1585 799 1644 vel
815 1584 900 1644 modo
917 1587 1086 1663 petitionum

82 1668 136 1728 vel
151 1670 306 1728 novissime
321 1679 401 1729 sorte
416 1667 594 1728 diiudicatur.
638 1667 671 1728 ln
688 1668 789 1727 schola
805 1671 904 1747 quaeri
928 1669 996 1728 nibil
1023 1673 1128 1730 atti-38

83 1762 155 1828 net,
187 1772 251 1812 cum
278 1754 306 1812 in
334 1751 590 1813 declamationibus
614 1752 716 1812 iisdem
742 1769 860 1811 narrare
888 1761 917 1812 et
943 1755 1085 1816 contradi·

84 1838 200 1897 ctiones
221 1837 338 1896 solvere
358 1846 416 1897 tam
439 1835 474 1896 ab
496 1845 596 1899 actore
620 1854 704 1913 quam
722 1855 738 1896 a
763 1853 939 1914 possessore
962 1855 1084 1897 conces-

83 1939 149 1981 sum
169 1922 215 1981 sit.
243 1921 318 1982 'Sed
341 1923 369 1980 in
390 1921 519 2000 plurimis
543 1922 750 1981 controversiis
770 1938 807 1980 ne
829 1921 949 1980 inveniri
970 1923 1086 2001 quidem

84 2014 198 2084 potest:
218 2014 249 2064 ut
264 2008 293 2065 in
307 2006 374 2081 illa,
392 2004 452 2079 (lui
465 2014 528 2066 tres
541 2007 654 2067 liberos
667 2006 815 2081 babebat,
833 2014 1004 2082 oratorem,
1016 2009 1085 2085 pbi-

85 2090 255 2167 tosoptom,
278 2092 445 2165 medicum,
477 2097 653 2151 testamento
677 2088 825 2167 qoottoor'
840 2098 947 2169 portes
962 2091 1035 2170 fecit
1057 2099 1086 2153 st

85 2174 224 2252 simpulus
237 2175 366 2252 simpatia
385 2175 486 2249 dedit,
510 2192 604 2234 onom
625 2175 691 2234 eius
711 2176 903 2248 crescentarii,
929 2177 982 2252 qui
1006 2183 1085 2237 esset

87 2259 264 2319 edicamus
285 2260 410 2320 civitati.
430 2282 436 2292 ·
455 2255 651 2326 Contendunt;
675 2258 738 2334 quis
755 2259 862 2335 primus
878 2257 969 2335 dicat,
990 2261 1126 2321 incer-39

87 2351 146 2401 tum
163 2349 218 2415 est,
234 2343 396 2420 propositio
414 2351 509 2402 tamen
525 2349 614 2401 certa.
660 2340 756 2400 Abeo
775 2346 860 2418 enim,
884 2345 964 2402 cuius
983 2361 1084 2421 perso·

89 2443 152 2484 narn
173 2425 328 2502 tuebimur,
351 2426 542 2505 incipiendum
565 2427 629 2491 erit.
674 2425 712 2485 Et
734 2426 807 2486 haec
825 2427 939 2511 quidem
962 2428 998 2486 de
1014 2428 1084 2488 divi-

89 2509 180 2569 dendo
193 2511 221 2568 in
235 2512 399 2570 universum
414 2512 544 2588 praecipi
560 2519 691 2588 possunt.

170 2592 209 2654 m
231 2596 375 2672 quomodo
399 2596 576 2653 inveniemus
597 2596 682 2654 etiam
706 2595 771 2655 illas
793 2594 971 2663 occultiores
997 2604 1127 2673 quae-40

91 2674 218 2738 stiones?
237 2679 367 2755 scilicet,
384 2678 528 2757 quomodo
544 2681 717 2753 sententias,
738 2679 844 2754 verba,
862 2679 985 2756 ligures,
1003 2677 1083 2737 colo·

90 2779 153 2822 res:
173 2763 307 2839 ingenio,
325 2781 409 2838 cura,
427 2763 645 2822 exercitatione.
689 2762 755 2822 Non
769 2773 864 2827 tamen
878 2763 941 2821 iere
962 2779 1084 2840 unquam

92 2846 143 2904 nisi
157 2847 362 2924 imprudentem
376 2847 520 2924 lugerint,
537 2848 579 2920 si,
597 2856 628 2906 ut
643 2847 718 2922 dixi,
735 2857 863 2907 naturam
883 2847 967 2924 sequi
982 2845 1082 2905 ducem

91 2929 167 2989 velit.
210 2930 269 2990 Sed
285 2931 418 3009 plerique
441 2930 625 3007 eloquentiae
647 2932 750 2990 famam
769 2930 938 2989 affectantes
957 2929 1084 2988 contenti
1092 2937 1125 2992 41

93 3022 153 3073 sunt
168 3014 241 3074 locis
257 3018 399 3093 speciosis
414 3015 499 3074 modo
512 3014 562 3073 vel
578 3015 647 3074 nibil
663 3015 698 3075 ad
713 3014 913 3091 probationem
931 3014 1082 3073 conferen-

93 3096 172 3158 tibus.
215 3098 289 3176 Alii,
314 3100 383 3159 nibil
404 3100 478 3159 ultra
500 3116 551 3174 ea,
576 3116 651 3176 quae
673 3100 700 3156 in
722 3097 823 3156 oculos
842 3098 1006 3173 incurrunt,
1033 3117 1083 3158 ex·

95 3182 270 3260 quirendum,
295 3193 404 3262 putant.
455 3183 539 3276 Quod
559 3200 617 3260 quo
640 3182 753 3241 facilius
770 3191 925 3259 appareat:
948 3200 1031 3241 unam
1046 3183 1083 3242 de

95 3265 188 3327 schola
204 3268 447 3341 controversiam,
469 3285 527 3328 non
549 3269 588 3326 ita
604 3284 674 3326 sane
692 3266 886 3326 difficillimam
906 3275 954 3325 aut
968 3284 1082 3341 novam,

95 3367 245 3431 proponam
265 3352 293 3409 in
318 3352 491 3429 exemplum.
549 3349 609 3424 Oai
634 3370 687 3412 reo
711 3352 894 3431 proditionis
914 3353 1000 3432 patri
1024 3358 1125 3412 nonii

96 3434 223 3517 offuerit,
245 3436 374 3498 scisses
387 3437 436 3497 sit.
474 3433 660 3497 Proditionis
673 3436 837 3498 damnatus
851 3454 919 3497 cum
934 3436 1085 3496 advocato
