2434 3925
162 247 222 308 154
467 252 598 306 uum.
616 257 834 317 oumrmmrn

67 462 71 469 .
160 414 289 474 odiorum
311 419 359 472 aut
376 411 535 472 ambitionis
558 407 696 472 abluerit
716 414 757 472 ita
773 414 914 491 quaedam
930 415 959 473 in
973 413 1018 473 bis
1033 431 1156 492 quoque

161 496 367 557 commendatio
384 498 481 570 tacita,
493 498 517 554 si
528 512 581 554 nos
593 497 731 572 infirmos,
741 494 910 575 inparatos,
924 499 1049 575 impares
1062 516 1154 575 agen·

160 582 230 640 tium
244 588 343 639 contra
359 581 480 656 ingeniis
496 579 668 655 dixerimus,
691 580 786 658 qualia
803 588 867 640 suot
882 582 1024 659 pleraque
1039 581 1154 641 Messa·

131 665 205 730 alae
221 665 381 741 prooemia.
412 662 464 722 Est
479 665 552 721 enirn
568 665 704 724 naturalis
720 664 804 724 lavor
818 682 871 742 pro
887 662 1103 740 laborantibus,
1121 674 1156 724 et

102 752 108 761 “
159 748 247 807 iudex
267 746 421 823 religiosus
442 746 629 806 libentissime
644 756 794 825 patronum
810 749 905 824 audit,
924 766 1009 828 quem
1020 749 1153 808 iustitiae

160 849 231 891 suae
252 832 363 889 minime
390 831 478 888 timet.
526 828 596 890 lnde
617 831 669 891 illa
693 841 824 891 veterum
846 833 924 892 circa
950 829 1152 893 occultanda!

160 915 352 992 eloquentiam
375 914 517 973 simulatio
537 914 655 973 multum
671 915 706 974 ab
728 915 781 974 bac
804 924 967 975 nostrorum
988 924 1154 994 temporum

119 1000 312 1061 loiactatione
328 999 451 1057 diversa.
487 997 639 1057 Vitandum
662 1000 762 1074 etiarn,
784 1017 821 1057 ne
837 999 1054 1074 contumeliosi,
1070 1000 1153 1060 mali=

159 1083 224 1159 gui,
247 1082 381 1159 superbi,
410 1081 543 1141 maledici
569 1082 597 1140 in
622 1100 792 1160 quemquam
818 1082 961 1142 hominem
982 1083 1155 1143 ordinemve

159 1166 320 1242 videamur,
345 1167 560 1243 praecipueque
575 1182 691 1240 eorum,
713 1167 761 1243 qui
777 1166 852 1225 laedi
871 1169 925 1226 nisi
941 1167 1062 1226 adversa
1077 1166 1153 1226 iudi-

120 1261 224 1313 rreum
238 1249 386 1308 uoluntate
403 1266 460 1307 non
474 1258 604 1328 possunt.
636 1247 707 1309 Nam
724 1253 751 1308 in
763 1251 885 1309 iudicem
901 1269 938 1308 ne
955 1250 1022 1327 quid
1038 1250 1155 1309 dicatur

159 1350 217 1392 non
236 1333 321 1391 modo
345 1333 439 1410 palam
461 1333 514 1391 sed
536 1350 571 1391 ne
588 1333 665 1410 quod
680 1336 794 1393 omnino
811 1333 933 1410 intelligi
948 1336 1056 1412 possit,
1078 1333 1152 1393 stul·

160 1424 217 1476 turn
234 1425 295 1475 erat
309 1433 445 1491 monere,
468 1418 521 1475 nisi
537 1416 629 1476 lieret.
666 1415 759 1477 Etiam
779 1420 868 1495 partis
890 1419 1030 1477 adversae
1050 1426 1153 1496 patro·

160 1519 213 1559 nus
229 1500 306 1559 dabit
323 1499 443 1559 exordio
458 1501 615 1576 materiam,
631 1501 742 1560 interim
759 1519 821 1560 oum
833 1502 954 1577 bonore,
969 1503 994 1560 si
1009 1501 1153 1578 eloquen-

160 1586 226 1642 tiam
246 1585 307 1642 eius
329 1592 357 1642 et
380 1584 500 1659 gratiani
519 1600 572 1642 nos
601 1586 703 1644 timere
725 1585 876 1663 lingendo,
905 1594 936 1644 ut
957 1603 992 1644 ea
1012 1593 1154 1662 suspecta

161 1669 216 1726 sint
238 1668 340 1742 iudici,
365 1667 534 1742 fecerimus,
560 1670 673 1728 interim
701 1686 755 1746 per
776 1669 991 1736 contumeliam
1015 1668 1067 1727 scd
1090 1668 1154 1728 boc

160 1768 299 1830 perquam
313 1768 397 1826 raro,
418 1760 448 1810 ut
468 1751 584 1811 Asinius
600 1769 654 1830 pro
669 1751 805 1812 Urbiniae
826 1752 979 1812 heredibus
994 1751 1153 1811 Labienum

161 1835 318 1895 adversarii
339 1844 502 1912 patronum¹
516 1837 591 1895 inter
612 1846 777 1913 argumenta
800 1854 904 1896 causae
926 1836 1018 1895 malae
1040 1837 1150 1913 posuit.

121 1918 255 1997 ltNegat
270 1919 343 1980 baec
359 1937 426 1979 esse
441 1921 590 2000 prooemia
608 1918 760 1981 Cornelius
777 1918 895 1997 Celsus,
912 1921 978 1999 quia
994 1921 1049 1979 sint
1066 1928 1152 1980 extra

159 2005 251 2064 litem.
288 2004 346 2065 Sed
367 2022 424 2081 ego
446 2023 509 2064 eum
525 2007 695 2066 auctoritate
711 2022 882 2064 summorum
897 2014 1042 2064 oratorum
1057 2006 1152 2080 magis

162 2089 263 2164 ducor,
280 2097 338 2147 tum
352 2091 499 2166 pertinere
515 2089 550 2149 ad
566 2106 679 2149 causam
695 2098 780 2167 puto,
805 2089 940 2167 quidquid
956 2087 991 2147 ad
1007 2087 1151 2147 dicentem

161 2174 302 2249 pertinet,
326 2190 389 2231 oum
407 2175 443 2231 sit
458 2173 604 2248 naturale,
621 2182 651 2232 ut
668 2172 778 2232 iudices
793 2175 844 2248 iis,
861 2173 934 2250 quos
949 2170 1082 2231 libentius
1099 2190 1150 2231 au·
1182 2169 1184 2172 ’

121 2255 256 2329 13diunt,
287 2256 371 2314 etiam
398 2255 511 2315 facilius
534 2257 661 2316 credaut.
707 2255 800 2333 Ipsius
822 2266 916 2315 autem
939 2256 1151 2332 litigatoris

161 2355 287 2416 persona
304 2340 451 2399 tractanda
466 2342 545 2399 varie
562 2349 616 2400 est.
655 2338 727 2399 Nam
750 2348 807 2398 tum
823 2341 945 2417 dignitas
961 2341 1023 2398 eius
1039 2338 1150 2415 allega·

161 2431 217 2496 tur,
233 2431 290 2481 tum
307 2424 519 2483 commendatur
533 2424 690 2483 infirmitas.
727 2421 933 2502 Nonnunquam
949 2423 1086 2498 contingit
1102 2440 1150 2481 re-

161 2505 230 2565 latio
252 2507 432 2582 meritorum,
460 2506 497 2567 de
518 2508 620 2586 quibus
641 2508 831 2567 verecundius
853 2507 1002 2567 dicendum
1021 2507 1075 2565 erit
1094 2524 1150 2566 sua

163 2606 246 2668 quam
261 2589 353 2649 aliena
369 2589 507 2658 laudanti;
521 2592 609 2651 multo
626 2593 715 2669 magis
731 2609 835 2666 sexus,
852 2600 942 2665 aetas,
959 2590 1101 2664 condicio,
1118 2599 1152 2649 ut

159 2674 189 2731 in
207 2674 330 2748 feminis,
348 2673 474 2749 senibus,
492 2675 621 2753 pupillis,
638 2675 763 2750 liberos,
779 2684 931 2753 parentes,
949 2675 1087 2750 coniuges
1106 2674 1150 2733 al·

120 2756 332 2834 illegantibus.
362 2757 433 2816 Nam
457 2758 520 2818 sola
539 2768 649 2818 rectum
665 2776 780 2836 quoque
795 2759 917 2818 iudicem
931 2758 1047 2817 inclinat
1061 2758 1149 2816 mise·

161 2842 244 2900 ratio.
279 2840 464 2917 Degustanda
480 2851 574 2902 tamen
589 2842 663 2901 baec
680 2844 846 2921 prooemio,
868 2859 926 2901 non
941 2840 1147 2900 consumenda.

160 2901 382 2985 Advers'arii
412 2943 484 2984 vero
504 2943 630 3004 persona
654 2944 748 3004 prope
773 2926 873 2985 iisdem
906 2924 1034 2984 omnibus
1059 2924 1149 2983 sede

162 3009 305 3068 contrario
326 3009 418 3067 ductis
434 3010 592 3087 impugnari
607 3009 692 3068 solet.
730 3007 801 3069 Nam
822 3018 852 3068 et
866 3017 1000 3088 potentes
1017 3008 1150 3085 sequitur

159 3092 263 3151 invidia
284 3100 312 3150 et
330 3091 451 3153 humiles
472 3092 661 3172 abiectosque
684 3102 863 3171 contemptus
885 3101 914 3151 et
930 3101 1029 3169 turpes
1046 3107 1081 3150 ac
1095 3108 1148 3149 no·

162 3184 260 3235 centes
281 3175 391 3250 odium,
413 3193 487 3254 quae
510 3178 564 3235 tria
577 3185 643 3235 sunt
663 3177 698 3235 ad
717 3177 883 3236 alienandos
899 3176 1022 3235 iudicum
1037 3175 1148 3234 animos

120 3259 366 3336 ltpotentissima.
398 3258 500 3337 Neque
515 3259 588 3318 haec
609 3260 707 3319 dicere
722 3269 767 3319 sat
782 3269 843 3335 est,
865 3259 941 3336 quod
963 3259 1045 3318 datur
1061 3260 1148 3317 etiam

160 3343 313 3421 imperitis;
332 3341 470 3419 pleraque
488 3343 619 3420 augenda
630 3345 847 3421 autminuenda,
863 3352 894 3402 ut
906 3340 1051 3420 expediet.
1083 3340 1147 3401 Hoc

161 3428 234 3487 enim
251 3425 374 3485 oratoris
390 3434 444 3501 est,
462 3425 511 3485 illa
527 3444 642 3486 causae.

119 3520 152 3575 16
249 3508 412 3572 Iudicem
429 3509 652 3570 conciliabimus
679 3508 763 3571 nobis
788 3526 846 3570 non
870 3517 978 3569 tautum
1004 3506 1147 3570 laudando
