2434 3925
153 200 214 263 160
465 213 825 274 amnemamnem

148 368 223 430 baec
236 385 346 446 genera
367 366 510 427 recidere.
540 366 612 427 Nam
627 369 652 426 si
665 367 787 428 iudicem
803 367 977 445 benivolum,
993 377 1148 447 attentum,

149 452 274 514 docilem
294 451 405 511 babeo:
429 451 495 529 quid
516 452 638 528 amplius
655 452 776 512 debeam
792 462 910 530 optare,
931 471 989 512 non
1010 456 1148 532 reperio:

149 554 214 597 com
231 545 323 595 metus
338 538 418 613 ipsc,
442 536 489 613 qui
504 537 625 621 maxime
642 535 756 595 videtur
772 554 839 596 esse
855 547 937 596 extra
951 537 1040 614 baec,
1058 547 1088 597 et
1103 545 1148 598 at·

150 629 259 681 tentum
274 620 396 679 iudicem
410 618 498 679 faciat
514 628 543 677 et
558 619 593 677 ab
611 620 734 678 adverso
757 620 857 679 iavore
874 620 1031 680 deterreat.

108 713 143 765 52
230 694 339 763 Verum
361 705 493 781 quoniam
511 720 569 762 non
593 712 638 762 est
652 706 721 762 satis
737 703 934 763 demonstrare
956 704 1147 779 discentibus,

151 806 224 866 quae
240 790 295 847 sint
310 789 463 846 iuratione
479 788 632 865 prooemii,
650 787 704 846 sed
720 788 871 848 dicendum
887 790 982 864 etiam,
998 790 1155 867 quomodo·

149 868 251 950 pc‘rlici
267 871 404 931 facillime
420 872 549 948 possint:
570 869 627 930 hoc
645 872 765 947 adiicio,
787 881 818 931 ut
838 872 966 932 dicturus
990 875 1147 946 intucatur,

151 956 229 1033 quid,
245 956 321 1034 apud
339 973 434 1033 quem,
451 971 504 1032 pro
526 972 598 1031 quo,
618 964 718 1014 contra
734 974 834 1033 quem,
851 973 908 1033 quo
927 966 1069 1034 tempore,
1087 972 1148 1033 quo

150 1039 235 1114 loco,
258 1056 315 1117 quo
338 1048 434 1097 rerum
457 1048 550 1113 statu,
574 1056 630 1116 qua
650 1038 730 1115 vulgi
746 1039 988 1100 famadicendum
1004 1042 1058 1114 sit,
1077 1039 1150 1118 quid

150 1124 274 1183 iudicem
289 1124 397 1182 sentire
414 1121 553 1205 credibile
569 1123 622 1197 sit,
646 1131 797 1200 antequam
814 1124 982 1202 incipimus,
1003 1132 1062 1182 tum
1077 1122 1148 1201 quid

151 1207 347 1267 desideremus
363 1214 411 1265 aut
430 1206 630 1284 deprecemur.
666 1205 731 1283 lpsa
746 1208 826 1266 illum
841 1217 940 1267 natura
955 1224 992 1266 eo
1004 1208 1101 1280 ducet,
1116 1214 1152 1265 ut·

109 1293 239 1366 53sciat,
263 1291 331 1368 quid
352 1292 472 1368 primum
487 1289 638 1349 dicendum
658 1292 704 1349 sit.
735 1290 774 1350 At
796 1309 870 1350 nunc
886 1309 986 1365 omne,
1005 1308 1062 1369 quo
1078 1306 1149 1349 coe-

151 1383 271 1453 perunt,
290 1376 468 1452 prooemium
483 1382 598 1451 putant,
623 1382 667 1448 et,
688 1383 718 1432 ut
734 1375 859 1453 quidque
873 1377 1030 1449 succurrit,
1046 1376 1149 1451 utiquc

153 1461 179 1517 si
199 1458 294 1536 aliqua
316 1459 456 1516 sententia
472 1457 642 1532 blandiatur,
666 1460 823 1519 exordium.
860 1458 948 1518 Multa
969 1467 1063 1517 autem
1083 1459 1154 1515 sine.

151 1540 238 1601 dubio
255 1550 319 1600 sunt
339 1550 368 1600 et
385 1542 448 1601 aliis
464 1541 592 1619 partibus
609 1559 713 1601 causae
729 1542 903 1610 communia;
925 1542 994 1601 nihil
1009 1551 1104 1600 tamen
1120 1542 1150 1599 iu

153 1643 267 1704 quaque
286 1624 388 1684 melius
403 1625 516 1700 dicitur,
534 1642 619 1702 quam
636 1625 713 1703 quod
730 1644 823 1704 aeque
839 1627 914 1685 bene
933 1626 988 1685 dici
1005 1625 1073 1685 alibi
1089 1641 1148 1683 non

110 1710 254 1788 54possit.
292 1708 410 1769 lllultum
447 1711 537 1768 ratiae
554 1709 676 1769 exordio
693 1719 754 1784 est,
777 1710 853 1787 quod
869 1710 904 1768 ab
922 1712 1036 1769 actione
1052 1709 1148 1768 diver·

153 1811 204 1852 sae
220 1794 309 1870 partis
323 1802 470 1853 maternam
485 1791 585 1859 trabit;
609 1791 667 1851 hoc
684 1793 766 1871 ipso,
783 1794 861 1872 quod
883 1811 939 1852 non
956 1793 1149 1870 compositum

153 1877 228 1937 domi
249 1876 302 1936 scd
323 1877 362 1935 ibi
384 1886 470 1955 atque
492 1895 530 1935 cx
549 1885 693 1935 renatum
715 1887 744 1937 et
766 1877 905 1937 facilitate
920 1876 1024 1936 lamam
1040 1876 1148 1952 ingenii

153 1969 241 2038 auget
267 1970 297 2020 et
317 1961 393 2034 facie
420 1961 559 2039 simplicis
586 1964 750 2040 sumptique
778 1981 816 2021 ex
843 1964 976 2041 proximo
1005 1961 1148 2019 sermonis

153 2046 239 2106 iidem
256 2062 372 2124 quoque
394 2047 531 2123 acquirit;
554 2045 628 2104 adeo
643 2054 690 2120 ut,
715 2047 826 2105 etiamsi
849 2046 961 2124 reliqua
978 2046 1089 2123 scripta
1106 2052 1148 2102 at-

154 2148 210 2209 que
226 2129 375 2189 elaborata
390 2131 461 2204 sint,
477 2139 573 2189 tamen
588 2129 758 2207 plerumque
775 2130 906 2189 videatur
921 2138 981 2188 tota
998 2138 1148 2204 extempo-

152 2214 223 2272 ralis
244 2214 353 2286 oratio,
378 2214 459 2271 cuius
480 2213 588 2271 initium
609 2212 678 2272 nihil
700 2215 864 2291 praeparati
881 2212 1015 2272 habuisse
1030 2212 1148 2271 manife-

112 2300 227 2355 55stum
247 2305 300 2355 est.
338 2296 583 2374 Frequentissime
605 2313 677 2355 vero
699 2298 879 2374 prooemium
900 2296 1017 2356 decebit
1039 2306 1068 2355 et
1082 2313 1149 2353 sen·

154 2382 304 2440 tertiarum
320 2389 349 2438 et
365 2381 581 2457 compositionis
597 2389 626 2439 et
643 2382 724 2439 vocis
742 2389 770 2439 et
787 2380 882 2439 vultus
899 2379 1057 2453 modestia,
1074 2379 1149 2438 adeo

153 2472 185 2523 ut
201 2465 230 2521 iu
246 2481 356 2539 genere
373 2481 478 2523 causae
495 2466 580 2524 etiam
596 2463 774 2523 indubitabili
788 2463 890 2524 fiducia
907 2482 939 2522 se
957 2465 1020 2541 ipsa
1035 2465 1150 2521 nimium

155 2566 280 2607 exerere
295 2565 353 2606 non
368 2547 482 2607 debeat.
523 2546 589 2607 Odit
610 2550 684 2607 enim
709 2549 795 2607 iudex
808 2547 871 2606 iere
887 2548 1023 2624 litigantis
1039 2548 1149 2605 securi-

155 2640 260 2707 tatem,
286 2650 406 2709 cumque
422 2633 465 2690 ius
482 2650 563 2690 suum
578 2632 736 2708 intelligat,
759 2633 863 2691 tacitus
884 2632 1079 2690 reverentiam
1095 2646 1149 2707 po·

113 2715 252 2774 56stulat.
291 2714 354 2774 Nec
368 2716 458 2774 minus
475 2716 646 2792 diligenter,
670 2735 706 2775 ne
722 2716 851 2793 suspecti
875 2717 962 2773 simus
979 2714 1038 2774 ulla
1054 2722 1150 2791 parte,

154 2800 312 2866 vitandum
329 2808 450 2877 propter
470 2800 683 2877 quod'minime
698 2799 836 2859 ostentari
852 2799 939 2858 debet
955 2800 983 2857 in
1000 2799 1150 2875 principiis

156 2901 241 2960 cura,
266 2885 331 2962 quia
354 2884 468 2946 videtur
488 2901 535 2942 ars
559 2885 650 2942 omnis
675 2884 796 2942 dicentis
814 2892 914 2942 contra
929 2882 1052 2941 iudicem
1070 2881 1149 2940 adbi-

113 2967 229 3026 57beri.
268 2968 327 3027 Sed
351 2969 442 3045 ipsum
457 2967 541 3026 *istud
563 2968 672 3025 evitare
695 2984 822 3025 summae
848 2968 916 3026 artis
934 2975 988 3025 est.
1027 2964 1099 3024 Nam
1120 2963 1150 3023 id

156 3052 218 3110 sine
240 3049 327 3110 dubio
351 3051 386 3111 ab
410 3050 539 3110 omnibus
563 3059 592 3109 et
616 3041 730 3128 quidem
753 3052 860 3128 optime
883 3057 1072 3129 pracceptum
1089 3056 1148 3113 est;

155 3153 255 3194 verum
277 3135 634 3213 aliquatenustemporum
656 3136 827 3194 condicione
843 3143 982 3209 mutatur,
1006 3134 1072 3210 quia
1094 3134 1149 3189 iam

157 3217 325 3297 quibusdam
346 3220 374 3277 in
399 3220 509 3279 iudiciis
530 3219 709 3297 maximeque
729 3217 898 3294 capitalibus
917 3225 965 3276 aut
986 3216 1061 3295 apud
1083 3233 1148 3274 cen·

156 3303 294 3363 tumviros
310 3303 365 3380 ipsi
381 3303 490 3362 iudices
508 3303 627 3378 exigunt
644 3301 783 3360 sollicitas
801 3311 829 3361 et
845 3309 995 3361 accuratas
1007 3300 1147 3372 actiones,

157 3386 360 3464 contemnique
381 3404 430 3461 se,
451 3387 504 3445 nisi
528 3388 555 3444 in
579 3385 701 3445 dicendo
728 3386 812 3443 etiam
834 3385 981 3460 diligentia
999 3391 1147 3461 appareat,

115 3471 296 3548 comedunt,
314 3488 369 3529 nec
391 3470 491 3530 doceri
515 3479 625 3561 tantum
644 3470 698 3531 sed
715 3470 800 3531 etiam
817 3468 957 3532 delectari
971 3467 1080 3537 uolunt.
1111 3463 1149 3524 lit
