2434 3925
148 190 189 254 78
463 208 826 270 mesammones

147 369 274 423 tractare
289 364 499 441 permittamus,
523 375 554 425 ut
570 366 753 443 expatieutur
768 376 798 427 et
812 367 958 444 gaudeant
973 367 1106 429 materia
1112 375 1143 428 et

119 442 253 525 dquasi
245 464 273 504 ru
291 464 397 526 corpus
414 446 500 509 eant?
529 448 591 509 Erit
607 451 760 527 optimum;
783 453 835 512 sed
852 462 932 513 certe
948 454 1004 511 sint
1018 452 1142 529 grandia

148 539 178 590 et
194 530 300 589 tumida
314 548 372 590 uou
386 532 473 592 stulta
489 534 574 594 etiam
596 543 626 593 et
648 535 808 606 acrioribus
829 536 921 595 oculis
937 537 1056 596 intuenti
1071 535 1142 596 ridi·

148 612 228 681 cula;
249 622 297 689 ut,
321 616 345 673 si
362 617 416 675 ium
433 616 599 677 cedendum
612 626 657 676 est
663 620 813 697 ,impleat
832 638 865 678 se
888 620 1066 680 declamator
1087 619 1141 678 ali-

148 686 278 777 quando,
299 698 467 776 dumsciat,
491 710 522 760 ut
543 701 763 780 quadrupedes,
791 721 854 763 cum
875 705 959 763 viridi
975 703 1081 783 pabulo
1099 703 1142 763 di·

147 790 259 842 stentae
274 792 338 842 sunt
340 785 511 861 ,sauguinis
528 786 708 845 detractione
732 796 866 846 curantur
893 789 980 847 etsie
1001 788 1036 847 ad
1055 785 1140 845 eibos

146 866 253 925 viribus
272 869 478 929 conservandis
494 869 616 928 idoneos
632 869 769 931 redeunt:
792 872 831 930 ita
853 870 907 930 sibi
923 889 1040 950 quoque
1056 880 1140 929 tenu-

147 950 234 1009 andas
251 951 362 1029 adipes,
379 961 408 1011 et
424 952 560 1030 quidquid
571 952 698 1012 humoris
710 955 838 1032 corrupti
854 956 1040 1029 contraxerit,
1058 955 1140 1015 emit-

119 1034 271 1108 itendum,
289 1036 314 1093 si
330 1053 397 1094 esse
413 1054 499 1095 sanus
514 1054 549 1095 ac
564 1036 699 1095 robustos
716 1039 814 1097 volet·
846 1038 963 1118 Alioqui
974 1049 1072 1097 'tumor
1087 1037 1141 1097 ille

146 1119 236 1176 iuauis
253 1120 345 1196 primo
362 1120 556 1198 cuiuscunque
572 1122 635 1179 veri
656 1123 754 1199 operis
771 1132 874 1182 conatu
892 1122 1139 1200 deprehendetur.

147 1201 249 1261 'lotum
270 1211 365 1262 autem
387 1203 566 1264 declamandi
588 1221 661 1282 opus
683 1206 730 1285 qui
752 1206 896 1265 diversum
919 1207 994 1265 omui
1017 1205 1141 1264 modoa

146 1285 310 1346 forensibus
334 1289 428 1346 causis
455 1289 632 1364 existimant,
654 1289 683 1348 bi
705 1290 839 1367 prolecto
859 1310 895 1350 ne
918 1292 1059 1349 rationem
1077 1290 1140 1367 qui·

118 1371 223 1446 sdem,
241 1388 297 1448 qua
312 1370 366 1429 ista
379 1372 550 1431 exercitatio
566 1374 682 1432 iuventa
694 1374 740 1448 sit,
758 1375 920 1452 pervident.
946 1373 1018 1433 Nam
1033 1374 1058 1431 si
1073 1373 1139 1431 loro

148 1471 204 1512 nou
225 1463 394 1532 praeparat:
418 1464 467 1515 aut
487 1457 624 1516 scenicae
645 1459 830 1517 ostentationi
851 1468 899 1518 aut
914 1459 1041 1517 furiosae
1056 1457 1138 1515 voci·

148 1538 282 1596 ieratioui
297 1538 537 1604 simillimumest.
574 1540 649 1613 Quid
672 1542 746 1599 enim
762 1543 861 1601 attinet
876 1543 999 1602 iudicem
1015 1558 1138 1618 praepa·

148 1640 231 1697 rare,
253 1622 301 1700 qui
326 1622 420 1681 nullus
446 1631 506 1690 est;
527 1625 761 1703 narrare,-quod
784 1643 883 1685 omues
905 1627 997 1685 sciant
1017 1625 1137 1691 falsum;

147 1703 334 1784 probationes
357 1705 494 1766 adbibere
518 1725 639 1784 causae,
661 1709 698 1768 de
721 1727 776 1787 qua
791 1727 875 1768 nemo
892 1711 928 1768 sit
943 1709 1138 1787 pronuntiatu·

147 1786 218 1848 rusi
250 1789 288 1849 Et
309 1790 383 1849 haec
406 1791 519 1868 quidem
543 1793 636 1851 otiosa
657 1800 778 1861 tautum;
800 1794 877 1854 allici
898 1810 970 1852 uero
987 1801 1016 1851 et
1032 1793 1074 1850 ira
1089 1790 1139 1850 vel

146 1874 224 1933 luctu
241 1891 431 1952 permovere,
457 1876 536 1934 cuius
553 1885 598 1935 est
614 1875 744 1952 ludibrii,
767 1877 821 1935 nisi
838 1877 1006 1955 quibusdam
1022 1893 1138 1953 pugnae

146 1958 306 2020 simulacris
322 1958 358 2019 ad
381 1978 480 2018 verum
498 1959 652 2020 discrimen
674 1961 824 2040 aciemque
844 1963 947 2022 iustam
970 1960 1137 2020 consuesci-

119 2040 228 2103 9mus‘l
257 2043 335 2102 Nihil
358 2060 429 2120 ergo
446 2045 520 2102 iuter
536 2045 655 2104 lorense
672 2063 764 2122 genus
780 2046 894 2106 dicendi
912 2055 998 2124 atque
1013 2044 1071 2103 boo
1088 2044 1136 2102 de·

147 2128 342 2188 clamatorium
363 2124 515 2186 intererit?
553 2129 584 2188 Si
605 2129 756 2207 proiectus
777 2132 870 2206 gratia
893 2130 1029 2202 dicimus,
1057 2127 1135 2186 nihil.

144 2211 315 2290 Utinamque
331 2211 415 2271 adiici
431 2211 467 2270 ad
479 2214 715 2272 consuetudinem
730 2223 842 2291 posset,
859 2223 889 2272 ut
900 2211 1060 2271 nominibus
1073 2220 1136 2270 ute·

145 2313 251 2370 remur,
269 2304 298 2353 et
314 2294 475 2373 perplexae
492 2297 583 2371 magis
599 2306 628 2356 et
644 2297 784 2373 longioris
800 2298 953 2376 aliquando
970 2304 1051 2355 actus
1068 2296 1136 2353 con·

145 2379 507 2477 troversiaeotingerentur,
524 2389 554 2439 et
563 2380 677 2440 verba
669 2400 696 2439 ιιι
712 2401 764 2441 usu
780 2383 924 2447 cotidiano
936 2381 1030 2459 posita
1045 2380 1136 2437 minus

146 2466 322 2538 timeremus,
340 2472 371 2522 et
385 2463 466 2522 iocos
483 2464 614 2524 inserere
630 2467 717 2524 moris
734 2475 828 2533 essen
845 2484 920 2544 quae
936 2482 1000 2539 uos,
1017 2462 1136 2541 quamli-

146 2547 196 2607 bet
216 2565 269 2626 per
291 2547 347 2606 alia
370 2548 398 2605 in
419 2547 528 2606 sobolis
551 2550 703 2609 exercitati
718 2551 822 2624 simus,
844 2552 953 2608 tirones
969 2550 997 2607 iu
1012 2547 1077 2605 loro
1096 2548 1135 2604 in·
1208 2571 1212 2586 ·

105 2632 271 2692 loveuiuut.
311 2632 341 2691 Si
361 2648 433 2690 vero
454 2632 482 2689 iu
505 2634 728 2692 ostentationem
749 2642 932 2710 comparetur
951 2631 1134 2705 declamatio,

146 2734 216 2776 saue
232 2715 347 2794 paulurn
368 2715 476 2793 aliquid
492 2716 631 2775 iuoliuare
647 2717 683 2777 ad
703 2717 879 2777 voluntatem
895 2716 1067 2783 audientium
1086 2714 1134 2773 de

104 2803 136 2854 11
146 2799 254 2859 bemus.
287 2798 358 2860 Nam
374 2807 404 2859 et
418 2801 447 2857 iu
462 2800 495 2857 iis
511 2800 688 2876 actionibus,
711 2819 786 2880 quae
806 2802 835 2860 in
855 2800 951 2879 aliqua
968 2802 1030 2858 siue
1049 2797 1135 2857 dubio

145 2885 267 2944 veritate
282 2893 433 2944 versantur
447 2883 500 2943 sed
517 2894 581 2944 suut
597 2885 633 2944 ad
650 2886 820 2963 popularem
837 2894 952 2963 aptatae
965 2883 1135 2943 delectatio-

145 2986 221 3042 nem,
237 2968 338 3047 quales
354 2967 476 3044 legimns
491 2970 704 3045 panegyricos,
720 2978 868 3047 totumque
885 2969 941 3028 boc
957 2968 1134 3028 demonstra·

73 3116 77 3125 ,
145 3054 232 3112 tivum
252 3070 367 3129 genus,
395 3052 566 3130 permittitur
593 3052 731 3112 adhibere
755 3053 821 3131 plus
848 3053 941 3113 cultus
964 3067 1135 3127 omnemque

145 3144 246 3211 artem,
262 3153 336 3214 quae
352 3135 444 3196 latere
457 3135 627 3214 plerumque
643 3137 671 3195 in
686 3137 799 3196 iudiciis
815 3136 913 3211 debet,
929 3153 986 3194 non
1003 3133 1136 3193 confiteri

103 3221 137 3275 12
144 3219 230 3279 modo
246 3220 298 3279 sed
314 3228 461 3279 ostentare
474 3220 559 3280 etiam
572 3219 731 3280 hominibus
745 3222 773 3280 iu
784 3221 841 3280 boc
854 3220 1011 3280 advocatis
1038 3217 1135 3291 Quare
1210 3228 1211 3235 ¹

202 3303 336 3379 'amatio,
363 3305 496 3382 quoniam
517 3312 562 3363 est
582 3305 752 3364 iudiciorum
768 3301 1035 3381 consiliorumque
1027 3316 1133 3376 rmago,
1210 3350 1211 3359 ,

239 3407 328 3448 ·esse
345 3387 432 3448 debet
447 3389 575 3454 veritati;
600 3390 733 3467 quoniam
751 3398 846 3449 autem
861 3388 990 3466 aliquid
982 3405 1010 3444 m
1035 3400 1067 3442 se
1085 3383 1132 3442 ba·

247 3464 423 3551 ιὸεικιικὸν,
442 3472 568 3531 nonnihil
591 3472 646 3532 sibi
667 3474 767 3534 nitoris
788 3491 946 3533 assumere.
984 3469 1068 3544 Quod
1092 3467 1132 3525 la·
