2434 3925
163 176 222 239 122
478 192 514 239 ιι.
526 190 605 238 nun.
619 188 837 251 Qnmrmrunr

161 426 318 508 exemplo?
351 428 437 487 Pater
455 447 536 488 meus
554 420 654 490 neutra
671 447 751 504 eum,
768 431 815 507 qui
831 448 863 488 se
879 430 1040 507 legationi
1032 434 1163 491 munori-

160 523 253 574 turum
268 513 395 587 dixerat,
417 512 521 572 deiude
536 515 585 572 vix
593 515 706 612 paneis·
718 512 846 572 diebus'
838 516 986 592 unsumptis
1001 532 1033 573 re
1050 514 1163 574 infecta

159 597 301 673 redierat,
322 594 390 657 Nan
409 597 513 677 anino,
534 604 568 657 ul
587 599 773 659 immoriaris
796 599 954 677 leqationi,
983 601 1162 660 immorare.

159 680 232 741 Nam
251 690 280 740 et
298 680 378 740 valet
398 697 501 739 sensus
525 682 589 758 ipse
606 690 636 740 et
651 683 680 740 in
692 680 790 739 verbis
803 689 910 740 tantum
925 682 1098 741 distantibus
1121 685 1162 742 iu·

159 765 252 825 eunde
269 772 408 824 consonat
425 781 493 839 vox,
509 766 680 842 praesertim
694 782 751 823 uun
768 774 881 843 captata
891 764 943 825 sed
954 766 1035 825 velut
1046 766 1161 841 oblata,

9 896 10 899 ,
160 866 224 909 euru
247 848 339 909 alteru
362 865 415 906 sun
436 850 473 907 sit
494 866 562 907 usus
588 849 710 908 alterum
737 848 772 908 ab
800 847 967 909 adversario
995 853 1160 927 acceperit
1209 898 1210 901 ,

9 946 10 949 ’
118 930 281 1009 lldlaguae
297 930 444 991 veteribus
462 948 548 991 curae
563 932 634 1007 luit,
655 933 776 1009 gratiam
800 932 914 992 dicendi
937 941 966 991 et
988 932 1111 1012 paribus
1134 944 1162 994 et
1209 950 1210 987 l

159 1017 310 1077 contrariis
327 1017 489 1093 anquirere.
526 1014 648 1093 Gorgias
669 1018 698 1074 in
720 1015 777 1076 hun
798 1016 981 1092 immodicus,
1005 1019 1160 1095 copiosus,

158 1109 254 1160 aetate
269 1101 368 1178 utique
386 1100 486 1177 prima,
504 1097 651 1159 isocrates
666 1099 727 1159 iuit.
762 1099 932 1159 Delectatus
946 1108 991 1159 est
1009 1098 1055 1160 his
1071 1103 1161 1161 etiarn
1209 1094 1210 1171 J

158 1182 197 1243 lt.
213 1182 333 1259 Tullius,
351 1201 451 1242 verum
466 1191 496 1241 et
510 1183 623 1242 modum
634 1182 762 1242 adhibuit
772 1199 829 1242 ιιοιι
839 1185 981 1260 ingratae,
999 1185 1054 1243 uisi
1070 1187 1161 1265 eopia
1209 1192 1210 1201 ’

158 1268 315 1342 redundet,
337 1266 478 1346 voluptati
501 1275 531 1326 et
549 1285 612 1327 rem
631 1268 739 1345 alioqui
754 1265 849 1326 levem
866 1268 1069 1327 sententiarum
1083 1287 1160 1347 pon·

125 1418 131 1430 ¹
159 1352 229 1431 dere
246 1352 385 1430 implevit.
427 1350 499 1409 Nam
512 1368 566 1429 per
583 1368 617 1410 se
635 1351 740 1427 frigida
754 1359 783 1410 et
800 1351 890 1410 inanis
905 1351 1070 1428 affectatio,
1093 1371 1161 1413 eum

158 1436 187 1495 in
203 1453 286 1495 aeres
304 1435 402 1494 incidit
421 1452 544 1511 sensus,
567 1436 661 1494 inuata
682 1435 796 1494 videtur
808 1434 918 1495 habere
932 1452 990 1494 nou
1003 1438 1157 1496 areensita.

117 1526 151 1582 lt
213 1530 217 1537 ‘
242 1518 422 1579 Similium
436 1518 500 1578 iere
515 1519 697 1598 quadruplex
712 1519 784 1578 ratio
800 1526 855 1578 est.
877 1517 948 1581 Nam
964 1528 1009 1579 est
1021 1522 1155 1597 primurn,

159 1605 292 1681 quotiens
307 1603 425 1663 verbum
442 1603 532 1662 verbo
552 1611 600 1664 aut
620 1620 677 1662 uun
696 1603 834 1662 dissimile
847 1602 933 1662 valde
948 1604 1112 1681 quaeritur:
1128 1613 1158 1663 ut

334 1720 378 1732 -
390 1685 572 1766 Pappesque
586 1694 658 1748 inae
671 1687 826 1766 pubesque
838 1695 982 1755 ιιιονιιιιις

157 1780 189 1832 et
210 1769 264 1832 Sia
283 1773 317 1832 in
336 1771 396 1833 tuo
415 1773 592 1833 calamitosa
611 1772 698 1850 fama
719 1772 808 1849 quasi
825 1772 859 1831 ιἰι
876 1770 981 1851 adque
999 1771 1155 1850 perminis·

157 1857 278 1918 &sima
297 1852 438 1934 flamma,
460 1865 489 1916 et
512 1852 580 1917 Num
601 1857 681 1917 enim
701 1862 764 1916 tam
787 1873 859 1933 spes
882 1855 1043 1916 laudanda
1064 1871 1156 1933 quam

158 1958 210 2003 res
223 1946 284 2016 est,
307 1948 355 2000 aut
378 1947 459 2000 certe
474 1957 528 2019 par
549 1948 578 2000 et
593 1940 729 2000 extremis
747 1938 867 2015 syllabis
891 1955 1071 1998 consonans:
1086 1937 1155 2001 Nan

117 2026 258 2090 liveriis
275 2025 333 2087 sed
352 2025 457 2085 arinis.
499 2022 537 2083 lit
555 2023 612 2084 hae
635 2041 767 2103 quaque,
790 2024 923 2123 quotiens
943 2025 973 2082 in
995 2025 1153 2082 sententias

158 2127 242 2171 aeres
256 2109 371 2185 iunidit,
394 2106 544 2208 pulelrrum
560 2117 619 2167 est:
644 2107 795 2182 Quantam
807 2109 917 2186 possis,
937 2110 970 2169 ia
984 2126 1019 2168 eo
1032 2126 1154 2185 semper

158 2194 318 2271 aperire,
333 2201 366 2253 at
380 2194 491 2290 prom's.
520 2191 584 2252 liae
599 2201 645 2252 est
659 2186 805 2270 πάρισον,
822 2200 854 2250 ut
867 2191 1017 2270 plerisque
1032 2191 1152 2269 placuit.

159 2274 344 2336 Cleosteleus
357 2270 483 2355 πάρισον
498 2277 657 2352 existimat,
679 2275 757 2354 quad
777 2277 815 2334 sit
836 2292 853 2334 e
872 2274 1007 2335 membris
1021 2291 1080 2334 non
1096 2274 1153 2334 dis·

116 2368 149 2424 77
158 2359 309 2428 srmrlrbus
326 2360 499 2436 seeundum,
516 2369 546 2419 ut
561 2360 690 2420 clausula
705 2359 836 2419 similiter
851 2360 933 2421 eadat
942 2358 1125 2435 ,syllabis”
1104 2376 1152 2418 us·

157 2443 245 2503 dem
237 2461 265 2503 ιιι
283 2443 408 2503 ultimam
425 2453 536 2523 partem
552 2445 682 2520 collatis,
705 2436 929 2522 ὁμοιοιὲλειιτον,
948 2444 1069 2503 similem
1085 2442 1152 2502 dua-

157 2546 219 2588 rum
233 2528 437 2587 seuteutiarum
457 2529 505 2588 vel
520 2528 643 2606 plurium
661 2528 760 2587 linem:
780 2523 847 2588 Noa
863 2528 953 2588 moda
967 2527 1011 2588 ud
1025 2528 1153 2588 salutem

157 2614 224 2675 eins
242 2613 478 2690 eartnyuenuam
497 2613 554 2673 aed
573 2615 664 2674 etium
683 2613 813 2691 aleriam
830 2630 891 2689 per
908 2613 985 2673 tales
1005 2613 1091 2686 uiros
1104 2613 1152 2672 ira·

155 2697 360 2776 smmqmdnm.
392 2695 439 2755 Ex
453 2693 556 2773 quibus
573 2697 636 2756 iere
652 2696 737 2770 liunt,
752 2712 810 2755 nnn
825 2704 918 2755 tamen
934 2705 964 2754 ut
978 2712 1094 2773 semper
1109 2695 1152 2754 ul·

158 2782 232 2840 timis
263 2788 437 2857 consonent,
464 2797 538 2858 quae
564 2780 692 2861 τρίπωλα
719 2781 866 2841 dicuutur:
899 2777 979 2841 Vicit
1003 2780 1153 2857 pudorem

158 2866 268 2942 libido,
288 2867 425 2926 timorem
438 2865 589 2942 audacia,
613 2866 761 2926 rationem
775 2865 916 2925 amenta.
962 2864 1020 2923 Sed
1036 2863 1065 2921 in
1083 2880 1151 2940 quu-
1209 2889 1210 2896 ι

157 2956 255 3008 ternas
279 2966 394 3027 quoque
418 2966 452 3008 ae
479 2948 579 3026 plures
606 2948 681 3009 haee
705 2950 779 3008 ratio
799 2949 843 3007 ire
864 2949 1021 3007 sententias
1042 2955 1151 3024 puteat

157 3030 203 3091 Fit
217 3034 302 3092 etiam
317 3032 437 3109 siugulis
448 3032 561 3092 verbis:
576 3031 704 3093 Hecuba
714 3033 771 3095 luae
786 3033 876 3107 dolet,
888 3032 995 3111 pudet,
1006 3031 1108 3109 pinam
1124 3039 1152 3089 et

117 3112 249 3192 taAbiit,
264 3119 406 3216 excessit,
421 3118 532 3215 erupit,
547 3119 654 3177 evasit.
683 3114 809 3178 Tertium
824 3124 879 3191 est,
896 3115 1014 3193 quadus
1032 3114 1152 3174 eosdem

159 3217 243 3259 nasus
265 3191 387 3275 eadit,‘
376 3194 571 3302 ομοιόιιτωτον
591 3199 703 3260 dieitur
747 3200 805 3260 Sed
825 3217 936 3298 neque,
963 3198 1040 3277 quad
1067 3198 1152 3257 linem

157 3282 245 3358 habet
260 3283 396 3380 similem,
421 3292 466 3342 est
481 3276 694 3382 inanimamur,
717 3289 747 3342 et
764 3284 864 3361 utique
884 3285 912 3342 iu
932 3283 1052 3342 eundem
1072 3283 1152 3341 venit

158 3354 242 3427 linem
257 3357 483 3444 instantissimam
501 3369 567 3446 quia
583 3357 777 3445 inordinatarum
792 3375 837 3426 est
850 3375 956 3427 tautum
967 3384 1034 3426 casu
1046 3366 1150 3441 simile,

159 3452 270 3514 etiamsi
287 3449 434 3512 dissimilia
449 3452 518 3528 siut,
540 3469 615 3530 quae
632 3450 827 3531 declinentur,
849 3469 905 3512 nee
927 3451 1056 3512 tantum
1045 3467 1076 3519 ιιι
1092 3449 1149 3511 line

119 354 259 412 resonam
280 346 412 423 aeeipiat
448 343 491 404 lit
511 364 563 406 eur
586 364 632 406 me
646 345 799 424 prohibeat
820 346 973 424 pudorati
994 346 1163 407 domestica
