2434 3925
148 147 168 209 8
466 155 825 216 u.nau.ou1ur1u1uu1

60 323 61 326 ’
146 313 272 378 cantet..
294 311 358 372 Reo
370 310 552 389 proditionis
562 312 650 389 patri
663 311 798 372 disertus
815 310 898 389 filim
918 313 1025 397 offuit,
1048 317 1158 377 rueti-

147 414 201 458 cur
224 415 284 459 non
302 395 407 477 offuit.-
429 396 592 456 damnatur
606 395 683 456 abiit
701 414 769 455 cunt
788 395 939 458 advocato
958 400 992 459 in
1006 401 1155 461 exitium.

146 478 290 540 Rusticus
310 497 378 540 cum
396 478 516 556 sortiter
533 480 673 557 fecisset,
698 479 832 557 praenati
853 482 973 543 minine
992 483 1156 561 impetro-

145 565 189 624 cit
205 564 420 624 resdtutioncm
431 564 532 640 patris
546 569 574 623 et
586 563 706 640 fratris.
743 560 837 624 Pater
850 582 997 625 reversus
1016 569 1154 628 intentu·

147 654 196 707 tau
217 647 363 707 decessit.-
382 647 457 725 petit
471 648 604 707 rusticae
617 653 738 724 portent
752 648 914 723 bonorum,
928 657 1035 724 orator
1050 658 1153 711 totum

106 730 205 791 sseihi
233 730 378 791 vindicet.
429 728 482 787 llic
508 729 550 789 illi
572 729 759 807 eloquentes,
787 730 947 809 quibusque
977 750 1031 792 nos
1063 736 1151 792 circa

106 861 108 864 .
146 813 211 872 lites
232 832 311 873 raras
334 812 521 872 sollicitiores
543 812 655 872 ridiculi
674 812 820 888 videmur,
840 814 974 874 invadent
997 833 1150 894 personas

144 896 331 957 favorabiles.
379 895 465 955 Actio
491 913 544 974 pro
567 898 675 955 rustico
699 905 798 956 contra
818 896 972 974 disertum,
999 915 1054 977 pro
1080 901 1149 959 viro

139 980 212 1039 -iorti
229 990 328 1040 eontra
346 979 508 1055 imbellem,
532 996 585 1058 pro
601 982 768 1039 restitutore
786 988 885 1041 contra
906 982 1069 1058 ingratum,
1091 1000 1148 1061 pro

138 1081 200 1139 eo,
217 1066 267 1142 qui
278 1073 359 1142 parte
375 1072 526 1122 contentus
542 1064 594 1138 sit,
614 1071 713 1123 contra
729 1081 808 1138 eum,
827 1066 875 1142 qui
887 1064 968 1124 fratri
982 1066 1052 1126 nihil
1071 1067 1149 1126 dare
1202 1083 1203 1098 ¹

103 1151 184 1207 ulex
206 1149 332 1225 paternis
353 1147 432 1206 velit.
477 1147 558 1220 Quae
583 1149 676 1206 omnia
697 1156 762 1207 sunt
782 1149 810 1206 in
829 1149 947 1208 materia
971 1158 1001 1209 et
1021 1150 1147 1209 multum

145 1233 257 1306 iuvant,
276 1232 424 1289 victoriam
439 1239 533 1289 tamen
548 1247 604 1289 non
620 1231 741 1291 trabunt.
773 1229 805 1289 In
818 1230 873 1290 hac
889 1241 1063 1310 quaerentur
1076 1251 1145 1292 sen

145 1316 268 1388 tentiae,
289 1316 314 1372 si
335 1314 398 1373 lieri
414 1315 539 1392 poterit,
561 1315 736 1392 praecipites
756 1314 805 1373 vel
828 1314 986 1391 obscurae,
1010 1317 1094 1394 (nam
1109 1334 1145 1375 ea

145 1417 219 1457 nunc
236 1398 325 1456 virtus
348 1398 414 1476 est)
438 1406 467 1456 et
488 1397 608 1475 pulchre
629 1397 716 1457 luerit
743 1415 806 1457 oum
830 1401 948 1459 materia
970 1400 1095 1459 tumultu
1116 1407 1146 1458 et

146 1482 273 1541 clamore
294 1489 476 1540 transactum.
525 1480 570 1541 Illi
590 1498 679 1557 vero,
703 1481 804 1559 quibus
828 1485 1006 1560 propositum
1026 1482 1143 1561 quidem

144 1564 247 1624 melius
269 1563 321 1623 sed
341 1582 408 1623 cura
429 1566 458 1623 in
472 1566 603 1643 proximo
621 1574 680 1641 est,
703 1565 776 1624 haee
796 1565 876 1625 velut
891 1568 1043 1627 innatantia
1059 1566 1141 1626 vida·
1202 1577 1203 1580 ’

103 1648 229 1709 45bunt:
248 1647 424 1707 Excusatum
439 1667 506 1708 esse
520 1651 672 1724 rusticum,
691 1648 835 1726 quodnon
856 1650 1016 1710 interfuerit
1033 1649 1141 1709 iudicio

145 1731 213 1791 nihil
226 1731 383 1791 collaturus
399 1734 487 1810 patri;
511 1733 563 1793 sed
582 1752 618 1792 ne
634 1734 770 1793 disertum
785 1733 899 1810 quidem
913 1733 1037 1809 habere,
1062 1732 1141 1810 quod

145 1818 264 1893 imputet
284 1833 352 1891 reo,
376 1834 439 1875 cum
460 1818 485 1874 is
509 1816 654 1876 damnatus
675 1818 726 1883 sit;
749 1816 862 1892 dignum
887 1835 954 1876 esse
976 1817 1140 1876 hereditate

110 1926 116 1940 ·
144 1901 354 1969 restitutorum
378 1917 508 1976 avarum,
528 1902 656 1979 impium,
676 1901 900 1978 ingratum,qui
920 1900 1049 1960 dividere
1066 1900 1140 1959 nolit

145 1984 313 2043 cumfratre
329 2002 423 2062 eoque
439 1986 481 2043 sio
504 1986 621 2053 merito;
645 1986 841 2062 quaestionem
856 2001 971 2062 quoque
987 1985 1065 2044 illam
1079 1985 1138 2062 pri-

144 2086 217 2126 mam
242 2069 341 2146 scripti
367 2078 395 2127 et
421 2068 591 2144 voluntatis,
612 2086 668 2146 qua
692 2084 749 2126 non
773 2076 936 2145 expugnata
957 2070 1071 2127 nonsit
1091 2086 1137 2126 se·

101 2151 296 2228 liquentibus
320 2151 413 2211 loeus.
457 2151 512 2226 At,
536 2153 583 2230 qui
604 2161 905 2231 naturamseqnetur,
929 2150 980 2211 illa
999 2150 1138 2227 cogitabit

143 2235 290 2312 proiecto,
298 2236 389 2312 primo
401 2235 459 2294 hoc
471 2235 610 2294 dicturum
621 2237 771 2294 rusticum:
787 2233 879 2295 Pater
889 2236 1048 2295 intestatus
1058 2236 1136 2295 duos

143 2318 294 2396 uestitior
314 2320 452 2396 reliquit,
475 2326 597 2396 partem
620 2321 688 2380 iure
705 2321 837 2397 centium
852 2325 933 2397 peto.
986 2316 1055 2391 Quis
1079 2325 1135 2377 tam

145 2403 307 2479 imperitus,
324 2405 386 2479 quis
398 2411 454 2461 tam
465 2402 568 2480 procul
583 2402 730 2477 alitteris,
744 2404 811 2479 q'uiu
822 2403 865 2461 sie
876 2402 1010 2478 incipiat,
1026 2402 1134 2460 etiamsi

103 2497 136 2555 47
144 2487 297 2560 nescierit,
312 2482 384 2562 ‘quid
399 2486 435 2544 sit
450 2483 634 2563 propositio?
670 2484 749 2544 Hanc
765 2502 941 2545 communem
959 2486 1078 2543 omnium
1092 2484 1133 2544 le·

145 2587 212 2647 gem
228 2569 331 2628 leviter
346 2568 494 2627 adornabit
511 2578 540 2627 ut
555 2570 665 2628 iustam.
704 2567 815 2646 Nempe
830 2577 983 2646 sequetur,
1005 2577 1035 2627 ut
1050 2585 1132 2646 quae·
1202 2564 1203 2579 ³

145 2670 256 2727 ramus,
276 2652 343 2730 quid
358 2652 424 2711 huie
440 2661 495 2711 tam
513 2670 624 2730 aequae
639 2652 825 2730 postulationi
839 2649 1067 2729 respondeatur?
1094 2649 1134 2710 ht

146 2738 174 2796 id
189 2735 368 2796 manifestum
391 2744 444 2794 est.
492 2734 558 2796 Lcc
576 2744 639 2811 est,
667 2752 745 2813 quoe
764 2737 846 2797 iubet
871 2736 1052 2796 enheredem
1070 2753 1133 2795 csse

146 2841 229 2897 utro,
252 2822 309 2898 qut,
317 2822 401 2899 putri
411 2821 594 2899 proditionis
614 2838 668 2882 reo
683 2838 743 2880 non
756 2820 897 2902 affuerim
918 2826 950 2880 tu
965 2827 1063 2879 atatem
1074 2837 1133 2880 nou

146 2905 267 2987 affuisti.
310 2904 390 2964 Hanc
404 2906 632 2983 propositionem
644 2903 817 2962 ‘necessaria
837 2903 966 2980 sequitur
983 2901 1056 2977 legis
1075 2900 1131 2962 lau·

103 2988 223 3050 lfldatio
240 2990 362 3065 eteius,
380 2990 499 3066 quinon
515 2988 643 3062 alluerit,
658 2988 840 3064 vituperatio.
874 2985 976 3045 Adhuc
991 3002 1131 3044 versamur

146 3073 174 3130 in
192 3071 351 3141 confessis;
376 3071 476 3131 redeat
498 3074 604 3130 animus
620 3071 655 3130 ad
670 3072 837 3149 petitorem;
859 3069 993 3147 numquid
1008 3086 1064 3127 non
1079 3068 1130 3128 hoc
1202 3096 1203 3099 ¹

147 3157 256 3230 cogitet
271 3174 394 3215 necesse
411 3164 472 3231 est,
490 3157 544 3214 nisi
560 3156 607 3232 qui
625 3156 661 3213 sit
678 3154 763 3232 plane
778 3153 885 3212 hebes:
906 3152 942 3212 Si
960 3154 1011 3214 leot
1030 3152 1129 3226 obstat,

144 3240 229 3299 nullo
242 3239 281 3299 lis
298 3247 358 3315 est,
380 3240 473 3300 tuone
492 3240 640 3300 iudicium
655 3241 721 3299 cst?
754 3235 850 3315 ‘Atqui
866 3245 895 3299 et
913 3237 1009 3315 leuem
1029 3255 1089 3296 esse
1105 3243 1130 3296 ct

146 3324 217 3397 hoc,
241 3325 325 3399 quod
344 3342 382 3382 eo
398 3325 522 3399 puniat,
539 3341 560 3382 o
575 3324 689 3382 rustico
708 3322 840 3400 fuctum,
867 3329 956 3381 entra
978 3320 1127 3381 dubitatio·

103 3415 215 3470 t9ucnt
230 3414 284 3468 eat.
309 3405 384 3480 Quid
399 3423 470 3483 ergo
488 3403 627 3466 dicimus?
647 3405 793 3468 Rusticus
811 3424 906 3467 erum.
928 3404 987 3466 Sed
1003 3402 1050 3463 lex
1062 3409 1127 3478 erat,
