2434 3925
348 200 602 251 mnasonem
618 201 800 268 ms.n,1r.
1028 188 1069 253 ts

75 361 155 421 ciunt
176 367 292 418 actores
313 358 432 432 comici,
454 350 618 435 quinoque
640 357 678 417 ita
700 374 839 434 prorsus,
861 367 892 417 nt
911 375 964 418 nos
979 357 1068 436 volgo

75 444 236 522 loquimur,
261 443 456 521 pronuntiant,
481 440 557 520 quod
573 448 654 499 esset
674 442 736 500 sine
752 451 830 516 arte,
852 461 948 520 neque
965 442 1069 520 procul

76 536 173 586 tamen
190 545 207 586 a
223 536 324 586 natura
341 525 492 598 recedunt,
509 541 566 602 quo
583 525 652 582 vitio
668 527 778 603 periret
789 527 923 594 imitatio;
940 527 993 586 sed
1008 544 1068 586 mo·

75 629 137 671 rem
158 611 313 669 communis
331 610 413 669 huius
428 609 570 667 sermonis
588 609 698 667 decore
714 610 837 687 quodam
852 613 972 671 scenico
983 629 1069 671 exor-

74 703 153 755 nant.
185 694 235 754 Sic
256 710 373 772 quoque
396 692 492 769 aliqua
513 709 566 750 nos
581 692 762 752 incommoda
784 711 821 752 ex
843 693 904 769 his,
926 713 997 773 quas
1019 695 1112 758 tin-14

74 778 214 853 xerimus,
231 778 356 837 materiis
369 784 595 853 consequentur,
612 777 640 834 in
652 793 688 835 eo
701 777 870 855 praecipue,
889 779 966 856 quod
982 780 1069 840 multa

75 863 104 921 in
119 861 164 920 his
181 861 381 938 relinquuntur
396 861 517 933 incerta,
534 877 609 938 quae
622 862 756 919 sumimus
767 870 798 920 ut
808 861 932 937 videtur,
945 872 1068 939 aetates,

75 944 248 1019 facultates,
272 943 396 1017 liberos,
418 951 574 1022 parentes,
597 944 708 1005 urbium
731 946 858 1023 ipsarum
878 947 973 1021 vires,
995 948 1068 1021 iura,

75 1045 186 1104 mores,
203 1027 259 1088 alia
274 1028 317 1087 his
333 1027 450 1093 similia;
469 1026 622 1105 aliquando
639 1029 725 1088 etiam
740 1038 937 1105 argumentum
949 1049 987 1090 ex
998 1031 1069 1108 ipsis
1077 1041 1118 1094 15.

75 1113 251 1191 positionum
279 1113 355 1171 vitiis
377 1111 514 1171 ducimus.
560 1111 620 1170 Sed
647 1112 722 1171 haec
750 1131 803 1172 suo
829 1131 962 1192 quaeqae
989 1114 1066 1175 loco.

77 1196 214 1271 Quamvis
235 1196 309 1255 enim
330 1213 413 1255 omne
432 1196 613 1272 propositum
629 1196 727 1272 operis
752 1214 769 1256 a
784 1198 866 1256 nobis
882 1198 1015 1257 destinati
1030 1216 1067 1258 eo

75 1289 204 1359 spectet,
219 1288 250 1339 ut
265 1288 363 1341 orator
378 1279 554 1345 instituatur;
571 1289 681 1354 tamen,
699 1299 734 1339 ne
751 1282 818 1359 quid
835 1281 957 1340 studiosi
971 1284 1067 1361 requi·

73 1372 156 1439 rant,
178 1364 263 1423 etiam
279 1364 303 1422 si
320 1364 388 1443 quid
404 1362 473 1435 erit,
497 1362 575 1440 quod
595 1364 632 1423 ad
647 1364 764 1424 scholas
778 1366 922 1443 pertineat
937 1368 1067 1444 proprie,

74 1449 104 1505 in
119 1448 239 1507 transitu
253 1464 311 1506 non
325 1449 498 1507 omittemus.

297 1596 341 1647 AN
360 1598 457 1648 ARTIS
474 1598 679 1649 suessonum
697 1599 854 1651 coorurto.

160 1697 209 1757 Xl.
240 1698 297 1758 lam
319 1698 385 1756 hinc
407 1715 478 1773 ergo
500 1697 584 1757 nobis
605 1698 764 1757 inchoanda
790 1708 835 1758 est
853 1717 887 1759 ea
902 1717 969 1777 pars
987 1702 1067 1777 artis,

75 1802 114 1844 ex
138 1801 194 1861 qua
215 1800 321 1859 capere
337 1782 443 1840 initium
463 1782 575 1857 solent,
600 1783 648 1860 qui
669 1784 765 1859 priora
788 1784 957 1851 omiserunt;
980 1803 1067 1863 quan·

75 1885 162 1947 quam
176 1866 263 1925 video
287 1865 427 1943 quosdam
449 1867 477 1923 in
500 1867 564 1944 ipso
586 1867 681 1925 statim
697 1866 792 1925 limine
811 1865 975 1925 obstaturos
990 1868 1067 1942 milri,

75 1953 126 2032 qui
152 1949 221 2010 nihil
246 1949 337 2027 egere
359 1948 520 2010 huiusmodi
544 1950 712 2028 praeceptis
740 1949 935 2028 eloquentiam
957 1960 1068 2029 putent,

73 2037 130 2096 sed
147 2043 246 2095 natura
263 2053 315 2093 sua
330 2042 360 2093 et
381 2033 493 2110 vulgari
513 2034 599 2093 modo
620 2041 650 2093 et
674 2034 837 2093 scholarum
860 2037 1069 2096 exercitatione

76 2120 206 2180 contenti
223 2119 334 2178 rideant
350 2117 435 2177 etiam
460 2117 636 2194 diligentiam
651 2127 794 2193 nostram,
818 2119 954 2218 exemplp
974 2121 1069 2218 magni

75 2220 195 2283 quoque
212 2202 332 2260 nominis
348 2202 561 2279 professorum,
578 2219 698 2298 quorum
715 2202 834 2280 aliquis,
850 2212 881 2262 ut
898 2205 1011 2281 opinor,
1028 2205 1068 2264 in·

74 2295 254 2363 terrogatus,
271 2285 339 2364 quid
357 2294 437 2344 esset
451 2288 546 2363 σχῆμα
569 2295 599 2345 et
615 2278 725 2363 νόημα,
750 2288 871 2348 nescire
891 2307 924 2348 se
947 2290 1069 2366 quidem

73 2372 149 2446 sed,
170 2371 199 2430 si
218 2372 262 2432 ad
279 2388 344 2430 rem
361 2371 544 2448 pertineret,
566 2389 633 2431 esse
655 2372 688 2430 io
705 2390 764 2432 saa
784 2372 1003 2434 declamatione
1023 2391 1068 2432 re·

74 2414 202 2533 sporldit.
243 2453 326 2512 Alius
351 2454 549 2531 percontanti,
575 2452 767 2516 Theodoram
788 2475 831 2516 aa
849 2452 1097 2534 Apotoaoreasa

75 2539 180 2600 esset?
220 2534 302 2616 Epo,
326 2538 431 2616 inquit,
451 2538 663 2617 parmularius
680 2558 757 2599 sam·
798 2538 861 2598 Nec
883 2558 953 2600 sane
977 2541 1070 2618 potuit

77 2622 215 2683 urbanius
233 2641 271 2681 ex
287 2622 471 2681 confessione
487 2623 619 2683 inscitiae
635 2641 705 2682 suae
723 2621 809 2682 elabi.
840 2622 931 2683 Porro
946 2624 985 2699 hi,
1003 2625 1068 2703 quia

77 2715 106 2767 et
127 2705 274 2766 beneficio
297 2707 403 2783 ingenii
424 2714 607 2783 praestantes
628 2714 693 2765 sunt
715 2705 803 2766 habiti
825 2715 854 2766 et
874 2708 962 2767 multa
984 2711 1068 2768 etiam

76 2790 215 2850 memoria
231 2790 316 2866 digna
332 2790 580 2863 exclamaverunt,
603 2790 741 2868 plurimos
761 2790 869 2850 habent
889 2791 998 2851 similes
1019 2810 1068 2851 ne·

76 2874 236 2952 gligentiae
258 2891 345 2948 snae,
366 2874 556 2951 paucissimos
578 2884 706 2934 naturae.
741 2873 832 2951 Igitur
847 2876 953 2953 impetu
969 2876 1099 2939 dicered

77 2977 111 3017 se
134 2966 164 3017 et
179 2957 288 3017 viribus
309 2958 348 3017 uti
366 2957 541 3033 gloriantur;
564 2977 660 3036 neque
684 2960 759 3018 enim
782 2976 855 3035 opus
875 2977 942 3018 esse
963 2958 1069 3036 proba·

76 3042 156 3102 tione
178 3050 225 3100 aut
245 3042 435 3119 dispositione
457 3042 484 3099 in
504 3040 592 3101 rebus
608 3042 701 3116 fictis,
724 3043 795 3118 sed,
822 3043 901 3102 cuias
916 3043 960 3100 rei
976 3043 1070 3119 gratia

76 3124 195 3203 plenum
210 3126 247 3183 sit
262 3125 448 3198 auditorium,
471 3127 623 3185 sententiis
637 3126 809 3203 grandibus,
827 3144 946 3203 quarum
963 3127 1070 3205 optima

77 3225 213 3288 quaeque
231 3227 247 3268 a
262 3208 393 3286 periculo
411 3218 535 3286 petatur.
567 3209 641 3283 Quin
657 3211 742 3269 etiam
759 3211 788 3268 in
803 3211 976 3287 cogitando,
992 3210 1100 3272 nullas

75 3292 189 3351 ratione
208 3291 332 3355 adhibita
356 3300 403 3351 aut
418 3302 526 3353 tectum
542 3295 686 3353 intuentes
701 3311 832 3369 magnum
847 3293 970 3373 aliquid,
991 3293 1069 3373 quod

75 3375 154 3436 ultro
171 3393 203 3434 se
220 3375 339 3449 olierat,
363 3375 493 3453 pluribus
516 3396 606 3455 saepe
624 3377 724 3436 diebus
741 3387 912 3456 expectant,
933 3387 981 3438 aut
996 3394 1068 3436 mur·

74 3477 158 3520 mure
174 3459 286 3519 incerto
302 3459 381 3521 velut
397 3459 523 3522 classico
538 3461 663 3520 instincti
673 3462 924 3522 concitatissimum
936 3460 1068 3539 corporis
