2434 3925
166 185 207 248 20
479 200 515 247 u.
532 200 609 247 rue.
626 199 843 259 oumrmmm

166 357 239 415 certi
254 354 400 414 adulterii:
423 350 556 415 Munera
570 356 651 416 dorni
663 356 786 415 incenia
800 364 889 425 sunm·
902 361 1052 437 pecunia,
1073 362 1166 421 cuius

123 447 272 501 euocetur
285 457 344 499 oon
358 445 459 507 extat·
480 440 629 514 codicilli,
655 440 779 500 dubium
799 442 844 501 ed
866 457 953 518 quem
973 445 1093 519 scripti.
1132 443 1163 503 ln

165 523 240 582 ialso
256 539 370 600 quoque
390 523 462 580 ratio
479 523 595 596 similis,
614 531 661 581 aut
679 523 752 581 enim
769 523 868 601 plures
882 526 911 583 in
926 525 1039 603 culpam
1053 544 1162 586 vocan-

165 617 210 665 tur
225 615 272 665 aut
291 625 372 665 unus.
412 604 449 665 Et
470 607 595 684 scriptor
617 606 730 684 quidem
751 625 867 685 semper
888 610 961 667 tueri
982 612 1160 686 signatorem

164 707 287 749 necesse
302 690 404 764 habet,
421 691 549 766 signator
566 692 738 768 scriptorem
756 707 813 749 non
830 709 962 769 semper,
982 711 1045 752 nam
1065 703 1095 752 et
1113 696 1159 753 de

164 775 222 852 cipi
237 776 338 852 potuit.
374 772 402 832 Is
421 783 530 847 autem,
553 775 601 852 qui
624 774 677 833 hos
701 774 865 833 adhibuisse
887 786 916 835 et
938 778 984 836 cui
1004 777 1032 836 id
1053 778 1159 837 lactum

164 859 283 932 dicitur,
309 868 338 916 et
362 858 533 934 scriptorem
555 867 584 916 et
605 859 768 933 signatores
789 859 934 920 defendet·
970 859 1060 919 Iidem
1077 879 1158 938 argu·

163 952 321 1001 mentorum
344 942 402 1000 loci
423 942 562 1000 incensis
584 941 756 1020 proditionis
772 951 802 1001 et
817 943 969 1004 affectatae
990 946 1157 1018 tyrannidis.

122 1041 157 1092 54
246 1026 353 1085 Verum
369 1025 418 1085 illa
435 1025 598 1084 scholarum
615 1027 793 1086 consuetudo
810 1028 890 1085 ituris
909 1030 937 1086 in
954 1029 1045 1087 iorum
1062 1037 1159 1106 potest

163 1127 289 1185 nocere,
306 1110 383 1187 quod
398 1111 508 1184 omnia,
526 1127 600 1186 quae
621 1111 650 1168 in
671 1110 797 1170 themate
818 1128 875 1169 non
897 1121 977 1186 sunt,
998 1128 1051 1188 pro
1077 1112 1159 1171 nobis

164 1194 301 1253 ducimus.
335 1192 514 1252 Adulterium
530 1192 647 1261 obiicis3
663 1195 733 1271 quis
747 1196 852 1255 testis?
867 1198 935 1272 quie
948 1197 1064 1256 iudex?
1081 1199 1160 1274 quod

160 1279 315 1355 pretium?
330 1279 398 1354 quic
413 1279 576 1338 conscius?
590 1277 752 1345 Venenum
769 1280 822 1339 ubi
837 1282 917 1340 cmi?
932 1300 952 1340 e
968 1282 1049 1357 quo?
1065 1297 1160 1357 quau-

164 1363 225 1422 do?
245 1363 375 1439 quenti?
387 1380 447 1439 per
461 1378 548 1438 quem
563 1362 661 1421 dedi?
677 1362 732 1421 Pro
748 1379 800 1421 reo
818 1364 973 1437 tyrannidis
990 1364 1159 1428 affectatae:
1203 1387 1204 1412 t

120 1447 215 1511 osuii
229 1453 299 1505 suut
313 1446 425 1506 arma?
446 1463 521 1523 quoe
540 1448 682 1507 coutroei
694 1448 860 1509 satellites?
874 1446 975 1525 Neque
992 1447 1067 1507 lraec
1085 1464 1176 1535 nego·

164 1546 232 1587 esse
250 1529 388 1605 dicenda,
412 1538 441 1589 et
456 1532 526 1606 ipsis
541 1530 675 1589 utendum
691 1546 744 1607 pro
762 1540 844 1608 parte
859 1540 1006 1610 suscepta.
1042 1530 1118 1590 Nam
1134 1539 1160 1589 et

163 1614 192 1671 in
214 1613 297 1687 loro,
320 1613 432 1690 quando
459 1614 640 1673 adversarius
669 1613 794 1692 probare
814 1631 871 1674 non
896 1616 1019 1693 poterit,
1046 1614 1158 1674 deside·

163 1696 243 1756 rabo.
275 1697 333 1757 Sed
348 1699 378 1772 in
399 1698 463 1757 loro
484 1706 589 1757 tautam
613 1697 689 1757 illam
713 1697 880 1757 facilitatem
897 1699 965 1758 olim
982 1699 1157 1757 desideravi·

162 1797 241 1857 mus,
264 1781 312 1841 ubi
332 1799 389 1841 non
412 1783 475 1842 lere
498 1800 584 1841 causa
608 1784 716 1858 agitur,
738 1790 769 1840 ut
789 1798 846 1841 non
866 1782 973 1860 aliquid
995 1800 1033 1841 ex
1049 1781 1096 1840 his
1114 1790 1159 1840 aut

121 1862 246 1943 55plura
265 1876 416 1945 ponantur.
453 1866 526 1925 Huic
547 1866 640 1924 simile
663 1874 723 1941 est,
746 1866 823 1942 quod
844 1867 873 1923 in
894 1866 1017 1945 epilogis
1035 1866 1157 1943 quidem,

163 1949 265 2028 quibus
293 1951 409 2026 volunt,
435 1951 562 2027 liberos,
592 1958 744 2029 parentes,
771 1951 896 2010 nutrices
927 1950 1157 2015 accommodant:

163 2036 217 2093 nisi
233 2035 310 2112 quod
331 2037 421 2112 magis
444 2037 628 2094 concesseris
645 2051 696 2110 ea,
719 2052 794 2111 quae
810 2051 867 2093 non
884 2037 940 2094 sint
956 2034 1066 2114 posita,
1084 2033 1156 2093 desi·

164 2118 268 2177 derare
284 2137 368 2197 quam
383 2119 519 2178 adiicere.

247 2202 292 2261 De
318 2206 410 2262 animo
434 2202 579 2280 quomodo
605 2210 775 2279 quaeratur,
800 2203 869 2260 satis
890 2201 995 2260 dictum
1016 2209 1077 2275 est,
1097 2219 1159 2260 cum

162 2287 201 2345 ita
223 2286 419 2361 diviserimus,
438 2288 482 2345 An
499 2283 645 2353 voluerit?
667 2289 702 2345 air
717 2280 864 2364 potuerit?
888 2302 923 2344 an
943 2281 1066 2343 iecerit?
1089 2283 1160 2344 Nam

164 2386 219 2447 qua
239 2371 286 2428 via
309 2379 463 2445 tractatur,
485 2389 520 2429 an
543 2370 682 2428 voluerit:
706 2369 823 2445 eadem,
846 2386 903 2447 qum
925 2370 1017 2428 animo
1041 2367 1159 2434 iecerit;

121 2456 154 2511 57
163 2453 191 2512 id
207 2454 280 2511 enim
298 2464 358 2529 est,
382 2454 427 2513 An
447 2455 521 2514 male
545 2453 644 2512 iacere
663 2454 797 2513 voluerit.
832 2450 910 2512 Ordo
932 2470 1047 2530 quoque
1065 2471 1161 2511 rerum

163 2545 211 2596 aut
227 2537 310 2596 affert
328 2547 375 2597 aut
394 2538 517 2597 detrahit
532 2538 631 2604 lidem;
649 2535 737 2597 multo
754 2537 867 2596 scilicet
881 2540 989 2613 magis,
1012 2554 1060 2594 res
1077 2545 1162 2614 prout

140 2692 141 2697 η
164 2630 324 2699 congruunt
345 2631 392 2681 aut
418 2631 588 2699 repugnant.
628 2622 686 2681 Sed
708 2623 781 2681 hacc
802 2622 856 2679 nisi
877 2622 904 2679 in
926 2623 990 2699 ipso
1007 2620 1161 2698 complexu

163 2723 312 2766 causarum
335 2723 392 2764 non
416 2705 676 2783 deprehenduntur.
708 2704 909 2779 Quaerendum
924 2715 1018 2765 tamen
1033 2722 1161 2783 semper,

163 2790 231 2868 qnid
248 2792 353 2869 cuique
371 2798 562 2851 connectatur
579 2789 691 2868 etquid
711 2791 882 2881 consentiat.

548 2942 590 2992 DE
609 2940 781 2992 FINITIONE.

247 3040 296 3100 ΙΙΙ.
320 3043 455 3120 Sequitur
470 3042 665 3101 coniecturam
688 3040 824 3099 finitio.
857 3037 944 3113 Nam,
963 3040 1084 3117 quinon
1100 3049 1162 3116 pot·

164 3134 209 3183 est
226 3125 325 3184 dicere
342 3126 412 3184 nihil
429 3126 554 3200 iecisse,
571 3127 731 3203 proximum
746 3123 879 3198 hebebit,
896 3132 926 3181 ut
941 3124 1117 3197 dicat„non
1136 3122 1164 3181 id

164 3209 288 3283 iecisse,
305 3209 381 3286 quod
398 3209 557 3268 obiiciatur.
592 3209 693 3286 ltaque
708 3207 837 3286 pluribus
854 3206 967 3284 legibus
983 3206 1086 3265 iisdem
1104 3207 1163 3283 qui-

163 3292 217 3351 bus
235 3294 400 3352 coniectura
422 3303 569 3368 versatur,
594 3293 773 3351 defensionis
789 3301 895 3352 tantum
911 3307 1022 3367 genere
1037 3300 1163 3349 mutato:

164 3386 195 3436 ut
212 3379 240 3435 in
255 3376 356 3453 furtis,
374 3376 530 3455 depositis,
548 3376 705 3436 adulteriis.
730 3375 826 3452 Nam,
843 3374 1080 3453 quemadmodum
1095 3374 1165 3432 dici·

164 3480 244 3547 mus,
261 3459 328 3522 Non
340 3462 405 3541 feci
416 3461 549 3539 lurtum,
564 3479 625 3521 nort
635 3461 744 3538 occepi
756 3461 941 3538 depositum,
955 3477 1014 3520 non
1030 3461 1167 3520 courmiss'
