<?xml version="1.0" encoding="UTF-8"?>
<!DOCTYPE html PUBLIC "-//W3C//DTD XHTML 1.0 Transitional//EN"
    "http://www.w3.org/TR/xhtml1/DTD/xhtml1-transitional.dtd">
<html xmlns="http://www.w3.org/1999/xhtml" xml:lang="en" lang="en">
 <head>
  <title>
</title>
<meta http-equiv="Content-Type" content="text/html;charset=utf-8" />
  <meta name='ocr-system' content='tesseract 3.04.00' />
  <meta name='ocr-capabilities' content='ocr_page ocr_carea ocr_par ocr_line ocrx_word'/>
</head>
<body>
  <div class='ocr_page' id='page_1' title='image "./mfabiiquintilia08bonngoog_0247.png"; bbox 0 0 2434 3925; ppageno 0'>
   <div class='ocr_carea' id='block_1_1' title="bbox 340 194 1048 277">
    <p class='ocr_par' dir='ltr' id='par_1_1' title="bbox 340 194 1048 277">
     <span class='ocr_line' id='line_1_1' title="bbox 340 194 1048 277; baseline 0.008 -21"><span class='ocrx_word' id='word_1_1' title='bbox 340 194 773 277; x_wconf 60' lang='lat' dir='ltr'><strong>rusuoauuomnmrtqn.</strong></span> <span class='ocrx_word' id='word_1_2' title='bbox 990 201 1048 262; x_wconf 81' lang='lat'><strong>173</strong></span> 
     </span>
    </p>
   </div>
   <div class='ocr_carea' id='block_1_2' title="bbox 10 286 1093 446">
    <p class='ocr_par' dir='ltr' id='par_1_2' title="bbox 10 286 1093 446">
     <span class='ocr_line' id='line_1_2' title="bbox 10 286 1093 446; baseline 0.009 -23"><span class='ocrx_word' id='word_1_3' title='bbox 10 286 12 421; x_wconf 43' lang='lat' dir='ltr'><strong>l</strong></span> <span class='ocrx_word' id='word_1_4' title='bbox 143 361 197 427; x_wconf 89' lang='lat' dir='ltr'><strong>llla</strong></span> <span class='ocrx_word' id='word_1_5' title='bbox 212 381 329 443; x_wconf 88' lang='lat' dir='ltr'><strong>quoque</strong></span> <span class='ocrx_word' id='word_1_6' title='bbox 349 373 380 424; x_wconf 92' lang='lat' dir='ltr'><strong>ut</strong></span> <span class='ocrx_word' id='word_1_7' title='bbox 399 365 554 425; x_wconf 80' lang='lat' dir='ltr'><strong>narrationi</strong></span> <span class='ocrx_word' id='word_1_8' title='bbox 571 372 637 442; x_wconf 89' lang='lat' dir='ltr'><strong>apta</strong></span> <span class='ocrx_word' id='word_1_9' title='bbox 659 364 697 424; x_wconf 90' lang='lat' dir='ltr'><strong>ita</strong></span> <span class='ocrx_word' id='word_1_10' title='bbox 713 382 777 439; x_wconf 87' lang='lat' dir='ltr'><strong>cum</strong></span> <span class='ocrx_word' id='word_1_11' title='bbox 799 368 905 426; x_wconf 86' lang='lat' dir='ltr'><strong>ceteris</strong></span> <span class='ocrx_word' id='word_1_12' title='bbox 921 344 1093 466; x_wconf 70' lang='lat' dir='ltr'><strong>partibus&#39;bt</strong></span> 
     </span>
    </p>
   </div>
   <div class='ocr_carea' id='block_1_3' title="bbox 6 435 1155 3552">
    <p class='ocr_par' dir='ltr' id='par_1_3' title="bbox 10 435 1051 549">
     <span class='ocr_line' id='line_1_3' title="bbox 10 435 1051 549; baseline 0.003 -42"><span class='ocrx_word' id='word_1_13' title='bbox 10 512 11 529; x_wconf 57' lang='lat'><strong>,</strong></span> <span class='ocrx_word' id='word_1_14' title='bbox 60 450 218 508; x_wconf 88' lang='lat' dir='ltr'><strong>eommunis</strong></span> <span class='ocrx_word' id='word_1_15' title='bbox 246 457 291 508; x_wconf 90' lang='lat' dir='ltr'><strong>est</strong></span> <span class='ocrx_word' id='word_1_16' title='bbox 315 450 421 524; x_wconf 87' lang='lat' dir='ltr'><strong>virtus,</strong></span> <span class='ocrx_word' id='word_1_17' title='bbox 456 466 540 525; x_wconf 90' lang='lat' dir='ltr'><strong>qnam</strong></span> <span class='ocrx_word' id='word_1_18' title='bbox 564 435 749 511; x_wconf 77' lang='lat' dir='ltr'><strong>Theodectes</strong></span> <span class='ocrx_word' id='word_1_19' title='bbox 774 448 840 509; x_wconf 89' lang='lat' dir='ltr'><strong>buio</strong></span> <span class='ocrx_word' id='word_1_20' title='bbox 859 451 907 510; x_wconf 89' lang='lat' dir='ltr'><strong>uni</strong></span> <span class='ocrx_word' id='word_1_21' title='bbox 932 454 1051 549; x_wconf 84' lang='lat' dir='ltr'><strong>proprie</strong></span> 
     </span>
    </p>

    <p class='ocr_par' dir='ltr' id='par_1_4' title="bbox 9 531 1093 1365">
     <span class='ocr_line' id='line_1_4' title="bbox 9 531 1051 665; baseline 0.003 -72"><span class='ocrx_word' id='word_1_22' title='bbox 9 534 12 665; x_wconf 70' lang='grc' dir='ltr'>Ι</span> <span class='ocrx_word' id='word_1_23' title='bbox 61 532 153 600; x_wconf 76' lang='lat' dir='ltr'><strong>dedit3</strong></span> <span class='ocrx_word' id='word_1_24' title='bbox 182 533 337 592; x_wconf 89' lang='lat' dir='ltr'><strong>nonenim</strong></span> <span class='ocrx_word' id='word_1_25' title='bbox 358 533 538 608; x_wconf 81' lang='lat' dir='ltr'><strong>magnilioam</strong></span> <span class='ocrx_word' id='word_1_26' title='bbox 558 532 645 591; x_wconf 92' lang='lat' dir='ltr'><strong>modo</strong></span> <span class='ocrx_word' id='word_1_27' title='bbox 668 531 729 591; x_wconf 87' lang='lat' dir='ltr'><strong>vult</strong></span> <span class='ocrx_word' id='word_1_28' title='bbox 751 541 818 591; x_wconf 82' lang='lat' dir='ltr'><strong>esse</strong></span> <span class='ocrx_word' id='word_1_29' title='bbox 842 552 941 594; x_wconf 86' lang='lat' dir='ltr'><strong>vemm</strong></span> <span class='ocrx_word' id='word_1_30' title='bbox 966 536 1051 596; x_wconf 86' lang='lat' dir='ltr'><strong>etiam</strong></span> 
     </span>
     <span class='ocr_line' id='line_1_5' title="bbox 62 615 1083 758; baseline 0.001 -81"><span class='ocrx_word' id='word_1_31' title='bbox 62 615 211 758; x_wconf 80' lang='lat' dir='ltr'><strong>ineundam</strong></span> <span class='ocrx_word' id='word_1_32' title='bbox 232 616 452 694; x_wconf 74' lang='lat' dir='ltr'><strong>expositionem</strong></span> <span class='ocrx_word' id='word_1_33' title='bbox 485 616 557 675; x_wconf 86' lang='lat' dir='ltr'><strong>Sunt</strong></span> <span class='ocrx_word' id='word_1_34' title='bbox 580 617 629 693; x_wconf 89' lang='lat' dir='ltr'><strong>qui</strong></span> <span class='ocrx_word' id='word_1_35' title='bbox 650 616 783 675; x_wconf 87' lang='lat' dir='ltr'><strong>adiiciant</strong></span> <span class='ocrx_word' id='word_1_36' title='bbox 803 616 847 676; x_wconf 84' lang='lat' dir='ltr'><strong>bis</strong></span> <span class='ocrx_word' id='word_1_37' title='bbox 868 618 1083 694; x_wconf 85' lang='lat' dir='ltr'><strong>evidentiam,</strong></span> 
     </span>
     <span class='ocr_line' id='line_1_6' title="bbox 61 693 1093 779; baseline 0.004 -22"><span class='ocrx_word' id='word_1_38' title='bbox 61 716 136 777; x_wconf 85' lang='lat' dir='ltr'><strong>quae</strong></span> <span class='ocrx_word' id='word_1_39' title='bbox 152 693 286 779; x_wconf 76' lang='grc' dir='ltr'><strong>ἐναργεια</strong></span> <span class='ocrx_word' id='word_1_40' title='bbox 303 698 415 759; x_wconf 87' lang='lat' dir='ltr'><strong>Graece</strong></span> <span class='ocrx_word' id='word_1_41' title='bbox 429 708 559 759; x_wconf 85' lang='lat' dir='ltr'><strong>vocatur.</strong></span> <span class='ocrx_word' id='word_1_42' title='bbox 588 698 691 777; x_wconf 89' lang='lat' dir='ltr'><strong>Neque</strong></span> <span class='ocrx_word' id='word_1_43' title='bbox 708 717 765 776; x_wconf 85' lang='lat' dir='ltr'><strong>ego</strong></span> <span class='ocrx_word' id='word_1_44' title='bbox 779 718 948 779; x_wconf 87' lang='lat' dir='ltr'><strong>quemquam</strong></span> <span class='ocrx_word' id='word_1_45' title='bbox 963 702 1093 767; x_wconf 64' lang='lat' dir='ltr'><strong>dece-m</strong></span> 
     </span>
     <span class='ocr_line' id='line_1_7' title="bbox 59 784 1050 863; baseline 0.004 -22"><span class='ocrx_word' id='word_1_46' title='bbox 59 784 169 861; x_wconf 80' lang='lat' dir='ltr'><strong>parim,</strong></span> <span class='ocrx_word' id='word_1_47' title='bbox 194 792 224 842; x_wconf 89' lang='lat' dir='ltr'><strong>ut</strong></span> <span class='ocrx_word' id='word_1_48' title='bbox 245 784 436 858; x_wconf 82' lang='lat' dir='ltr'><strong>dissimulem,</strong></span> <span class='ocrx_word' id='word_1_49' title='bbox 457 784 590 844; x_wconf 81' lang='lat' dir='ltr'><strong>Ciceroni</strong></span> <span class='ocrx_word' id='word_1_50' title='bbox 611 800 727 860; x_wconf 91' lang='lat' dir='ltr'><strong>quoque</strong></span> <span class='ocrx_word' id='word_1_51' title='bbox 748 784 846 860; x_wconf 89' lang='lat' dir='ltr'><strong>plures</strong></span> <span class='ocrx_word' id='word_1_52' title='bbox 868 794 966 862; x_wconf 89' lang='lat' dir='ltr'><strong>partes</strong></span> <span class='ocrx_word' id='word_1_53' title='bbox 988 786 1050 863; x_wconf 92' lang='lat' dir='ltr'><strong>pla·</strong></span> 
     </span>
     <span class='ocr_line' id='line_1_8' title="bbox 59 865 1050 945; baseline 0.002 -20"><span class='ocrx_word' id='word_1_54' title='bbox 59 884 140 925; x_wconf 88' lang='lat' dir='ltr'><strong>cere.</strong></span> <span class='ocrx_word' id='word_1_55' title='bbox 174 865 261 938; x_wconf 90' lang='lat' dir='ltr'><strong>Nam,</strong></span> <span class='ocrx_word' id='word_1_56' title='bbox 286 877 488 945; x_wconf 80' lang='lat' dir='ltr'><strong>praeterquam</strong></span> <span class='ocrx_word' id='word_1_57' title='bbox 508 867 623 945; x_wconf 86' lang='lat' dir='ltr'><strong>planam</strong></span> <span class='ocrx_word' id='word_1_58' title='bbox 644 876 674 925; x_wconf 88' lang='lat' dir='ltr'><strong>et</strong></span> <span class='ocrx_word' id='word_1_59' title='bbox 689 866 808 926; x_wconf 87' lang='lat' dir='ltr'><strong>brevem</strong></span> <span class='ocrx_word' id='word_1_60' title='bbox 831 877 861 928; x_wconf 90' lang='lat' dir='ltr'><strong>et</strong></span> <span class='ocrx_word' id='word_1_61' title='bbox 882 869 1050 929; x_wconf 84' lang='lat' dir='ltr'><strong>credibilem</strong></span> 
     </span>
     <span class='ocr_line' id='line_1_9' title="bbox 57 949 1049 1027; baseline 0.004 -18"><span class='ocrx_word' id='word_1_62' title='bbox 57 949 122 1009; x_wconf 84' lang='lat' dir='ltr'><strong>vult</strong></span> <span class='ocrx_word' id='word_1_63' title='bbox 138 967 204 1009; x_wconf 86' lang='lat' dir='ltr'><strong>esse</strong></span> <span class='ocrx_word' id='word_1_64' title='bbox 220 950 398 1026; x_wconf 88' lang='lat' dir='ltr'><strong>evidentem,</strong></span> <span class='ocrx_word' id='word_1_65' title='bbox 420 959 575 1027; x_wconf 85' lang='lat' dir='ltr'><strong>moratam,</strong></span> <span class='ocrx_word' id='word_1_66' title='bbox 596 969 660 1009; x_wconf 88' lang='lat' dir='ltr'><strong>oum</strong></span> <span class='ocrx_word' id='word_1_67' title='bbox 680 950 826 1026; x_wconf 77' lang='lat' dir='ltr'><strong>dignitate.</strong></span> <span class='ocrx_word' id='word_1_68' title='bbox 862 952 921 1011; x_wconf 90' lang='lat' dir='ltr'><strong>Sed</strong></span> <span class='ocrx_word' id='word_1_69' title='bbox 937 953 966 1010; x_wconf 91' lang='lat' dir='ltr'><strong>in</strong></span> <span class='ocrx_word' id='word_1_70' title='bbox 986 969 1049 1013; x_wconf 81' lang='lat' dir='ltr'><strong>ora·</strong></span> 
     </span>
     <span class='ocr_line' id='line_1_10' title="bbox 57 1034 1049 1113; baseline 0.001 -20"><span class='ocrx_word' id='word_1_71' title='bbox 57 1034 138 1093; x_wconf 90' lang='lat' dir='ltr'><strong>tione</strong></span> <span class='ocrx_word' id='word_1_72' title='bbox 152 1043 261 1093; x_wconf 87' lang='lat' dir='ltr'><strong>morata</strong></span> <span class='ocrx_word' id='word_1_73' title='bbox 283 1034 389 1095; x_wconf 91' lang='lat' dir='ltr'><strong>debent</strong></span> <span class='ocrx_word' id='word_1_74' title='bbox 410 1052 477 1094; x_wconf 86' lang='lat' dir='ltr'><strong>esse</strong></span> <span class='ocrx_word' id='word_1_75' title='bbox 498 1037 592 1094; x_wconf 86' lang='lat' dir='ltr'><strong>omnia</strong></span> <span class='ocrx_word' id='word_1_76' title='bbox 613 1052 676 1103; x_wconf 89' lang='lat' dir='ltr'><strong>cum</strong></span> <span class='ocrx_word' id='word_1_77' title='bbox 693 1034 846 1111; x_wconf 81' lang='lat' dir='ltr'><strong>dignitate,</strong></span> <span class='ocrx_word' id='word_1_78' title='bbox 871 1052 945 1112; x_wconf 88' lang='lat' dir='ltr'><strong>quae</strong></span> <span class='ocrx_word' id='word_1_79' title='bbox 967 1045 1049 1113; x_wconf 90' lang='lat' dir='ltr'><strong>pote·</strong></span> 
     </span>
     <span class='ocr_line' id='line_1_11' title="bbox 57 1116 1050 1195; baseline 0.002 -20"><span class='ocrx_word' id='word_1_80' title='bbox 57 1125 133 1176; x_wconf 87' lang='lat' dir='ltr'><strong>runt.</strong></span> <span class='ocrx_word' id='word_1_81' title='bbox 170 1116 322 1178; x_wconf 81' lang='lat' dir='ltr'><strong>Evidentia</strong></span> <span class='ocrx_word' id='word_1_82' title='bbox 347 1120 375 1177; x_wconf 92' lang='lat' dir='ltr'><strong>in</strong></span> <span class='ocrx_word' id='word_1_83' title='bbox 395 1121 576 1194; x_wconf 87' lang='lat' dir='ltr'><strong>narratione,</strong></span> <span class='ocrx_word' id='word_1_84' title='bbox 598 1127 731 1195; x_wconf 90' lang='lat' dir='ltr'><strong>quantum</strong></span> <span class='ocrx_word' id='word_1_85' title='bbox 753 1136 810 1194; x_wconf 77' lang='lat' dir='ltr'><strong>ego</strong></span> <span class='ocrx_word' id='word_1_86' title='bbox 831 1119 981 1195; x_wconf 78' lang='lat' dir='ltr'><strong>intelligo,</strong></span> <span class='ocrx_word' id='word_1_87' title='bbox 1004 1128 1050 1177; x_wconf 89' lang='lat' dir='ltr'><strong>est</strong></span> 
     </span>
     <span class='ocr_line' id='line_1_12' title="bbox 59 1201 1049 1280; baseline 0.003 -21"><span class='ocrx_word' id='word_1_88' title='bbox 59 1201 176 1278; x_wconf 91' lang='lat' dir='ltr'><strong>quidem</strong></span> <span class='ocrx_word' id='word_1_89' title='bbox 199 1219 301 1278; x_wconf 77' lang='lat' dir='ltr'><strong>magna</strong></span> <span class='ocrx_word' id='word_1_90' title='bbox 322 1202 431 1278; x_wconf 77' lang='lat' dir='ltr'><strong>uirtus,</strong></span> <span class='ocrx_word' id='word_1_91' title='bbox 453 1220 533 1277; x_wconf 87' lang='lat' dir='ltr'><strong>cnm,</strong></span> <span class='ocrx_word' id='word_1_92' title='bbox 556 1202 623 1280; x_wconf 91' lang='lat' dir='ltr'><strong>quid</strong></span> <span class='ocrx_word' id='word_1_93' title='bbox 645 1204 722 1277; x_wconf 90' lang='lat' dir='ltr'><strong>veri,</strong></span> <span class='ocrx_word' id='word_1_94' title='bbox 746 1219 803 1260; x_wconf 90' lang='lat' dir='ltr'><strong>non</strong></span> <span class='ocrx_word' id='word_1_95' title='bbox 823 1203 975 1262; x_wconf 85' lang='lat' dir='ltr'><strong>dicendum</strong></span> <span class='ocrx_word' id='word_1_96' title='bbox 995 1202 1049 1263; x_wconf 87' lang='lat' dir='ltr'><strong>sed</strong></span> 
     </span>
     <span class='ocr_line' id='line_1_13' title="bbox 58 1284 1049 1365; baseline 0.001 -22"><span class='ocrx_word' id='word_1_97' title='bbox 58 1284 267 1361; x_wconf 89' lang='lat' dir='ltr'><strong>quodammodo</strong></span> <span class='ocrx_word' id='word_1_98' title='bbox 283 1286 368 1345; x_wconf 88' lang='lat' dir='ltr'><strong>etiam</strong></span> <span class='ocrx_word' id='word_1_99' title='bbox 388 1287 595 1347; x_wconf 87' lang='lat' dir='ltr'><strong>ostendendum</strong></span> <span class='ocrx_word' id='word_1_100' title='bbox 618 1294 677 1353; x_wconf 90' lang='lat' dir='ltr'><strong>est;</strong></span> <span class='ocrx_word' id='word_1_101' title='bbox 699 1285 752 1345; x_wconf 88' lang='lat' dir='ltr'><strong>sed</strong></span> <span class='ocrx_word' id='word_1_102' title='bbox 767 1286 869 1347; x_wconf 87' lang='lat' dir='ltr'><strong>subiici</strong></span> <span class='ocrx_word' id='word_1_103' title='bbox 888 1287 1049 1365; x_wconf 87' lang='lat' dir='ltr'><strong>perspicui·</strong></span> 
     </span>
    </p>

    <p class='ocr_par' dir='ltr' id='par_1_5' title="bbox 6 1369 1048 1449">
     <span class='ocr_line' id='line_1_14' title="bbox 6 1369 1048 1449; baseline 0.002 -23"><span class='ocrx_word' id='word_1_104' title='bbox 6 1446 7 1449; x_wconf 8' lang='grc' dir='ltr'><strong>Ἴ</strong></span> <span class='ocrx_word' id='word_1_105' title='bbox 57 1369 110 1427; x_wconf 89' lang='lat' dir='ltr'><strong>tati</strong></span> <span class='ocrx_word' id='word_1_106' title='bbox 130 1377 242 1445; x_wconf 90' lang='lat' dir='ltr'><strong>potest,</strong></span> <span class='ocrx_word' id='word_1_107' title='bbox 265 1386 349 1447; x_wconf 91' lang='lat' dir='ltr'><strong>quam</strong></span> <span class='ocrx_word' id='word_1_108' title='bbox 364 1371 477 1447; x_wconf 91' lang='lat' dir='ltr'><strong>quidam</strong></span> <span class='ocrx_word' id='word_1_109' title='bbox 497 1372 581 1430; x_wconf 87' lang='lat' dir='ltr'><strong>etiam</strong></span> <span class='ocrx_word' id='word_1_110' title='bbox 603 1371 775 1429; x_wconf 84' lang='lat' dir='ltr'><strong>contrariam</strong></span> <span class='ocrx_word' id='word_1_111' title='bbox 797 1371 909 1430; x_wconf 91' lang='lat' dir='ltr'><strong>interim</strong></span> <span class='ocrx_word' id='word_1_112' title='bbox 930 1379 1048 1448; x_wconf 85' lang='lat' dir='ltr'><strong>putave-</strong></span> 
     </span>
    </p>

    <p class='ocr_par' dir='ltr' id='par_1_6' title="bbox 6 1452 1047 1541">
     <span class='ocr_line' id='line_1_15' title="bbox 56 1452 1047 1531; baseline 0.002 -19.904"><span class='ocrx_word' id='word_1_113' title='bbox 56 1459 140 1526; x_wconf 86' lang='lat' dir='ltr'><strong>runt,</strong></span> <span class='ocrx_word' id='word_1_114' title='bbox 168 1453 233 1531; x_wconf 91' lang='lat' dir='ltr'><strong>quia</strong></span> <span class='ocrx_word' id='word_1_115' title='bbox 257 1455 286 1512; x_wconf 92' lang='lat' dir='ltr'><strong>in</strong></span> <span class='ocrx_word' id='word_1_116' title='bbox 309 1453 477 1531; x_wconf 88' lang='lat' dir='ltr'><strong>quibusdam</strong></span> <span class='ocrx_word' id='word_1_117' title='bbox 500 1455 594 1523; x_wconf 85' lang='lat' dir='ltr'><strong>causis</strong></span> <span class='ocrx_word' id='word_1_118' title='bbox 618 1452 798 1513; x_wconf 87' lang='lat' dir='ltr'><strong>obscuranda</strong></span> <span class='ocrx_word' id='word_1_119' title='bbox 821 1457 930 1514; x_wconf 81' lang='lat' dir='ltr'><strong>veritas</strong></span> <span class='ocrx_word' id='word_1_120' title='bbox 953 1464 1047 1521; x_wconf 87' lang='lat' dir='ltr'><strong>esset;</strong></span> 
     </span>
    </p>

    <p class='ocr_par' dir='ltr' id='par_1_7' title="bbox 6 1535 1090 1781">
     <span class='ocr_line' id='line_1_16' title="bbox 6 1535 1090 1615; baseline 0.002 -19"><span class='ocrx_word' id='word_1_121' title='bbox 6 1546 7 1569; x_wconf 66' lang='lat'>¹</span> <span class='ocrx_word' id='word_1_122' title='bbox 59 1535 137 1612; x_wconf 88' lang='lat' dir='ltr'><strong>quod</strong></span> <span class='ocrx_word' id='word_1_123' title='bbox 158 1545 203 1595; x_wconf 91' lang='lat' dir='ltr'><strong>est</strong></span> <span class='ocrx_word' id='word_1_124' title='bbox 221 1537 381 1597; x_wconf 88' lang='lat' dir='ltr'><strong>ridiculum.</strong></span> <span class='ocrx_word' id='word_1_125' title='bbox 417 1537 489 1597; x_wconf 92' lang='lat' dir='ltr'><strong>Nam</strong></span> <span class='ocrx_word' id='word_1_126' title='bbox 510 1539 558 1615; x_wconf 93' lang='lat' dir='ltr'><strong>qui</strong></span> <span class='ocrx_word' id='word_1_127' title='bbox 579 1536 738 1597; x_wconf 86' lang='lat' dir='ltr'><strong>obscurare</strong></span> <span class='ocrx_word' id='word_1_128' title='bbox 761 1537 838 1613; x_wconf 88' lang='lat' dir='ltr'><strong>vult,</strong></span> <span class='ocrx_word' id='word_1_129' title='bbox 858 1547 954 1598; x_wconf 86' lang='lat' dir='ltr'><strong>narrat</strong></span> <span class='ocrx_word' id='word_1_130' title='bbox 976 1538 1090 1599; x_wconf 73' lang='lat' dir='ltr'><strong>falsatis</strong></span> 
     </span>
     <span class='ocr_line' id='line_1_17' title="bbox 58 1620 1049 1700; baseline 0.002 -22"><span class='ocrx_word' id='word_1_131' title='bbox 58 1622 219 1697; x_wconf 84' lang='lat' dir='ltr'><strong>provenis,</strong></span> <span class='ocrx_word' id='word_1_132' title='bbox 236 1629 266 1692; x_wconf 77' lang='lat' dir='ltr'><strong>et</strong></span> <span class='ocrx_word' id='word_1_133' title='bbox 280 1622 310 1679; x_wconf 89' lang='lat' dir='ltr'><strong>in</strong></span> <span class='ocrx_word' id='word_1_134' title='bbox 323 1620 368 1680; x_wconf 91' lang='lat' dir='ltr'><strong>his</strong></span> <span class='ocrx_word' id='word_1_135' title='bbox 384 1638 459 1700; x_wconf 85' lang='lat' dir='ltr'><strong>quae</strong></span> <span class='ocrx_word' id='word_1_136' title='bbox 472 1630 569 1682; x_wconf 89' lang='lat' dir='ltr'><strong>narrat</strong></span> <span class='ocrx_word' id='word_1_137' title='bbox 584 1620 672 1681; x_wconf 87' lang='lat' dir='ltr'><strong>debat</strong></span> <span class='ocrx_word' id='word_1_138' title='bbox 687 1620 838 1697; x_wconf 86' lang='lat' dir='ltr'><strong>laborare,</strong></span> <span class='ocrx_word' id='word_1_139' title='bbox 856 1631 886 1681; x_wconf 92' lang='lat' dir='ltr'><strong>ut</strong></span> <span class='ocrx_word' id='word_1_140' title='bbox 900 1623 1049 1684; x_wconf 87' lang='lat' dir='ltr'><strong>videantur</strong></span> 
     </span>
     <span class='ocr_line' id='line_1_18' title="bbox 58 1703 379 1781; baseline 0 -20"><span class='ocrx_word' id='word_1_141' title='bbox 58 1719 143 1781; x_wconf 86' lang='lat' dir='ltr'><strong>quarn</strong></span> <span class='ocrx_word' id='word_1_142' title='bbox 159 1703 379 1764; x_wconf 80' lang='lat' dir='ltr'><strong>euidentissima.</strong></span> 
     </span>
    </p>

    <p class='ocr_par' dir='ltr' id='par_1_8' title="bbox 141 1783 1091 1866">
     <span class='ocr_line' id='line_1_19' title="bbox 141 1783 1091 1866; baseline 0.004 -19"><span class='ocrx_word' id='word_1_143' title='bbox 141 1783 180 1847; x_wconf 80' lang='lat' dir='ltr'><strong>llt</strong></span> <span class='ocrx_word' id='word_1_144' title='bbox 194 1796 333 1866; x_wconf 89' lang='lat' dir='ltr'><strong>quatenus</strong></span> <span class='ocrx_word' id='word_1_145' title='bbox 354 1790 439 1848; x_wconf 87' lang='lat' dir='ltr'><strong>etiam</strong></span> <span class='ocrx_word' id='word_1_146' title='bbox 458 1789 535 1848; x_wconf 81' lang='lat' dir='ltr'><strong>forte</strong></span> <span class='ocrx_word' id='word_1_147' title='bbox 553 1788 673 1866; x_wconf 90' lang='lat' dir='ltr'><strong>quadam</strong></span> <span class='ocrx_word' id='word_1_148' title='bbox 692 1788 875 1866; x_wconf 77' lang='lat' dir='ltr'><strong>pervenimus</strong></span> <span class='ocrx_word' id='word_1_149' title='bbox 890 1787 926 1847; x_wconf 94' lang='lat' dir='ltr'><strong>ad</strong></span> <span class='ocrx_word' id='word_1_150' title='bbox 947 1787 1091 1850; x_wconf 83' lang='lat' dir='ltr'><strong>diffini-66</strong></span> 
     </span>
    </p>

    <p class='ocr_par' dir='ltr' id='par_1_9' title="bbox 49 1869 1155 3552">
     <span class='ocr_line' id='line_1_20' title="bbox 57 1869 1048 1949; baseline -0.003 -17"><span class='ocrx_word' id='word_1_151' title='bbox 57 1869 113 1932; x_wconf 86' lang='lat' dir='ltr'><strong>lius</strong></span> <span class='ocrx_word' id='word_1_152' title='bbox 127 1873 320 1935; x_wconf 85' lang='lat' dir='ltr'><strong>narrationum</strong></span> <span class='ocrx_word' id='word_1_153' title='bbox 336 1890 444 1948; x_wconf 81' lang='lat' dir='ltr'><strong>genus,</strong></span> <span class='ocrx_word' id='word_1_154' title='bbox 468 1874 523 1931; x_wconf 89' lang='lat' dir='ltr'><strong>iam</strong></span> <span class='ocrx_word' id='word_1_155' title='bbox 538 1872 573 1932; x_wconf 93' lang='lat' dir='ltr'><strong>de</strong></span> <span class='ocrx_word' id='word_1_156' title='bbox 589 1872 634 1930; x_wconf 92' lang='lat' dir='ltr'><strong>bis</strong></span> <span class='ocrx_word' id='word_1_157' title='bbox 650 1871 815 1949; x_wconf 88' lang='lat' dir='ltr'><strong>loquamur,</strong></span> <span class='ocrx_word' id='word_1_158' title='bbox 837 1873 866 1930; x_wconf 90' lang='lat' dir='ltr'><strong>in</strong></span> <span class='ocrx_word' id='word_1_159' title='bbox 882 1869 984 1947; x_wconf 90' lang='lat' dir='ltr'><strong>quibus</strong></span> <span class='ocrx_word' id='word_1_160' title='bbox 1000 1888 1048 1929; x_wconf 90' lang='lat' dir='ltr'><strong>res</strong></span> 
     </span>
     <span class='ocr_line' id='line_1_21' title="bbox 58 1954 1047 2034; baseline 0.001 -21"><span class='ocrx_word' id='word_1_161' title='bbox 58 1964 187 2015; x_wconf 85' lang='lat' dir='ltr'><strong>eontra</strong></span> <span class='ocrx_word' id='word_1_162' title='bbox 209 1973 274 2015; x_wconf 88' lang='lat' dir='ltr'><strong>nos</strong></span> <span class='ocrx_word' id='word_1_163' title='bbox 296 1957 367 2032; x_wconf 86' lang='lat' dir='ltr'><strong>erit,</strong></span> <span class='ocrx_word' id='word_1_164' title='bbox 390 1973 447 2034; x_wconf 94' lang='lat' dir='ltr'><strong>quo</strong></span> <span class='ocrx_word' id='word_1_165' title='bbox 464 1956 532 2016; x_wconf 90' lang='lat' dir='ltr'><strong>loco</strong></span> <span class='ocrx_word' id='word_1_166' title='bbox 547 1955 676 2016; x_wconf 89' lang='lat' dir='ltr'><strong>nonnulli</strong></span> <span class='ocrx_word' id='word_1_167' title='bbox 692 1954 931 2033; x_wconf 86' lang='lat' dir='ltr'><strong>praetereundam</strong></span> <span class='ocrx_word' id='word_1_168' title='bbox 951 1972 1047 2014; x_wconf 87' lang='lat' dir='ltr'><strong>narra·</strong></span> 
     </span>
     <span class='ocr_line' id='line_1_22' title="bbox 56 2039 1048 2117; baseline -0.002 -20"><span class='ocrx_word' id='word_1_169' title='bbox 56 2039 164 2098; x_wconf 89' lang='lat' dir='ltr'><strong>tionem</strong></span> <span class='ocrx_word' id='word_1_170' title='bbox 185 2048 364 2117; x_wconf 87' lang='lat' dir='ltr'><strong>putaverunt.</strong></span> <span class='ocrx_word' id='word_1_171' title='bbox 402 2040 440 2100; x_wconf 84' lang='lat' dir='ltr'><strong>Et</strong></span> <span class='ocrx_word' id='word_1_172' title='bbox 459 2057 530 2099; x_wconf 86' lang='lat' dir='ltr'><strong>sane</strong></span> <span class='ocrx_word' id='word_1_173' title='bbox 549 2040 619 2100; x_wconf 88' lang='lat' dir='ltr'><strong>nihil</strong></span> <span class='ocrx_word' id='word_1_174' title='bbox 640 2047 686 2098; x_wconf 89' lang='lat' dir='ltr'><strong>est</strong></span> <span class='ocrx_word' id='word_1_175' title='bbox 705 2039 832 2113; x_wconf 83' lang='lat' dir='ltr'><strong>lucilius,</strong></span> <span class='ocrx_word' id='word_1_176' title='bbox 853 2039 907 2097; x_wconf 87' lang='lat' dir='ltr'><strong>nisi</strong></span> <span class='ocrx_word' id='word_1_177' title='bbox 928 2054 1048 2116; x_wconf 90' lang='lat' dir='ltr'><strong>prorsus</strong></span> 
     </span>
     <span class='ocr_line' id='line_1_23' title="bbox 56 2122 1048 2200; baseline -0.001 -19"><span class='ocrx_word' id='word_1_178' title='bbox 56 2130 146 2183; x_wconf 86' lang='lat' dir='ltr'><strong>totam</strong></span> <span class='ocrx_word' id='word_1_179' title='bbox 164 2140 279 2182; x_wconf 87' lang='lat' dir='ltr'><strong>oausam</strong></span> <span class='ocrx_word' id='word_1_180' title='bbox 293 2125 406 2184; x_wconf 90' lang='lat' dir='ltr'><strong>omuino</strong></span> <span class='ocrx_word' id='word_1_181' title='bbox 423 2140 481 2182; x_wconf 89' lang='lat' dir='ltr'><strong>non</strong></span> <span class='ocrx_word' id='word_1_182' title='bbox 495 2142 595 2200; x_wconf 81' lang='lat' dir='ltr'><strong>agere.</strong></span> <span class='ocrx_word' id='word_1_183' title='bbox 625 2123 685 2183; x_wconf 89' lang='lat' dir='ltr'><strong>Sed</strong></span> <span class='ocrx_word' id='word_1_184' title='bbox 697 2125 722 2181; x_wconf 87' lang='lat' dir='ltr'><strong>si</strong></span> <span class='ocrx_word' id='word_1_185' title='bbox 738 2122 832 2200; x_wconf 88' lang='lat' dir='ltr'><strong>aliqua</strong></span> <span class='ocrx_word' id='word_1_186' title='bbox 847 2123 921 2181; x_wconf 86' lang='lat' dir='ltr'><strong>iusta</strong></span> <span class='ocrx_word' id='word_1_187' title='bbox 936 2122 1048 2180; x_wconf 86' lang='lat' dir='ltr'><strong>ratione</strong></span> 
     </span>
     <span class='ocr_line' id='line_1_24' title="bbox 56 2204 1047 2286; baseline -0.001 -20"><span class='ocrx_word' id='word_1_188' title='bbox 56 2205 217 2266; x_wconf 88' lang='lat' dir='ltr'><strong>huiusmodi</strong></span> <span class='ocrx_word' id='word_1_189' title='bbox 241 2208 408 2286; x_wconf 77' lang='lat' dir='ltr'><strong>susceperis</strong></span> <span class='ocrx_word' id='word_1_190' title='bbox 434 2208 530 2268; x_wconf 91' lang='lat' dir='ltr'><strong>litem:</strong></span> <span class='ocrx_word' id='word_1_191' title='bbox 562 2208 643 2267; x_wconf 87' lang='lat' dir='ltr'><strong>cuius</strong></span> <span class='ocrx_word' id='word_1_192' title='bbox 669 2208 738 2265; x_wconf 88' lang='lat' dir='ltr'><strong>artis</strong></span> <span class='ocrx_word' id='word_1_193' title='bbox 767 2215 827 2281; x_wconf 91' lang='lat' dir='ltr'><strong>est,</strong></span> <span class='ocrx_word' id='word_1_194' title='bbox 855 2204 958 2265; x_wconf 89' lang='lat' dir='ltr'><strong>malam</strong></span> <span class='ocrx_word' id='word_1_195' title='bbox 980 2222 1047 2265; x_wconf 90' lang='lat' dir='ltr'><strong>esse</strong></span> 
     </span>
     <span class='ocr_line' id='line_1_25' title="bbox 56 2283 1049 2362; baseline -0.001 -13"><span class='ocrx_word' id='word_1_196' title='bbox 56 2306 174 2350; x_wconf 87' lang='lat' dir='ltr'><strong>eausam</strong></span> <span class='ocrx_word' id='word_1_197' title='bbox 195 2289 311 2362; x_wconf 85' lang='lat' dir='ltr'><strong>silentio</strong></span> <span class='ocrx_word' id='word_1_198' title='bbox 337 2283 487 2351; x_wconf 68' lang='lat' dir='ltr'><strong>confiteri?</strong></span> <span class='ocrx_word' id='word_1_199' title='bbox 511 2292 564 2350; x_wconf 88' lang='lat' dir='ltr'><strong>nisi</strong></span> <span class='ocrx_word' id='word_1_200' title='bbox 585 2292 661 2351; x_wconf 81' lang='lat' dir='ltr'><strong>forte</strong></span> <span class='ocrx_word' id='word_1_201' title='bbox 683 2298 739 2349; x_wconf 91' lang='lat' dir='ltr'><strong>tam</strong></span> <span class='ocrx_word' id='word_1_202' title='bbox 759 2289 850 2350; x_wconf 87' lang='lat' dir='ltr'><strong>bebes</strong></span> <span class='ocrx_word' id='word_1_203' title='bbox 871 2289 984 2348; x_wconf 87' lang='lat' dir='ltr'><strong>iuturus</strong></span> <span class='ocrx_word' id='word_1_204' title='bbox 1004 2297 1049 2348; x_wconf 89' lang='lat' dir='ltr'><strong>est</strong></span> 
     </span>
     <span class='ocr_line' id='line_1_26' title="bbox 55 2372 1155 2453; baseline -0.002 -20"><span class='ocrx_word' id='word_1_205' title='bbox 55 2373 161 2449; x_wconf 84' lang='lat' dir='ltr'><strong>iudex,</strong></span> <span class='ocrx_word' id='word_1_206' title='bbox 179 2381 210 2433; x_wconf 92' lang='lat' dir='ltr'><strong>ut</strong></span> <span class='ocrx_word' id='word_1_207' title='bbox 225 2375 380 2434; x_wconf 89' lang='lat' dir='ltr'><strong>secundum</strong></span> <span class='ocrx_word' id='word_1_208' title='bbox 394 2376 423 2436; x_wconf 93' lang='lat' dir='ltr'><strong>id</strong></span> <span class='ocrx_word' id='word_1_209' title='bbox 438 2377 618 2453; x_wconf 86' lang='lat' dir='ltr'><strong>pronuntiet,</strong></span> <span class='ocrx_word' id='word_1_210' title='bbox 641 2372 717 2452; x_wconf 94' lang='lat' dir='ltr'><strong>quod</strong></span> <span class='ocrx_word' id='word_1_211' title='bbox 732 2375 806 2433; x_wconf 87' lang='lat' dir='ltr'><strong>sciet</strong></span> <span class='ocrx_word' id='word_1_212' title='bbox 821 2390 937 2433; x_wconf 88' lang='lat' dir='ltr'><strong>narrare</strong></span> <span class='ocrx_word' id='word_1_213' title='bbox 953 2381 983 2431; x_wconf 88' lang='lat' dir='ltr'><strong>te</strong></span> <span class='ocrx_word' id='word_1_214' title='bbox 997 2390 1047 2431; x_wconf 88' lang='lat' dir='ltr'><strong>no·</strong></span> <span class='ocrx_word' id='word_1_215' title='bbox 1148 2437 1155 2449; x_wconf 33' lang='lat'>¹</span> 
     </span>
     <span class='ocr_line' id='line_1_27' title="bbox 56 2455 1089 2536; baseline -0.003 -19"><span class='ocrx_word' id='word_1_216' title='bbox 56 2457 158 2517; x_wconf 87' lang='lat' dir='ltr'><strong>luisse.</strong></span> <span class='ocrx_word' id='word_1_217' title='bbox 195 2455 297 2536; x_wconf 87' lang='lat' dir='ltr'><strong>Neque</strong></span> <span class='ocrx_word' id='word_1_218' title='bbox 318 2458 420 2518; x_wconf 83' lang='lat' dir='ltr'><strong>infitias</strong></span> <span class='ocrx_word' id='word_1_219' title='bbox 436 2475 489 2533; x_wconf 90' lang='lat' dir='ltr'><strong>eo,</strong></span> <span class='ocrx_word' id='word_1_220' title='bbox 510 2461 538 2518; x_wconf 93' lang='lat' dir='ltr'><strong>in</strong></span> <span class='ocrx_word' id='word_1_221' title='bbox 557 2459 736 2533; x_wconf 85' lang='lat' dir='ltr'><strong>narratione,</strong></span> <span class='ocrx_word' id='word_1_222' title='bbox 757 2466 788 2516; x_wconf 90' lang='lat' dir='ltr'><strong>nt</strong></span> <span class='ocrx_word' id='word_1_223' title='bbox 803 2457 897 2535; x_wconf 90' lang='lat' dir='ltr'><strong>aliqua</strong></span> <span class='ocrx_word' id='word_1_224' title='bbox 917 2457 1048 2533; x_wconf 85' lang='lat' dir='ltr'><strong>neganda</strong></span> <span class='ocrx_word' id='word_1_225' title='bbox 1056 2458 1089 2514; x_wconf 86' lang='grc'><strong>67</strong></span> 
     </span>
     <span class='ocr_line' id='line_1_28' title="bbox 55 2541 1047 2621; baseline 0 -22"><span class='ocrx_word' id='word_1_226' title='bbox 55 2541 153 2620; x_wconf 87' lang='lat' dir='ltr'><strong>aliqua</strong></span> <span class='ocrx_word' id='word_1_227' title='bbox 173 2541 332 2603; x_wconf 87' lang='lat' dir='ltr'><strong>adiicienda</strong></span> <span class='ocrx_word' id='word_1_228' title='bbox 349 2543 445 2621; x_wconf 87' lang='lat' dir='ltr'><strong>aliqua</strong></span> <span class='ocrx_word' id='word_1_229' title='bbox 461 2544 608 2617; x_wconf 87' lang='lat' dir='ltr'><strong>mutanda,</strong></span> <span class='ocrx_word' id='word_1_230' title='bbox 627 2544 670 2602; x_wconf 89' lang='lat' dir='ltr'><strong>sio</strong></span> <span class='ocrx_word' id='word_1_231' title='bbox 690 2542 786 2620; x_wconf 89' lang='lat' dir='ltr'><strong>aliqua</strong></span> <span class='ocrx_word' id='word_1_232' title='bbox 806 2544 891 2601; x_wconf 87' lang='lat' dir='ltr'><strong>etiam</strong></span> <span class='ocrx_word' id='word_1_233' title='bbox 912 2541 1047 2606; x_wconf 81' lang='lat' dir='ltr'><strong>tacenda:</strong></span> 
     </span>
     <span class='ocr_line' id='line_1_29' title="bbox 56 2623 1048 2704; baseline 0 -22"><span class='ocrx_word' id='word_1_234' title='bbox 56 2624 110 2684; x_wconf 90' lang='lat' dir='ltr'><strong>sed</strong></span> <span class='ocrx_word' id='word_1_235' title='bbox 130 2625 269 2701; x_wconf 84' lang='lat' dir='ltr'><strong>tacenda,</strong></span> <span class='ocrx_word' id='word_1_236' title='bbox 293 2643 367 2703; x_wconf 90' lang='lat' dir='ltr'><strong>quae</strong></span> <span class='ocrx_word' id='word_1_237' title='bbox 386 2634 487 2688; x_wconf 81' lang='lat' dir='ltr'><strong>tacere</strong></span> <span class='ocrx_word' id='word_1_238' title='bbox 507 2625 654 2704; x_wconf 90' lang='lat' dir='ltr'><strong>oportebit</strong></span> <span class='ocrx_word' id='word_1_239' title='bbox 676 2635 705 2685; x_wconf 90' lang='lat' dir='ltr'><strong>et</strong></span> <span class='ocrx_word' id='word_1_240' title='bbox 724 2626 844 2685; x_wconf 88' lang='lat' dir='ltr'><strong>liberum</strong></span> <span class='ocrx_word' id='word_1_241' title='bbox 866 2627 930 2684; x_wconf 90' lang='lat' dir='ltr'><strong>erit.</strong></span> <span class='ocrx_word' id='word_1_242' title='bbox 959 2623 1048 2696; x_wconf 79' lang='lat' dir='ltr'><strong>Quod</strong></span> 
     </span>
     <span class='ocr_line' id='line_1_30' title="bbox 56 2706 1047 2789; baseline 0 -22"><span class='ocrx_word' id='word_1_243' title='bbox 56 2707 88 2767; x_wconf 82' lang='lat' dir='ltr'><strong>bt</strong></span> <span class='ocrx_word' id='word_1_244' title='bbox 110 2725 311 2788; x_wconf 87' lang='lat' dir='ltr'><strong>nonnunquam</strong></span> <span class='ocrx_word' id='word_1_245' title='bbox 329 2708 479 2769; x_wconf 88' lang='lat' dir='ltr'><strong>brevitatis</strong></span> <span class='ocrx_word' id='word_1_246' title='bbox 503 2727 621 2789; x_wconf 91' lang='lat' dir='ltr'><strong>quoque</strong></span> <span class='ocrx_word' id='word_1_247' title='bbox 643 2711 752 2785; x_wconf 82' lang='lat' dir='ltr'><strong>gratia,</strong></span> <span class='ocrx_word' id='word_1_248' title='bbox 783 2710 870 2786; x_wconf 86' lang='lat' dir='ltr'><strong>quale</strong></span> <span class='ocrx_word' id='word_1_249' title='bbox 897 2706 967 2768; x_wconf 89' lang='lat' dir='ltr'><strong>illud</strong></span> <span class='ocrx_word' id='word_1_250' title='bbox 989 2717 1047 2767; x_wconf 90' lang='lat' dir='ltr'><strong>est:</strong></span> 
     </span>
     <span class='ocr_line' id='line_1_31' title="bbox 55 2790 1091 2870; baseline -0.004 -17"><span class='ocrx_word' id='word_1_251' title='bbox 55 2790 242 2870; x_wconf 65' lang='lat' dir='ltr'><strong>Responsura,</strong></span> <span class='ocrx_word' id='word_1_252' title='bbox 263 2795 386 2869; x_wconf 81' lang='lat' dir='ltr'><strong>quacet‘</strong></span> <span class='ocrx_word' id='word_1_253' title='bbox 405 2795 504 2854; x_wconf 68' lang='lat' dir='ltr'><strong>mcum</strong></span> <span class='ocrx_word' id='word_1_254' title='bbox 520 2804 574 2854; x_wconf 84' lang='lat' dir='ltr'><strong>eat.</strong></span> <span class='ocrx_word' id='word_1_255' title='bbox 610 2791 824 2869; x_wconf 82' lang='lat' dir='ltr'><strong>Distinguamus</strong></span> <span class='ocrx_word' id='word_1_256' title='bbox 839 2793 926 2868; x_wconf 79' lang='lat' dir='ltr'><strong>igitur</strong></span> <span class='ocrx_word' id='word_1_257' title='bbox 940 2804 1091 2866; x_wconf 70' lang='lat' dir='ltr'><strong>generans</strong></span> 
     </span>
     <span class='ocr_line' id='line_1_32' title="bbox 56 2875 1049 2956; baseline -0.001 -21"><span class='ocrx_word' id='word_1_258' title='bbox 56 2892 217 2936; x_wconf 89' lang='lat' dir='ltr'><strong>causarum.</strong></span> <span class='ocrx_word' id='word_1_259' title='bbox 255 2875 402 2954; x_wconf 85' lang='lat' dir='ltr'><strong>Namque,</strong></span> <span class='ocrx_word' id='word_1_260' title='bbox 426 2876 574 2956; x_wconf 87' lang='lat' dir='ltr'><strong>inquibus</strong></span> <span class='ocrx_word' id='word_1_261' title='bbox 588 2875 696 2936; x_wconf 91' lang='lat' dir='ltr'><strong>nonde</strong></span> <span class='ocrx_word' id='word_1_262' title='bbox 717 2877 802 2954; x_wconf 88' lang='lat' dir='ltr'><strong>culpa</strong></span> <span class='ocrx_word' id='word_1_263' title='bbox 820 2883 975 2953; x_wconf 87' lang='lat' dir='ltr'><strong>quaeretur</strong></span> <span class='ocrx_word' id='word_1_264' title='bbox 995 2875 1049 2934; x_wconf 89' lang='lat' dir='ltr'><strong>sed</strong></span> 
     </span>
     <span class='ocr_line' id='line_1_33' title="bbox 56 2957 1048 3033; baseline -0.002 -15"><span class='ocrx_word' id='word_1_265' title='bbox 56 2958 94 3018; x_wconf 92' lang='lat' dir='ltr'><strong>de</strong></span> <span class='ocrx_word' id='word_1_266' title='bbox 111 2962 236 3033; x_wconf 88' lang='lat' dir='ltr'><strong>actione,</strong></span> <span class='ocrx_word' id='word_1_267' title='bbox 254 2961 364 3020; x_wconf 87' lang='lat' dir='ltr'><strong>etiamsi</strong></span> <span class='ocrx_word' id='word_1_268' title='bbox 380 2969 463 3022; x_wconf 90' lang='lat' dir='ltr'><strong>erunt</strong></span> <span class='ocrx_word' id='word_1_269' title='bbox 477 2970 577 3021; x_wconf 86' lang='lat' dir='ltr'><strong>contra</strong></span> <span class='ocrx_word' id='word_1_270' title='bbox 592 2977 645 3019; x_wconf 92' lang='lat' dir='ltr'><strong>nos</strong></span> <span class='ocrx_word' id='word_1_271' title='bbox 661 2959 802 3033; x_wconf 87' lang='lat' dir='ltr'><strong>themata,</strong></span> <span class='ocrx_word' id='word_1_272' title='bbox 819 2958 951 3017; x_wconf 82' lang='lat' dir='ltr'><strong>confiteri</strong></span> <span class='ocrx_word' id='word_1_273' title='bbox 966 2957 1048 3017; x_wconf 91' lang='lat' dir='ltr'><strong>nobis</strong></span> 
     </span>
     <span class='ocr_line' id='line_1_34' title="bbox 54 3041 1048 3124; baseline 0.003 -23"><span class='ocrx_word' id='word_1_274' title='bbox 54 3041 172 3104; x_wconf 88' lang='lat' dir='ltr'><strong>licebit:</strong></span> <span class='ocrx_word' id='word_1_275' title='bbox 201 3042 372 3106; x_wconf 77' lang='lat' dir='ltr'><strong>Pecuniam</strong></span> <span class='ocrx_word' id='word_1_276' title='bbox 386 3046 426 3106; x_wconf 84' lang='lat' dir='ltr'><strong>de</strong></span> <span class='ocrx_word' id='word_1_277' title='bbox 446 3046 555 3124; x_wconf 81' lang='lat' dir='ltr'><strong>templo</strong></span> <span class='ocrx_word' id='word_1_278' title='bbox 567 3045 688 3105; x_wconf 67' lang='lat' dir='ltr'><strong>matula</strong></span> <span class='ocrx_word' id='word_1_279' title='bbox 703 3045 760 3103; x_wconf 79' lang='lat' dir='ltr'><strong>sed</strong></span> <span class='ocrx_word' id='word_1_280' title='bbox 778 3044 944 3120; x_wconf 79' lang='lat' dir='ltr'><strong>privatam,</strong></span> <span class='ocrx_word' id='word_1_281' title='bbox 966 3044 1048 3104; x_wconf 74' lang='lat' dir='ltr'><strong>ideo·</strong></span> 
     </span>
     <span class='ocr_line' id='line_1_35' title="bbox 54 3126 1049 3208; baseline -0.003 -19"><span class='ocrx_word' id='word_1_282' title='bbox 54 3142 115 3203; x_wconf 77' lang='lat' dir='ltr'><strong>que</strong></span> <span class='ocrx_word' id='word_1_283' title='bbox 127 3128 300 3206; x_wconf 62' lang='lat' dir='ltr'><strong>sumimur</strong></span> <span class='ocrx_word' id='word_1_284' title='bbox 312 3146 372 3189; x_wconf 85' lang='lat' dir='ltr'><strong>noa</strong></span> <span class='ocrx_word' id='word_1_285' title='bbox 386 3133 440 3191; x_wconf 81' lang='lat' dir='ltr'><strong>aei.</strong></span> <span class='ocrx_word' id='word_1_286' title='bbox 473 3126 626 3208; x_wconf 75' lang='lat' dir='ltr'><strong>Virqr&#39;nem</strong></span> <span class='ocrx_word' id='word_1_287' title='bbox 641 3128 763 3206; x_wconf 81' lang='lat' dir='ltr'><strong>rapuit,</strong></span> <span class='ocrx_word' id='word_1_288' title='bbox 777 3144 838 3186; x_wconf 81' lang='lat' dir='ltr'><strong>raon</strong></span> <span class='ocrx_word' id='word_1_289' title='bbox 854 3135 955 3190; x_wconf 79' lang='lat' dir='ltr'><strong>tamea</strong></span> <span class='ocrx_word' id='word_1_290' title='bbox 968 3130 1049 3204; x_wconf 83' lang='lat' dir='ltr'><strong>optio</strong></span> 
     </span>
     <span class='ocr_line' id='line_1_36' title="bbox 49 3209 1089 3291; baseline 0.002 -20"><span class='ocrx_word' id='word_1_291' title='bbox 49 3213 140 3287; x_wconf 78' lang='lat' dir='ltr'><strong>patri</strong></span> <span class='ocrx_word' id='word_1_292' title='bbox 153 3212 290 3273; x_wconf 82' lang='lat' dir='ltr'><strong>dabitur.</strong></span> <span class='ocrx_word' id='word_1_293' title='bbox 314 3209 482 3289; x_wconf 74' lang='lat' dir='ltr'><strong>dapmnum</strong></span> <span class='ocrx_word' id='word_1_294' title='bbox 495 3211 647 3291; x_wconf 77' lang='lat' dir='ltr'><strong>stupravit</strong></span> <span class='ocrx_word' id='word_1_295' title='bbox 661 3220 690 3272; x_wconf 86' lang='lat' dir='ltr'><strong>et</strong></span> <span class='ocrx_word' id='word_1_296' title='bbox 701 3217 860 3287; x_wconf 82' lang='lat' dir='ltr'><strong>stupratae</strong></span> <span class='ocrx_word' id='word_1_297' title='bbox 875 3228 909 3270; x_wconf 79' lang='lat' dir='ltr'><strong>re</strong></span> <span class='ocrx_word' id='word_1_298' title='bbox 922 3228 1047 3288; x_wconf 77' lang='lat' dir='ltr'><strong>ermpert-</strong></span> <span class='ocrx_word' id='word_1_299' title='bbox 1056 3219 1089 3274; x_wconf 79' lang='lat'><strong>69</strong></span> 
     </span>
     <span class='ocr_line' id='line_1_37' title="bbox 53 3294 1134 3376; baseline -0.004 -19"><span class='ocrx_word' id='word_1_300' title='bbox 53 3294 117 3372; x_wconf 78' lang='lat' dir='ltr'><strong>dit,</strong></span> <span class='ocrx_word' id='word_1_301' title='bbox 138 3314 199 3357; x_wconf 82' lang='lat' dir='ltr'><strong>noa</strong></span> <span class='ocrx_word' id='word_1_302' title='bbox 213 3302 314 3356; x_wconf 80' lang='lat' dir='ltr'><strong>tamea</strong></span> <span class='ocrx_word' id='word_1_303' title='bbox 331 3296 402 3359; x_wconf 80' lang='lat' dir='ltr'><strong>ideo</strong></span> <span class='ocrx_word' id='word_1_304' title='bbox 414 3304 572 3374; x_wconf 81' lang='lat' dir='ltr'><strong>stuprator</strong></span> <span class='ocrx_word' id='word_1_305' title='bbox 589 3295 737 3372; x_wconf 76' lang='lat' dir='ltr'><strong>capitoni</strong></span> <span class='ocrx_word' id='word_1_306' title='bbox 756 3309 855 3354; x_wconf 78' lang='lat' dir='ltr'><strong>caasa</strong></span> <span class='ocrx_word' id='word_1_307' title='bbox 871 3296 975 3355; x_wconf 75' lang='lat' dir='ltr'><strong>morus</strong></span> <span class='ocrx_word' id='word_1_308' title='bbox 987 3311 1046 3372; x_wconf 83' lang='lat' dir='ltr'><strong>pa·</strong></span> <span class='ocrx_word' id='word_1_309' title='bbox 1079 3351 1082 3364; x_wconf 81' lang='grc'><em>,</em></span> <span class='ocrx_word' id='word_1_310' title='bbox 1128 3363 1134 3376; x_wconf 22' lang='lat' dir='ltr'>x</span> 
     </span>
     <span class='ocr_line' id='line_1_38' title="bbox 53 3379 1048 3457; baseline -0.001 -20"><span class='ocrx_word' id='word_1_311' title='bbox 53 3379 173 3455; x_wconf 70' lang='lat' dir='ltr'><strong>adurar,</strong></span> <span class='ocrx_word' id='word_1_312' title='bbox 201 3379 258 3440; x_wconf 87' lang='lat' dir='ltr'><strong>rad</strong></span> <span class='ocrx_word' id='word_1_313' title='bbox 277 3379 382 3441; x_wconf 80' lang='lat' dir='ltr'><strong>decem</strong></span> <span class='ocrx_word' id='word_1_314' title='bbox 402 3379 504 3456; x_wconf 65' lang='lat' dir='ltr'><strong>nulia,</strong></span> <span class='ocrx_word' id='word_1_315' title='bbox 534 3395 616 3457; x_wconf 83' lang='lat' dir='ltr'><strong>qaae</strong></span> <span class='ocrx_word' id='word_1_316' title='bbox 631 3396 732 3455; x_wconf 82' lang='lat' dir='ltr'><strong>poersa</strong></span> <span class='ocrx_word' id='word_1_317' title='bbox 750 3379 920 3455; x_wconf 75' lang='lat' dir='ltr'><strong>stupratori</strong></span> <span class='ocrx_word' id='word_1_318' title='bbox 941 3379 1048 3439; x_wconf 66' lang='lat' dir='ltr'><strong>emau-</strong></span> 
     </span>
     <span class='ocr_line' id='line_1_39' title="bbox 52 3460 1049 3552; baseline -0.007 -28"><span class='ocrx_word' id='word_1_319' title='bbox 52 3466 121 3532; x_wconf 72' lang='lat' dir='ltr'><strong>tata</strong></span> <span class='ocrx_word' id='word_1_320' title='bbox 145 3470 207 3540; x_wconf 81' lang='lat' dir='ltr'><strong>eat,</strong></span> <span class='ocrx_word' id='word_1_321' title='bbox 230 3462 325 3526; x_wconf 82' lang='lat' dir='ltr'><strong>dabit.</strong></span> <span class='ocrx_word' id='word_1_322' title='bbox 368 3462 476 3526; x_wconf 85' lang='lat' dir='ltr'><strong>Verum</strong></span> <span class='ocrx_word' id='word_1_323' title='bbox 498 3465 527 3524; x_wconf 90' lang='lat' dir='ltr'><strong>iu</strong></span> <span class='ocrx_word' id='word_1_324' title='bbox 546 3462 592 3552; x_wconf 77' lang='lat' dir='ltr'><strong>bis</strong></span> <span class='ocrx_word' id='word_1_325' title='bbox 611 3478 728 3540; x_wconf 89' lang='lat' dir='ltr'><strong>quoque</strong></span> <span class='ocrx_word' id='word_1_326' title='bbox 750 3460 982 3522; x_wconf 80' lang='lat' dir='ltr'><strong>confessionibus</strong></span> <span class='ocrx_word' id='word_1_327' title='bbox 1003 3465 1049 3516; x_wconf 87' lang='lat' dir='ltr'><strong>est</strong></span> 
     </span>
    </p>
   </div>
   <div class='ocr_carea' id='block_1_4' title="bbox 0 0 1222 3925">
    <p class='ocr_par' dir='ltr' id='par_1_10' title="bbox 0 0 1222 3925">
     <span class='ocr_line' id='line_1_40' title="bbox 0 0 1222 3925; baseline 0 2"><span class='ocrx_word' id='word_1_328' title='bbox 0 0 1222 3925; x_wconf 95' lang='lat' dir='ltr'><strong> </strong></span> 
     </span>
    </p>
   </div>
  </div>
 </body>
</html>
