2434 3925
324 178 412 228 unsa.
426 174 786 240 cannon.uxss.·vx11,6.
1021 169 1060 226 77

48 332 138 394 Nam
159 342 188 392 et
210 352 325 395 veneno
346 349 472 394 manare
496 343 525 392 et
544 334 663 411 ferrum
688 349 814 394 armare
834 331 982 392 translatio
1006 344 1059 394 est.

48 420 209 478 Secantur
225 418 321 477 haec
313 436 341 475 m
356 418 472 496 plures:
498 427 528 476 ut
546 435 562 475 a
578 416 711 476 rationali
730 416 766 475 ad
783 417 924 475 rationale
942 410 973 476 et
988 418 1103 484 idem13

47 501 93 561 de
122 501 355 567 irrationalibus:
379 511 407 560 et
423 502 520 561 haec
512 504 650 575 rnvicem,
675 499 777 578 quibus
796 500 896 559 similis
913 503 986 560 ratio
1005 512 1060 578 est,

10 577 15 584 ’
50 596 85 644 et
105 603 126 644 a
145 594 207 644 toto
225 594 253 644 et
268 603 284 644 a
300 585 438 662 partibus.
477 585 559 644 Sed
552 604 606 643 ram
621 601 678 642 non
693 585 790 661 pueris
806 586 1013 662 praecipimus,
1031 596 1062 645 ut

48 678 189 746 accepto
204 687 314 745 genere
331 671 447 746 species
462 668 626 745 intelligere
641 669 834 745 nonpossint.

148 751 186 811 Ut
202 754 331 812 modicus
347 762 442 812 autem
460 762 546 830 atque
567 761 746 830 opportunus
769 754 830 810 eius
848 769 916 810 usus
937 753 1061 815 illustrat
1070 765 1103 820 14

11 901 25 928 ι
51 837 240 896 orationem:
265 839 304 895 ita
320 836 456 914 frequens
474 846 503 895 et
518 836 655 895 obscurat
675 846 703 893 et
719 836 814 894 taedio
831 836 973 912 complet,
992 854 1060 897 con·

50 922 158 981 tinuus
173 937 244 979 vero
257 921 285 979 in
296 920 454 996 allegorias
466 929 495 979 et
510 921 671 995 aenigmata
685 921 753 978 exit.
786 920 857 978 Sunt
872 922 958 979 etiam
973 939 1060 997 quae·

53 1005 130 1065 darn
146 1013 175 1063 et
189 1004 309 1063 humiles
326 1004 545 1077 translationes,
567 1013 597 1061 ut
614 1003 658 1076 id,
682 1003 789 1080 dequo
806 1003 891 1062 modo
909 1004 984 1080 dixi,
1002 1005 1060 1065 So·

14 1144 20 1156 ,
52 1106 125 1150 area
145 1098 190 1149 eat
209 1106 359 1163 carruca,
381 1098 409 1147 et
433 1086 577 1146 sordidae.
616 1086 681 1145 Non
706 1089 796 1160 enim,
820 1089 845 1145 si
861 1085 966 1146 Cicero
980 1099 1062 1149 recte
1071 1102 1101 1155 15

51 1173 212 1233 sentinam
229 1173 430 1250 reipublicae
444 1172 530 1246 dixit,
549 1171 715 1230 foeditatem
727 1171 869 1230 hominum
885 1171 1059 1249 significans,

52 1255 173 1315 idcirco
190 1255 310 1333 probem
325 1255 394 1315 illud
407 1271 522 1332 quoque
535 1256 643 1314 veteris
660 1256 799 1328 oratoris,
816 1252 1000 1315 Persecuistn'
1014 1260 1061 1317 rai

52 1339 206 1417 publicae
218 1341 361 1403 comicos.
396 1338 567 1416 Optimeque
580 1336 685 1397 Cicero
698 1339 874 1397 demonstrat
891 1339 1058 1416 cavendum,

52 1440 95 1482 ne
115 1423 161 1481 sit'
177 1422 313 1481 deformis
334 1423 500 1482 translatio:
532 1422 625 1499 qualis
647 1432 692 1481 est
714 1424 794 1501 (uam
820 1424 890 1500 ipsis
912 1424 973 1482 eius
996 1434 1060 1483 utar

38 1563 41 1574 ,
55 1505 221 1584 exemplis)
235 1503 408 1567 Castrutcm
419 1516 513 1568 morte
523 1503 666 1583 Africani
677 1526 741 1567 rem
753 1507 922 1585 publicum,
936 1517 964 1565 et
976 1506 1057 1568 Ster-

54 1609 117 1651 cue
132 1592 239 1650 murtae
250 1590 411 1652 Glauciam
416 1614 430 1660 ,·
451 1609 487 1649 ne
502 1591 587 1648 nimio
602 1592 693 1648 maior
708 1599 769 1665 aut,
789 1591 864 1667 quod
878 1593 994 1668 saepius
1010 1610 1057 1650 ac·
1069 1601 1100 1654 16

57 1674 147 1749 cidit,
171 1674 276 1741 minor;
299 1693 335 1733 ne
356 1674 512 1733 dissimilis.
558 1672 685 1750 Quorum
708 1674 840 1751 exempla
863 1675 976 1733 nimium
1000 1676 1056 1735 lre·

55 1766 183 1835 quenter
200 1758 415 1835 deprehendet,
433 1759 487 1835 qui
498 1759 597 1816 scierit
614 1757 688 1816 haec
703 1759 771 1816 vitia
787 1775 864 1816 esse.
899 1759 958 1817 Sed
973 1764 1057 1836 copia

56 1858 177 1919 qaroque
192 1842 305 1901 modum
322 1859 441 1918 egressa
457 1843 561 1900 vitiosa
578 1850 638 1915 est,
656 1842 814 1918 praecipue
829 1842 856 1898 in
873 1840 973 1899 eadem
991 1861 1056 1919 spe-

6 1976 7 1979 ,
57 1926 115 1984 cie.
153 1926 223 1985 Sunt
245 1935 274 1985 et
291 1926 396 2001 durae,
418 1926 446 1986 id
468 1934 512 1985 est
528 1943 544 1985 a
561 1925 716 2003 longinqua
737 1924 920 1985 similitudine
936 1924 1099 1991 ductae:17

6 2026 7 2069 z
56 2018 88 2068 ut
105 2012 316 2088 capillacium
332 2020 359 2069 et

6 2104 7 2113 ’
185 2093 325 2173 Iuppiter
335 2094 480 2155 lethernau
494 2114 576 2155 cuno
589 2096 659 2154 nice
674 2095 812 2171 correpunt
827 2095 931 2171 Alpes.

57 2175 91 2235 In
107 2175 159 2236 illo
174 2196 245 2237 vero
261 2178 411 2256 plurImum
429 2179 553 2251 erroris,
578 2179 654 2255 quod
670 2196 719 2249 ea,
737 2195 811 2254 quae
827 2179 938 2261 poetis,
960 2178 1006 2254 qui
1028 2188 1057 2237 et

6 2328 7 2339 χ
60 2261 154 2319 omnia
177 2262 211 2320 ad
226 2263 404 2340 voluptatem
424 2263 553 2322 referunt
575 2271 603 2320 et
621 2263 740 2339 plurima
760 2271 876 2320 vertere
893 2264 977 2320 etiam
994 2262 1056 2340 ipsa

6 2344 7 2353 ’
59 2345 143 2403 metri
154 2348 329 2405 necessitate
345 2354 501 2423 coguntur,
519 2347 660 2423 permissa
673 2354 753 2420 sunt,
772 2347 928 2404 convenire
944 2348 1056 2423 quidam

30 2449 33 2455 ·
60 2431 146 2486 etiam
157 2445 262 2506 prosae
279 2439 387 2507 putant
419 2429 457 2489 At
473 2447 529 2506 ego
546 2431 573 2488 in
589 2430 701 2506 agendo
717 2448 772 2489 nec
785 2439 940 2509 pastorem
953 2433 1058 2531 populi
1068 2435 1100 2488 18

61 2520 179 2571 auctore
206 2512 331 2572 Homero
360 2515 496 2583 dixerim,
525 2532 579 2572 nec
605 2513 742 2572 volucres
765 2516 875 2592 pennis
893 2517 1055 2592 remipure,

61 2594 130 2653 licet
150 2595 206 2655 hoc
224 2597 405 2673 Vergilius
397 2615 425 2655 nn
447 2583 548 2675 apibus
572 2615 606 2656 ac
627 2597 758 2656 Daedalo
780 2599 995 2676 speciosissime
1022 2600 1057 2656 sit

62 2695 140 2736 usus.
181 2678 350 2757 Metaphora
368 2683 443 2740 enim
466 2690 514 2740 aut
527 2691 677 2740 vacantem
694 2699 840 2760 occupare
859 2682 953 2741 locum
969 2680 1057 2740 debet

63 2770 126 2835 aut,
142 2764 166 2820 si
184 2764 211 2820 in
226 2763 348 2822 alienum
364 2768 458 2839 venit,
477 2764 542 2842 plus
558 2765 659 2824 valere
676 2782 728 2839 eo,
747 2766 823 2842 quod
841 2764 972 2842 expellit.

144 2844 227 2918 Quod
238 2865 331 2925 paene
347 2850 430 2907 etiam
443 2849 533 2924 magis
545 2848 582 2907 de
598 2849 840 2924 synecdoche
862 2848 961 2906 dicam.
986 2845 1057 2905 Nam
1068 2856 1099 2912 19

64 2929 209 2988 translatio
231 2933 433 3007 permovendis
455 2933 553 2990 animis
572 2931 741 3009 plerumque
763 2942 792 2991 et
807 2930 952 3007 signandis
969 2929 1056 2989 rebus

66 3029 98 3071 ac
113 3012 164 3071 sub
182 3014 284 3075 oculos
300 3014 486 3075 subiiciendis
500 3025 617 3093 reperta
633 3025 686 3075 est.
723 3014 803 3075 llaec
820 3015 932 3072 variare
948 3032 1056 3072 sermo·

65 3112 126 3155 uem
147 3107 317 3174 potest‚.ut
340 3118 377 3158 ex
403 3116 459 3157 uno
488 3099 586 3177 plures
614 3098 823 3175 intelligamus,
853 3106 934 3175 parte
956 3106 1056 3172 totum,

66 3181 162 3255 specie
187 3198 298 3258 genus,
327 3182 568 3260 praecedentibus
592 3185 760 3260 sequentia,
791 3181 839 3240 vel
865 3182 957 3240 omnia
982 3182 1056 3242 haec

68 3272 176 3329 contra:
197 3264 316 3324 liberior
326 3270 422 3343 poetis
438 3284 521 3345 quam
534 3265 706 3326 oratoribus.
741 3265 813 3324 Nam
828 3283 929 3343 prosa,
948 3274 979 3324 ut
993 3285 1054 3325 mu·
1064 3271 1099 3321 to

67 3362 183 3408 crucem
209 3364 262 3426 pro
288 3348 385 3424 gladio
412 3359 441 3408 et
462 3359 571 3411 tectum
592 3366 646 3428 pro
666 3349 751 3408 domo
772 3352 911 3427 recipiet,
939 3351 977 3408 ita
1000 3365 1056 3406 non

11 3432 15 3439 '
69 3432 184 3510 puppim
200 3433 333 3510 pronati
347 3450 403 3491 nec
419 3434 545 3513 abietem
561 3450 615 3512 pro
634 3432 764 3501 tabellis;
785 3442 814 3492 et
829 3450 943 3509 rursus,
958 3440 990 3491 ut
1002 3447 1055 3509 pro
