2434 3925
311 176 400 225 mss.
419 177 567 226 cunnos.
584 178 652 224 um.
668 178 741 241 vsu,
756 173 782 226 a.
989 164 1028 226 ol

20 335 119 393 liare.
151 330 216 390 Non
233 330 308 390 enim
323 333 393 391 satis
410 330 626 409 elisumque,
641 339 672 390 ut
687 329 784 404 debet,
801 329 887 407 plene
905 333 1029 393 domina·

20 427 72 476 tur
91 418 201 489 oratio,
219 416 245 473 si
258 432 350 492 usque
370 415 405 474 ad
423 433 507 474 aures
523 416 619 489 valet,
643 424 728 490 atque
750 431 784 472 ea
798 414 853 473 sibi
870 415 973 491 iudex,
995 417 1031 476 de

19 499 141 579 quibus
158 500 320 574 cognoscit,
336 501 444 558 narrari
461 498 552 558 credit
565 514 623 558 non
641 499 760 575 exprimi
776 506 805 555 et
822 498 915 557 oculis
928 502 1029 558 mentis

20 581 159 643 ostendi.
202 581 260 641 Sed
293 584 425 658 quoniam
453 582 582 660 pluribus
611 581 704 640 modis
733 583 826 659 accipi
857 582 948 642 solett
974 591 1073 645 nouit

21 666 171 745 equidem
187 667 214 724 in
229 682 329 725 omues
348 684 410 725 eam
427 666 582 744 particulas
599 664 724 740 secabo,
745 683 863 742 quarum
879 666 1029 728 ambitiose

19 772 38 811 a
58 749 237 829 quibusdam
257 768 391 808 numerus
411 759 546 826 augetur,
572 750 627 809 sed
645 751 766 808 maxime
790 753 973 810 necessarias
989 761 1029 809 at·

18 837 151 911 lingum.
187 832 241 892 Est
255 834 341 910 igitur
355 852 439 892 unum
454 852 562 910 genus,
579 850 637 913 quo
653 843 713 893 tota
730 851 825 892 rerum
842 835 936 909 imago
959 851 1028 912 quo·

19 916 185 979 dammodo
203 917 300 976 verbis
315 916 491 996 depingitur:

137 999 275 1061 Constitit
290 1002 326 1061 in
349 1003 458 1078 diqitos
475 1002 623 1080 extemplo
637 1010 780 1061 arrectus
795 1009 922 1078 uterque

20 1096 53 1145 et
74 1094 196 1159 cetera,
219 1102 293 1162 quae
315 1083 399 1143 uobis
420 1084 497 1144 illam
519 1085 647 1162 pugilum
665 1084 910 1161 congredientium
925 1083 1027 1146 faciem

23 1172 67 1229 ita
87 1168 256 1243 ostendunt,
274 1178 376 1228 utnon
391 1168 498 1228 clarior
515 1168 608 1228 lutura
624 1169 712 1228 luerit
727 1167 935 1246 spectantibus.
965 1167 1070 1232 Plu-64

20 1256 134 1312 nimum
158 1254 187 1310 in
213 1252 271 1312 hoc
291 1269 401 1328 genere
424 1254 498 1311 sicut
519 1253 546 1310 in
567 1255 673 1312 ceteris
696 1253 801 1312 eminet
824 1250 938 1311 Cicero.
983 1253 1027 1312 An

22 1337 186 1414 quisquam
204 1343 261 1394 tarn
276 1336 380 1413 procul
397 1354 413 1396 a
429 1337 626 1415 concipiendis
641 1336 810 1414 imaginibus
825 1354 919 1395 rerum
935 1335 1027 1412 abest,

22 1428 57 1478 ut
83 1436 162 1495 non,
182 1437 246 1479 cum
269 1419 318 1479 illa
339 1422 368 1479 in
390 1419 513 1479 Verrem
534 1420 622 1497 legit:
644 1420 732 1482 Stetit
754 1422 888 1482 soleatus
899 1430 1028 1499 praetor

20 1505 140 1584 populi
153 1502 284 1566 Bouiani
299 1522 368 1566 cum
382 1505 475 1582 pallio
488 1523 647 1583 purpurea
666 1507 828 1582 tunicaque
849 1506 944 1565 totam
962 1524 1027 1566 uu⁶

23 1590 165 1652 liercuta
179 1591 272 1649 nicus
285 1589 317 1648 in
333 1589 437 1663 litare,
460 1605 517 1646 nou
534 1588 633 1647 solum⁴
643 1590 723 1667 ipsos
739 1590 841 1648 intueri
853 1585 984 1649 videatur
999 1598 1028 1649 et

24 1672 132 1732 locum
147 1680 177 1730 et
197 1671 322 1731 habitum
344 1671 396 1730 sed
412 1670 549 1748 quaedam
566 1674 650 1730 etiam
666 1689 703 1730 ex
718 1673 770 1746 iis,
791 1689 865 1749 quae
881 1671 957 1730 dicta
971 1690 1028 1734 uon

26 1764 115 1831 sunt,
136 1755 192 1815 sibi
212 1757 276 1834 ipse
297 1752 425 1814 astruat?
462 1756 527 1831 Ego
552 1765 633 1814 certe
653 1755 719 1814 mibi
741 1772 862 1814 cernere
883 1753 985 1814 videor
1000 1765 1070 1819 et65

25 1838 141 1900 vultum
157 1849 186 1898 et
200 1840 303 1899 oculos
323 1848 353 1897 et
370 1838 515 1899 deformes
532 1842 681 1915 utriusque
698 1838 849 1904 blanditias
873 1846 1027 1914 eteorum,

27 1924 80 2002 qui
102 1922 236 1999 aderant,
258 1924 371 1984 tacitam
389 1924 598 1983 aversationem
620 1941 655 1983 ac
679 1915 801 1983 timidam
815 1923 1026 1982 verecundiam.

27 2006 150 2067 Interim
168 2007 349 2087 expluribus
368 2008 490 2067 eflicitur
505 2007 570 2083 itta,
594 2024 677 2085 quam
700 2024 836 2066 conamur
853 2008 1026 2084 exprimere,
1037 2016 1070 2071 66

28 2091 136 2166 facies,
154 2101 185 2150 ut
200 2101 245 2151 est
260 2092 335 2171 apud
351 2091 472 2151 eundem
494 2092 637 2169 (namque
651 2091 686 2150 ad
702 2093 824 2149 omnium
839 2089 957 2149 ornandi
972 2093 1028 2149 vir·

29 2184 123 2234 tutum
143 2175 304 2253 exemplum
324 2176 371 2235 vel
394 2195 466 2235 unas
489 2175 616 2253 suflicit)
638 2176 666 2233 in
688 2174 882 2252 descriptione
904 2176 1028 2233 convivii
1118 2236 1123 2253 p

28 2258 189 2318 luxuriosi:
209 2258 344 2322 Videbar
358 2261 464 2322 cidere
474 2261 552 2321 alios
565 2261 724 2334 intrantes,
740 2261 817 2322 alius
827 2277 900 2320 nero
914 2277 1028 2320 eceuu·

29 2350 88 2419 tes,
105 2345 254 2421 quosdam
267 2362 308 2404 cu·
320 2345 390 2405 cina
400 2344 590 2418 vacillantes,
608 2345 756 2420 quosdam
767 2344 910 2404 besterna
925 2361 965 2403 ce
976 2361 1029 2422 pa·

29 2431 146 2489 tutione
160 2429 334 2490 oscitantes.
366 2426 483 2489 liumus
499 2434 568 2489 erat
587 2429 761 2503 immunda,
785 2428 1028 2501 lutulentuoino,

31 2512 156 2574 coronis
177 2512 364 2591 languidulis
383 2520 411 2573 et
433 2514 530 2590 spinis
545 2521 690 2590 cooperta
703 2513 843 2589 piscium.
876 2509 950 2583 Quid
966 2510 1070 2589 plusbi

29 2596 163 2671 videret,
186 2598 234 2673 qui
256 2592 411 2655 intrasset?
450 2597 499 2655 Sic
520 2606 550 2655 et
571 2595 682 2655 urbium
698 2605 843 2673 captarum
859 2596 964 2654 crescit
979 2595 1028 2652 nni·

31 2680 153 2739 seratio.
184 2681 252 2739 Sine
267 2679 353 2739 dubio
368 2681 459 2755 enim,
482 2682 529 2757 qui
545 2680 615 2741 dicit
632 2689 823 2757 expugnatam
846 2696 913 2737 esse
931 2677 1028 2736 civita·

29 2770 107 2836 tem,
130 2763 332 2841 complectitur
349 2765 464 2839 omnia‚·
482 2781 671 2841 quaecunque
695 2765 761 2824 talis
782 2765 895 2824 fortuna
909 2760 1027 2838 recipit;

31 2846 87 2906 sed
103 2849 131 2904 in
147 2847 267 2907 allectus
285 2849 376 2906 minus
392 2856 524 2926 penetrat
545 2847 643 2907 brevis
664 2848 711 2907 bic
732 2847 811 2908 velut
831 2846 954 2904 nuntius.
988 2842 1025 2902 At
1033 2850 1069 2906 68

33 2931 57 2987 si
77 2932 192 3008 aperias
207 2930 295 3006 haec,
314 2949 388 3008 quae
408 2930 500 2990 verbo
520 2949 577 2990 uno
597 2931 707 2991 inclusa
730 2940 827 3003 erant,
850 2925 1029 3007 apparebunt

33 3013 145 3073 effusae
163 3032 215 3092 per
230 3015 331 3074 domus
346 3033 382 3075 ac
398 3015 506 3092 templa
526 3015 655 3075 llamrnae
678 3024 706 3073 et
727 3015 866 3073 ruentium
887 3020 1029 3071 tectorum

33 3095 135 3174 fragor
151 3107 180 3157 et
200 3116 237 3158 ex
252 3100 374 3160 diversis
390 3097 563 3159 clamoribus
581 3116 653 3158 unus
666 3098 778 3175 quidam
794 3114 892 3171 sonus,
908 3095 1029 3155 aliorum

33 3179 104 3257 luga
121 3182 247 3256 incerta,
271 3183 320 3243 alii
339 3192 469 3242 extremo
486 3182 640 3261 complexu
662 3198 777 3241 suorum
793 3179 983 3240 cohaerentes
1000 3188 1030 3237 et

34 3263 181 3324 infantium
196 3266 420 3344 feminarumque
436 3267 566 3345 ploratus
582 3274 612 3324 et
626 3264 702 3324 male
719 3265 747 3322 in
760 3263 838 3323 illum
850 3280 942 3342 usque
953 3264 1028 3323 diem

35 3350 143 3409 servati
163 3349 223 3408 lato
245 3367 346 3418 senes;
371 3360 428 3409 tum
449 3351 498 3410 illa
523 3349 708 3427 profanorum
728 3365 934 3425 sacrorumque
953 3347 1083 3408 dire-69.

36 3432 114 3510 ptio,
137 3432 316 3493 efferentium
337 3434 460 3512 praedas
482 3434 731 3513 repetentiumque
753 3431 899 3492 discursus
920 3439 949 3490 et
971 3429 1028 3491 acti
