2434 3925
154 175 217 240 256
470 189 829 249 snsnmoummumm

153 342 275 404 maxime
303 352 436 404 versatur
469 344 600 404 affectus.
645 342 704 403 Sed
734 345 863 422 privatae
895 362 1012 424 quoque
1041 363 1149 406 canisae

152 436 302 505 utrumque
318 427 423 488 hahent
441 428 634 506 perorationis
649 443 759 502 genus,
782 436 811 486 et
832 428 920 503 illud,
942 430 1019 507 quod
1044 440 1090 488 est
1111 448 1149 488 ex

154 512 367 572 enumeratione
385 511 601 590 probationum,
618 519 648 569 et
663 511 736 586 hoo,
754 510 830 589 quod
846 530 884 570 ex
906 512 1046 587 lacrimis,
1063 515 1088 571 si
1101 522 1150 572 aut

153 605 229 655 statu
241 595 398 673 periclitari
413 604 461 656 aut
476 597 611 673 opinione
630 594 759 671 litigator
778 595 901 655 videtur.
945 594 1018 656 Nam
1038 597 1067 654 in
1082 615 1149 674 par·

152 681 196 738 vis
214 680 328 757 quidem
342 678 437 740 litibus
458 679 510 738 has
531 677 698 754 tragoedias
717 695 836 737 movere
857 679 916 739 tale
937 688 997 755 est,
1021 682 1104 757 quasi
1125 681 1150 738 si

153 780 307 842 personam
320 762 454 823 Herculis
471 772 500 821 et
516 762 675 821 cothurnos
690 771 790 840 aptare
806 762 959 823 infantibus
978 763 1064 823 velis

111 858 145 916 37
237 846 282 906 Ne
305 847 374 907 illud
398 847 512 924 quidem
536 846 681 921 indignum
703 854 748 905 est
771 845 1008 923 admonitione,
999 865 1103 923 iugens
1123 848 1151 907 in

154 932 285 1017 epilogis
292 948 356 991 meo
368 931 555 991 iudicioterti
566 930 730 1004 discrimen,
743 930 924 1007 quomodo
942 950 981 991 se
996 930 1150 1005 dicenti,

154 1016 214 1094 qui
240 1004 446 1090 excitatur,
478 1013 741 1074 accommodet.
796 1011 868 1073 Nam
900 1023 928 1075 et
955 1016 1096 1091 imperitia
1123 1024 1151 1073 et

153 1100 297 1159 rusticitas
314 1107 343 1159 et
358 1100 438 1175 rigor
454 1107 483 1157 et
498 1097 665 1158 deformitas
686 1096 832 1156 afferunt
824 1100 935 1157 interim
957 1098 1066 1174 frigus,
1087 1097 1151 1157 dili·

110 1192 314 1260 38gcnterque
336 1191 399 1241 sunt
419 1182 492 1243 haec
514 1182 605 1242 actori
629 1180 815 1259 providenda.
860 1180 897 1240 Et
922 1182 1036 1260 quidem
1063 1201 1151 1259 repu-

151 1275 274 1345 gnantes
290 1284 342 1326 eos
357 1274 479 1344 patrono
496 1275 525 1325 et
539 1265 608 1324 nihil
623 1264 704 1323 vultu
723 1273 882 1324 commotos
899 1275 927 1325 et
948 1267 1152 1343 intempestive

152 1350 316 1410 residentes
349 1358 379 1409 et
403 1350 481 1409 facto
508 1349 605 1426 aliquo
626 1347 674 1407 vel
696 1349 761 1427 ipso
782 1348 862 1408 vultu
887 1351 975 1408 risum
999 1358 1152 1408 moventes

153 1452 244 1513 saepe
259 1433 335 1509 vidi,
353 1434 510 1511 praecipue
532 1450 604 1492 vero
629 1450 692 1491 cum
712 1432 809 1510 aliqua
828 1433 908 1492 velut
934 1434 1051 1492 scenice
1069 1433 1150 1492 liunt.

110 1529 145 1584 39
153 1518 310 1578 Transtulit
329 1517 481 1595 aliquando
497 1525 636 1595 patronus
653 1516 795 1594 puellam,
819 1532 893 1594 quae
909 1534 994 1575 soror
1013 1535 1081 1576 esse
1102 1517 1151 1576 ad·

152 1603 274 1662 versarii
289 1600 453 1676 dicebatur,
473 1602 553 1679 (nam
568 1601 604 1660 de
622 1600 679 1658 hoc
697 1600 732 1658 lis
748 1602 825 1679 erat)
851 1603 879 1660 in
897 1601 1018 1660 adversa
1036 1599 1149 1659 subsel-

153 1686 207 1761 lia,
225 1695 358 1763 tanquam
372 1686 401 1744 iu
415 1687 526 1761 gremio
541 1685 638 1744 fratris
653 1684 823 1759 relicturus,
834 1694 873 1743 -at
888 1687 912 1743 is
935 1703 951 1744 a
966 1684 1049 1744 nohis
1065 1701 1149 1762 prae·

152 1772 276 1829 monitus
293 1770 478 1830 discesserat.
522 1768 593 1828 'lum
614 1769 682 1843 ille,
699 1767 806 1846 alioqui
822 1770 865 1827 vir
880 1770 1034 1842 facundus,
1057 1770 1148 1846 inopi-

152 1864 235 1914 natae
250 1853 293 1913 rel
311 1872 379 1913 casu
395 1852 535 1912 obmutuit
554 1861 583 1911 et
597 1853 733 1914 infantem
753 1870 832 1910 suam
847 1852 1032 1930 frigidissime
1047 1870 1150 1929 repor-

109 1940 231 2006 40tavit.
275 1938 357 1998 hlius
375 1938 525 2015 imaginem
536 1937 629 1996 mariti
643 1953 696 2015 pro
711 1952 761 1996 reu
773 1936 906 2015 proferre
918 1937 1012 2014 magni
1024 1940 1149 2014 putavit:

89 2075 92 2081 .
153 2034 182 2084 at
198 2042 231 2083 ea
249 2024 366 2101 saepius
387 2024 474 2082 risum
495 2022 574 2081 fecit.
619 2021 691 2080 Nam
709 2030 738 2080 et
759 2022 794 2094 ii,
821 2039 941 2099 quorum
964 2021 1053 2080 oflicii
1076 2030 1149 2095 erat,

53 2103 56 2112 Χ
152 2118 182 2169 ut
197 2108 344 2167 traderent
358 2124 435 2183 eam,
450 2107 557 2182 ignari,
574 2107 623 2182 qui
637 2114 717 2164 esset
731 2103 882 2182 epilogus,
899 2107 1032 2183 quotiens
1047 2123 1149 2182 respe-

152 2192 245 2250 xisset
268 2199 422 2269 patronus,
440 2189 601 2249 offerebant
618 2189 730 2268 palam,
751 2198 779 2247 et
797 2189 909 2266 prolata
928 2190 1082 2248 novissime
1100 2189 1150 2248 de·

153 2275 297 2334 formitate
313 2277 376 2353 ipsa
400 2274 479 2351 (nam
497 2276 574 2332 senis
598 2274 733 2332 cadaveri
756 2282 817 2332 erat
837 2273 946 2354 infusa)
964 2274 1151 2351 praeteritam

111 2369 146 2424 41
154 2376 270 2436 quoque
285 2359 423 2417 orationis
439 2360 560 2433 gratiam
575 2357 709 2435 perdidit
752 2356 838 2415 Nec
830 2366 975 2433 rgnotum,
991 2357 1059 2434 quid
1081 2356 1151 2432 Gly-

154 2442 235 2517 coni,
261 2443 307 2501 cui
329 2442 473 2519 Spiridion
492 2441 544 2500 fuit
565 2459 743 2517 cognomen,
766 2431 913 2500 acciderit.
965 2440 1037 2501 Huic
1064 2459 1151 2519 puer,

154 2543 238 2604 quem
260 2527 284 2583 is
305 2525 474 2603 productum
494 2527 561 2608 quid
584 2525 668 2584 deret
687 2524 902 2601 interrogabat,
929 2544 950 2586 a
967 2525 1153 2603 paedagogo

151 2628 188 2671 se
201 2611 341 2670 vellicari
355 2608 514 2685 respondit
559 2609 619 2668 Sed
641 2608 711 2668 nihil
734 2607 785 2668 illa
809 2610 885 2669 circa
902 2606 1044 2687 Cepasios
1065 2606 1151 2668 Cice-

110 2695 249 2760 42ronis
247 2693 347 2754 fabula
368 2693 516 2751 efficacius
541 2693 576 2752 ad
598 2693 729 2771 pericula
753 2691 944 2773 epilogorum.
989 2691 1088 2751 Omnia
1109 2702 1152 2752 ta-

153 2797 218 2837 men
233 2778 305 2837 haec
325 2776 521 2837 tolerabilia‘'
502 2795 555 2850 ns,
573 2776 675 2855 quibus
692 2777 833 2835 actionem
854 2785 964 2836 mutare
984 2776 1071 2835 facile
1088 2785 1151 2845 est;

153 2871 198 2937 at,
215 2863 294 2939 quia
317 2862 383 2921 stilo
402 2877 458 2919 non
475 2860 631 2936 recedunt,
653 2869 700 2919 aut
718 2861 916 2919 conticescunt
933 2861 969 2920 ad
987 2861 1042 2919 hos
1063 2877 1151 2919 casus

154 2955 202 3005 aut
223 2946 455 3024 frequentissime
475 2944 549 3004 falsa
564 2943 670 3004 dicunt.
714 2942 783 3003 Inde
801 2953 846 3003 est
866 2947 950 3021 euim,
976 2943 1085 3005 Tendit
1108 2944 1154 3005 ad

152 3048 253 3109 geaco
276 3038 380 3091 oestro
404 3030 557 3108 supplices
582 3047 707 3103 manus,
739 3036 770 3087 et
795 3025 910 3089 Haeret
932 3031 966 3089 io
991 3029 1154 3107 cornplecu

154 3113 318 3174 liberorum
332 3115 442 3188 miser,
465 3122 494 3172 et
509 3112 645 3174 flewcot
659 3132 732 3174 ecce
745 3130 810 3181 me;
831 3114 941 3180 etiamsi
962 3112 1032 3171 nihil
1048 3112 1153 3171 horum

112 3198 197 3271 ldis,
216 3197 251 3255 de
270 3214 325 3274 quo
342 3197 460 3271 dicitur,
481 3197 577 3255 faciat.
623 3195 668 3255 Ex
683 3195 793 3255 scholis
810 3195 884 3255 haec
899 3197 983 3271 vitia,
1000 3196 1151 3273 inquibus

154 3282 247 3342 omnia
262 3280 354 3340 libere
370 3280 499 3357 fingimus
516 3288 544 3339 et
555 3282 685 3357 impune,
703 3281 769 3356 quia
781 3296 834 3357 pro
849 3279 927 3339 facto
944 3288 998 3354 est,
1011 3271 1169 3358 quidquid

152 3364 311 3431 voluimus;
327 3381 384 3423 non
399 3364 517 3424 admittit
533 3362 589 3422 hoc
602 3363 679 3422 idem
694 3365 817 3439 veritas,
834 3365 1014 3441 egregieque
1030 3364 1152 3426 Cassius

153 3449 259 3511 dicenti
276 3447 509 3508 adolescentulo:
525 3444 607 3521 Quid
619 3466 666 3511 mc
680 3455 764 3510 torvo
774 3449 857 3510 cuitu
866 3449 1005 3526 intueris,
1012 3444 1153 3510 Severe?
