2434 3925
97 219 106 229 ’
152 246 220 309 102,
468 260 594 308 mnan.
607 259 826 320 oumrmmm

149 414 231 488 dam,
262 414 347 510 eique
373 413 468 474 locum
492 416 521 474 in
549 415 645 477 ethice
671 416 851 496 aequitatem
876 417 1024 493 assignant
1050 415 1153 476 idest

148 519 358 578 πραγματικον.

123 590 142 644 t
233 581 299 657 Ego
315 581 425 659 (neque
441 582 470 642 id
484 584 547 642 sine
565 582 748 662 auctoribus)
764 585 946 643 materiam
965 601 1033 643 esse
1048 583 1150 650 rhetor

149 665 336 726 ricosiudico
352 683 475 725 omnes
496 685 557 726 res
579 685 816 745 quaecunque
839 669 871 726 ei
892 667 934 727 ad
956 668 1177 728 dicendum

149 749 339 808 subiectae
361 752 443 808 sint.
472 749 544 809 Nam
557 752 695 811 Socrates
711 751 785 828 apud
799 751 947 813 Platonem
962 751 1061 811 dicere
1074 751 1149 811 Gor·

149 835 215 911 giae
229 833 359 909 videtur,
381 851 438 892 non
453 834 481 893 in
495 834 593 894 verbis
609 853 677 894 esse
699 836 845 894 materiam
861 835 915 895 sed
930 836 958 893 in
972 834 1071 894 rebus.
1109 834 1150 893 Et

149 920 177 976 in
192 916 323 977 Phaedro
339 917 449 995 palam,
471 934 528 976 non
549 920 578 977 in
598 919 710 978 iudiciis
729 919 815 979 modo
836 927 866 977 et
889 918 1071 978 contionibus
1092 919 1149 979 sed

148 1002 180 1060 in.
198 1000 285 1060 rebus
307 1004 391 1062 etiam
412 1003 530 1080 privatis
554 1020 589 1062 ac
615 1003 782 1063 domesticis
802 991 968 1062 rhetoricen
989 1020 1073 1076 esse,
1095 1002 1149 1063 de·

147 1094 295 1145 monstrat.
322 1085 387 1158 Quo
401 1086 580 1146 manifestum
595 1096 640 1145 est
654 1086 727 1146 hanc
739 1087 902 1164 opinionem
916 1088 1005 1165 ipsius
1018 1086 1149 1145 Platonis

122 1169 249 1230 aluisse.
289 1168 327 1228 Et
348 1168 452 1228 Cicero
475 1170 597 1248 quodam
618 1172 685 1231 loco
707 1172 854 1230 materiam
876 1170 1039 1230 rhetorices
1058 1178 1150 1230 vocat

148 1271 214 1328 res,
237 1271 312 1331 quae
333 1254 482 1314 subiectae
502 1255 559 1313 sint
580 1256 624 1330 ei,
646 1255 699 1315 aed
721 1263 817 1314 certas
839 1254 950 1315 demum
973 1261 1053 1332 putat
1077 1271 1149 1313 esse

149 1336 306 1396 subiectas.
340 1337 406 1397 Alio
421 1354 494 1396 vero
510 1337 546 1397 de
562 1337 691 1397 omnihus
706 1338 793 1399 rebus
810 1340 917 1398 oratori
933 1337 1084 1397 dicendum
1099 1357 1147 1398 ar·

148 1420 269 1480 bitratnr
284 1419 327 1480 his
346 1421 459 1498 quidem
473 1421 585 1492 perbis:
611 1421 793 1501 Quanquam
810 1424 858 1483 cis
871 1425 1005 1484 oratoris
1021 1423 1147 1501 profes-

148 1506 254 1583 sioque
266 1507 336 1583 ipso
355 1505 430 1566 heae
445 1506 570 1567 dicendi
586 1506 642 1568 lroc
657 1508 816 1585 macipere
830 1524 871 1567 ac
881 1507 1023 1585 polliceri
1035 1506 1147 1567 videa-

150 1597 215 1667 tur,
237 1596 270 1649 ut
289 1591 371 1649 omni
384 1591 423 1650 de
441 1609 493 1665 re,
516 1597 717 1669 quaeeunque
731 1592 771 1650 sit
786 1592 958 1669 proposito,
982 1599 1090 1651 ornate
1103 1592 1147 1651 ab

125 1681 184 1735 deo
199 1673 379 1752 copioseque
392 1674 525 1734 dicotur.
557 1673 654 1753 Atque
669 1674 762 1735 adhoc
777 1673 862 1735 alibi:
886 1672 965 1736 Vero
979 1675 1057 1735 enim
1071 1692 1147 1735 oro-

150 1758 224 1832 tort,
253 1773 334 1835 qaae
356 1767 427 1819 saut
447 1759 479 1819 in
500 1758 651 1820 hominum
675 1761 754 1835 cito,
784 1759 1030 1837 quondoquidem
1052 1759 1086 1818 tn
1107 1777 1147 1819 eo

149 1849 294 1902 porcator
307 1851 412 1904 orator
428 1850 520 1921 atquc
540 1861 578 1905 eo
594 1851 638 1905 est
659 1844 688 1903 ei
706 1844 846 1904 subiecto
866 1842 1147 1917 maturescentem

149 1928 306 2005 peracuta,
324 1928 450 2005 audita,
466 1928 563 2006 tecto,
579 1928 752 2008 disputato,
773 1935 925 2004 tractatu,
945 1928 1063 2007 oqitotu
1078 1943 1146 1987 esse

124 2012 312 2155 ldebmlhano
327 2103 439 2170 antem,
461 2113 544 2174 quam
563 2113 617 2154 nos
638 2097 785 2155 materiam
806 2111 961 2170 vocamus,
980 2093 1009 2153 id
1030 2102 1076 2153 est
1095 2112 1145 2153 res

149 2178 314 2253 subiectas,
337 2178 449 2256 quidam
463 2180 548 2239 modo
564 2180 699 2239 infinitam
712 2179 799 2239 modo
813 2195 870 2238 non
884 2179 1030 2256 propriam
1045 2177 1144 2237 rheto-

149 2264 227 2321 rices
250 2279 318 2321 esse
332 2262 481 2339 dixerunt,
505 2281 625 2341 eamque
640 2273 730 2323 artem
752 2265 1041 2326 circummanentem
1056 2278 1143 2320 voca·

124 2353 266 2421 averunt,
297 2345 374 2424 quod
397 2348 425 2405 in
450 2349 524 2407 omni
545 2350 664 2408 materia
688 2346 808 2407 diceret.
857 2344 928 2405 Cum
950 2344 1052 2424 quibos
1077 2345 1144 2404 mihi

150 2432 262 2490 minima
278 2447 374 2508 pugna
392 2440 446 2489 est.
482 2430 554 2491 Nam
574 2432 611 2492 de
631 2433 706 2490 omni
720 2431 838 2505 materia
858 2429 956 2489 dicere
977 2446 1038 2487 eam
1051 2428 1143 2488 faten-

150 2524 210 2582 tur;
239 2516 385 2593 propriam
410 2514 519 2576 habere
544 2517 707 2592 materiam,
730 2517 796 2593 qnia
817 2513 1005 2592 multiplicem
1028 2511 1144 2588 habeat,

150 2606 267 2675 negant.
305 2598 365 2657 Sed
389 2617 484 2677 neque
509 2599 616 2660 infinita
638 2608 698 2673 est,
726 2600 836 2659 etiamsi
859 2607 904 2656 est
925 2595 1089 2675 multiplex:
1115 2606 1146 2655 et

151 2684 226 2743 aliae
251 2699 368 2761 quoque
391 2693 469 2743 artes
496 2686 622 2744 minores
648 2682 756 2743 habent
778 2681 964 2760 multiplicem
984 2682 1142 2755 materiam,

150 2767 230 2826 velut
245 2764 487 2843 architectonice,
504 2786 626 2847 namque
640 2787 674 2828 ea
688 2769 716 2826 in
733 2764 878 2841 omnihus,
896 2782 970 2843 quae
986 2772 1050 2824 sont
1065 2763 1143 2823 aedi·

152 2851 218 2911 licio
233 2851 328 2927 utilia,
344 2861 492 2928 versatur,
510 2862 538 2913 et
554 2853 711 2927 caelatura,
728 2868 803 2929 qnae
818 2866 899 2924 auro,
915 2856 1047 2925 argento,
1064 2866 1143 2923 aere,

127 2936 231 3002 9iemo
258 2953 348 3015 opera
372 2936 471 2996 eflicit.
522 2936 593 2998 Nam
619 2936 767 3013 sculptura
796 2935 881 2994 etiam
907 2932 1031 3010 lignum,
1061 2930 1143 3008 ebur,

151 3038 290 3094 marmor,
311 3021 428 3096 vitrum,
447 3038 593 3097 gemmas,
611 3028 855 3099 practereaqnae
874 3017 1049 3095 supradixi,
1067 3033 1144 3075 com·

113 3104 297 3182 loplectitnr.
334 3103 437 3181 Neque
457 3106 588 3182 protinus
602 3122 660 3164 non
680 3111 725 3162 eat
744 3104 862 3162 materia
878 3100 1057 3174 rhetorices,
1077 3101 1101 3158 si
1116 3102 1145 3159 in

154 3187 254 3248 eadem
268 3195 400 3263 versatur
415 3188 548 3257 etalius.
583 3188 656 3248 Nam
670 3190 694 3247 si
714 3203 865 3264 quaeram,
888 3202 962 3263 quae
977 3185 1013 3242 sit
1027 3185 1143 3243 materia

153 3272 299 3346 statuarii,
323 3271 436 3331 dicetur
449 3291 526 3340 oes,·
553 3275 577 3332 si
602 3288 754 3350 quaeram,
776 3288 850 3348 quae
870 3271 907 3327 sit
927 3269 1093 3341 excusaris,
1116 3266 1143 3326 id

155 3364 200 3418 est
218 3355 347 3417 fabricae
368 3358 429 3414 eina
452 3373 534 3433 quam
550 3355 653 3416 Graeci
667 3345 860 3434 quttsoccar'qv
878 3359 998 3427 vocant,
1017 3350 1145 3410 similiter

154 3461 209 3504 oea
224 3439 509 3518 essercspondeant.
536 3440 624 3518 Atqui
639 3440 789 3518 plurimum
804 3437 904 3496 statuis
920 3436 1052 3496 differunt
1066 3452 1143 3493 vasa.

115 3524 217 3590 llNec
231 3524 373 3587 medicina
394 3524 461 3585 ideo
478 3541 535 3583 non
557 3526 612 3586 erit
633 3543 694 3610 ars,
716 3523 783 3601 quia
803 3521 901 3581 unctio
923 3530 953 3580 et
977 3519 1145 3581 exercitatio
