<?xml version="1.0" encoding="UTF-8"?>
<!DOCTYPE html PUBLIC "-//W3C//DTD XHTML 1.0 Transitional//EN"
    "http://www.w3.org/TR/xhtml1/DTD/xhtml1-transitional.dtd">
<html xmlns="http://www.w3.org/1999/xhtml" xml:lang="en" lang="en">
 <head>
  <title>
</title>
<meta http-equiv="Content-Type" content="text/html;charset=utf-8" />
  <meta name='ocr-system' content='tesseract 3.04.00' />
  <meta name='ocr-capabilities' content='ocr_page ocr_carea ocr_par ocr_line ocrx_word'/>
</head>
<body>
  <div class='ocr_page' id='page_1' title='image "./mfabiiquintilia08bonngoog_0241.png"; bbox 0 0 2434 3925; ppageno 0'>
   <div class='ocr_carea' id='block_1_1' title="bbox 349 201 1055 278">
    <p class='ocr_par' dir='ltr' id='par_1_1' title="bbox 349 201 1055 278">
     <span class='ocr_line' id='line_1_1' title="bbox 349 201 1055 278; baseline -0.006 -13"><span class='ocrx_word' id='word_1_1' title='bbox 349 208 774 278; x_wconf 73' lang='lat' dir='ltr'><strong>nisu.euturon.nre.rv,u.</strong></span> <span class='ocrx_word' id='word_1_2' title='bbox 995 201 1055 263; x_wconf 80' lang='lat' dir='ltr'><strong>rot</strong></span> 
     </span>
    </p>
   </div>
   <div class='ocr_carea' id='block_1_2' title="bbox 6 346 1135 445">
    <p class='ocr_par' dir='ltr' id='par_1_2' title="bbox 6 314 1135 445">
     <span class='ocr_line' id='line_1_2' title="bbox 6 346 1135 445; baseline -0.002 -15"><span class='ocrx_word' id='word_1_3' title='bbox 6 346 8 417; x_wconf 65' lang='lat' dir='ltr'><strong>l</strong></span> <span class='ocrx_word' id='word_1_4' title='bbox 69 369 289 431; x_wconf 59' lang='lat' dir='ltr'><strong>manetes</strong></span> <span class='ocrx_word' id='word_1_5' title='bbox 302 365 473 443; x_wconf 70' lang='lat' dir='ltr'><strong>intelligent.</strong></span> <span class='ocrx_word' id='word_1_6' title='bbox 497 364 530 425; x_wconf 91' lang='lat' dir='ltr'><strong>ln</strong></span> <span class='ocrx_word' id='word_1_7' title='bbox 544 383 603 445; x_wconf 78' lang='lat' dir='ltr'><strong>qno</strong></span> <span class='ocrx_word' id='word_1_8' title='bbox 616 383 727 442; x_wconf 77' lang='lat' dir='ltr'><strong>genere</strong></span> <span class='ocrx_word' id='word_1_9' title='bbox 743 366 871 443; x_wconf 79' lang='lat' dir='ltr'><strong>plurimis</strong></span> <span class='ocrx_word' id='word_1_10' title='bbox 887 367 985 444; x_wconf 77' lang='lat' dir='ltr'><strong>ligaris</strong></span> <span class='ocrx_word' id='word_1_11' title='bbox 1002 369 1057 427; x_wconf 88' lang='lat' dir='ltr'><strong>erit</strong></span> <span class='ocrx_word' id='word_1_12' title='bbox 1134 358 1135 361; x_wconf 44' lang='lat'>&#39;</span> 
     </span>
    </p>
   </div>
   <div class='ocr_carea' id='block_1_3' title="bbox 6 449 1164 3528">
    <p class='ocr_par' dir='ltr' id='par_1_3' title="bbox 66 449 1055 528">
     <span class='ocr_line' id='line_1_3' title="bbox 66 449 1055 528; baseline -0.004 -15"><span class='ocrx_word' id='word_1_13' title='bbox 66 449 206 513; x_wconf 71' lang='lat' dir='ltr'><strong>nriandu</strong></span> <span class='ocrx_word' id='word_1_14' title='bbox 225 451 372 528; x_wconf 79' lang='lat' dir='ltr'><strong>expositio</strong></span> <span class='ocrx_word' id='word_1_15' title='bbox 391 450 429 510; x_wconf 86' lang='lat' dir='ltr'><strong>ad</strong></span> <span class='ocrx_word' id='word_1_16' title='bbox 452 450 645 526; x_wconf 70' lang='lat' dir='ltr'><strong>elargiendam</strong></span> <span class='ocrx_word' id='word_1_17' title='bbox 666 450 790 509; x_wconf 91' lang='lat' dir='ltr'><strong>taedium</strong></span> <span class='ocrx_word' id='word_1_18' title='bbox 811 459 880 509; x_wconf 88' lang='lat' dir='ltr'><strong>nota</strong></span> <span class='ocrx_word' id='word_1_19' title='bbox 902 452 1055 527; x_wconf 90' lang='lat' dir='ltr'><strong>audientis,</strong></span> 
     </span>
    </p>

    <p class='ocr_par' dir='ltr' id='par_1_4' title="bbox 6 508 1057 613">
     <span class='ocr_line' id='line_1_4' title="bbox 6 508 1057 613; baseline -0.002 -16"><span class='ocrx_word' id='word_1_20' title='bbox 6 508 8 613; x_wconf 64' lang='grc' dir='ltr'>Ι</span> <span class='ocrx_word' id='word_1_21' title='bbox 67 538 145 597; x_wconf 86' lang='lat' dir='ltr'><strong>sieut</strong></span> <span class='ocrx_word' id='word_1_22' title='bbox 158 531 335 609; x_wconf 70' lang='lat' dir='ltr'><strong>Meministi,</strong></span> <span class='ocrx_word' id='word_1_23' title='bbox 359 542 389 592; x_wconf 90' lang='lat' dir='ltr'><strong>et</strong></span> <span class='ocrx_word' id='word_1_24' title='bbox 403 530 547 594; x_wconf 78' lang='lat' dir='ltr'><strong>Fortasse</strong></span> <span class='ocrx_word' id='word_1_25' title='bbox 558 551 783 612; x_wconf 67' lang='lat' dir='ltr'><strong>supervacuum</strong></span> <span class='ocrx_word' id='word_1_26' title='bbox 798 533 892 611; x_wconf 70' lang='lat' dir='ltr'><strong>licerit</strong></span> <span class='ocrx_word' id='word_1_27' title='bbox 910 536 958 595; x_wconf 76' lang='lat' dir='ltr'><strong>die</strong></span> <span class='ocrx_word' id='word_1_28' title='bbox 979 553 1057 603; x_wconf 55' lang='lat' dir='ltr'><strong>come</strong></span> 
     </span>
    </p>

    <p class='ocr_par' dir='ltr' id='par_1_5' title="bbox 6 615 1099 862">
     <span class='ocr_line' id='line_1_5' title="bbox 6 615 1058 696; baseline -0.002 -15"><span class='ocrx_word' id='word_1_29' title='bbox 6 618 7 623; x_wconf 68' lang='grc'>’</span> <span class='ocrx_word' id='word_1_30' title='bbox 66 619 204 686; x_wconf 68' lang='lat' dir='ltr'><strong>muraric</strong></span> <span class='ocrx_word' id='word_1_31' title='bbox 219 615 283 680; x_wconf 85' lang='lat' dir='ltr'><strong>Sed</strong></span> <span class='ocrx_word' id='word_1_32' title='bbox 298 618 373 696; x_wconf 74' lang='lat' dir='ltr'><strong>perid</strong></span> <span class='ocrx_word' id='word_1_33' title='bbox 392 635 447 694; x_wconf 73' lang='lat' dir='ltr'><strong>spo</strong></span> <span class='ocrx_word' id='word_1_34' title='bbox 461 618 591 688; x_wconf 75' lang='lat' dir='ltr'><strong>diutius,</strong></span> <span class='ocrx_word' id='word_1_35' title='bbox 607 636 676 677; x_wconf 83' lang='lat' dir='ltr'><strong>cum</strong></span> <span class='ocrx_word' id='word_1_36' title='bbox 689 625 722 677; x_wconf 85' lang='lat' dir='ltr'><strong>tu</strong></span> <span class='ocrx_word' id='word_1_37' title='bbox 736 618 845 694; x_wconf 76' lang='lat' dir='ltr'><strong>optime</strong></span> <span class='ocrx_word' id='word_1_38' title='bbox 857 620 960 686; x_wconf 81' lang='lat' dir='ltr'><strong>noris;</strong></span> <span class='ocrx_word' id='word_1_39' title='bbox 980 618 1058 679; x_wconf 76' lang='lat' dir='ltr'><strong>illud</strong></span> 
     </span>
     <span class='ocr_line' id='line_1_6' title="bbox 67 699 1099 781; baseline -0.004 -18"><span class='ocrx_word' id='word_1_40' title='bbox 67 702 162 781; x_wconf 77' lang='lat' dir='ltr'><strong>pecte</strong></span> <span class='ocrx_word' id='word_1_41' title='bbox 180 702 238 777; x_wconf 77' lang='lat' dir='ltr'><strong>sit,</strong></span> <span class='ocrx_word' id='word_1_42' title='bbox 258 708 290 763; x_wconf 85' lang='lat' dir='ltr'><strong>lu</strong></span> <span class='ocrx_word' id='word_1_43' title='bbox 310 701 416 764; x_wconf 68' lang='lat' dir='ltr'><strong>succi</strong></span> <span class='ocrx_word' id='word_1_44' title='bbox 437 699 527 760; x_wconf 89' lang='lat' dir='ltr'><strong>ethis</strong></span> <span class='ocrx_word' id='word_1_45' title='bbox 547 700 660 759; x_wconf 78' lang='lat' dir='ltr'><strong>similia.</strong></span> <span class='ocrx_word' id='word_1_46' title='bbox 687 699 821 778; x_wconf 82' lang='lat' dir='ltr'><strong>Alioqui,</strong></span> <span class='ocrx_word' id='word_1_47' title='bbox 845 701 870 759; x_wconf 93' lang='lat' dir='ltr'><strong>si</strong></span> <span class='ocrx_word' id='word_1_48' title='bbox 890 702 965 779; x_wconf 92' lang='lat' dir='ltr'><strong>apud</strong></span> <span class='ocrx_word' id='word_1_49' title='bbox 986 699 1099 766; x_wconf 71' lang='lat' dir='ltr'><strong>iudi-23</strong></span> 
     </span>
     <span class='ocr_line' id='line_1_7' title="bbox 68 785 1071 862; baseline -0.002 -16"><span class='ocrx_word' id='word_1_50' title='bbox 68 803 152 861; x_wconf 86' lang='lat' dir='ltr'><strong>cem,</strong></span> <span class='ocrx_word' id='word_1_51' title='bbox 178 785 224 844; x_wconf 82' lang='lat' dir='ltr'><strong>eci</strong></span> <span class='ocrx_word' id='word_1_52' title='bbox 243 794 310 846; x_wconf 90' lang='lat' dir='ltr'><strong>nota</strong></span> <span class='ocrx_word' id='word_1_53' title='bbox 334 801 422 844; x_wconf 84' lang='lat' dir='ltr'><strong>eausa</strong></span> <span class='ocrx_word' id='word_1_54' title='bbox 442 792 503 858; x_wconf 88' lang='lat' dir='ltr'><strong>est,</strong></span> <span class='ocrx_word' id='word_1_55' title='bbox 527 785 653 843; x_wconf 87' lang='lat' dir='ltr'><strong>narratio</strong></span> <span class='ocrx_word' id='word_1_56' title='bbox 674 801 791 861; x_wconf 78' lang='lat' dir='ltr'>semper</span> <span class='ocrx_word' id='word_1_57' title='bbox 815 785 929 843; x_wconf 83' lang='lat' dir='ltr'><strong>videtur</strong></span> <span class='ocrx_word' id='word_1_58' title='bbox 956 799 1071 862; x_wconf 56' lang='lat' dir='ltr'><strong>snper·⁴</strong></span> 
     </span>
    </p>

    <p class='ocr_par' dir='ltr' id='par_1_6' title="bbox 38 867 1056 1013">
     <span class='ocr_line' id='line_1_8' title="bbox 38 867 1056 946; baseline -0.002 -17"><span class='ocrx_word' id='word_1_59' title='bbox 38 926 40 929; x_wconf 81' lang='grc'><strong>,</strong></span> <span class='ocrx_word' id='word_1_60' title='bbox 65 885 177 943; x_wconf 75' lang='grc' dir='ltr'><strong>ιεειιι,</strong></span> <span class='ocrx_word' id='word_1_61' title='bbox 200 877 299 946; x_wconf 87' lang='lat' dir='ltr'><strong>polest</strong></span> <span class='ocrx_word' id='word_1_62' title='bbox 317 867 409 928; x_wconf 84' lang='lat' dir='ltr'><strong>videri</strong></span> <span class='ocrx_word' id='word_1_63' title='bbox 424 883 483 926; x_wconf 90' lang='lat' dir='ltr'><strong>non</strong></span> <span class='ocrx_word' id='word_1_64' title='bbox 499 885 617 946; x_wconf 89' lang='lat' dir='ltr'><strong>semper</strong></span> <span class='ocrx_word' id='word_1_65' title='bbox 636 885 704 932; x_wconf 83' lang='lat' dir='ltr'><strong>esse</strong></span> <span class='ocrx_word' id='word_1_66' title='bbox 725 869 810 926; x_wconf 89' lang='lat' dir='ltr'><strong>etiam</strong></span> <span class='ocrx_word' id='word_1_67' title='bbox 830 869 893 945; x_wconf 92' lang='lat' dir='ltr'><strong>ipsa</strong></span> <span class='ocrx_word' id='word_1_68' title='bbox 915 869 990 927; x_wconf 89' lang='lat' dir='ltr'><strong>actio</strong></span> <span class='ocrx_word' id='word_1_69' title='bbox 1007 887 1056 927; x_wconf 90' lang='lat' dir='ltr'><strong>ne·</strong></span> 
     </span>
     <span class='ocr_line' id='line_1_9' title="bbox 68 969 213 1013; baseline -0.014 0"><span class='ocrx_word' id='word_1_70' title='bbox 68 969 213 1013; x_wconf 63' lang='lat' dir='ltr'><strong>masana,</strong></span> 
     </span>
    </p>

    <p class='ocr_par' dir='ltr' id='par_1_7' title="bbox 67 1027 1100 1281">
     <span class='ocr_line' id='line_1_10' title="bbox 154 1027 1100 1112; baseline 0 -18"><span class='ocrx_word' id='word_1_71' title='bbox 154 1034 286 1094; x_wconf 82' lang='lat' dir='ltr'><strong>Alterum</strong></span> <span class='ocrx_word' id='word_1_72' title='bbox 312 1041 373 1108; x_wconf 83' lang='lat' dir='ltr'><strong>est,</strong></span> <span class='ocrx_word' id='word_1_73' title='bbox 400 1032 438 1094; x_wconf 89' lang='lat' dir='ltr'><strong>de</strong></span> <span class='ocrx_word' id='word_1_74' title='bbox 462 1051 519 1112; x_wconf 88' lang='lat' dir='ltr'><strong>qno</strong></span> <span class='ocrx_word' id='word_1_75' title='bbox 545 1033 723 1110; x_wconf 84' lang='lat' dir='ltr'><strong>frequentius</strong></span> <span class='ocrx_word' id='word_1_76' title='bbox 751 1035 913 1111; x_wconf 84' lang='lat' dir='ltr'><strong>quaeritur,</strong></span> <span class='ocrx_word' id='word_1_77' title='bbox 941 1052 984 1092; x_wconf 88' lang='lat' dir='ltr'><strong>an</strong></span> <span class='ocrx_word' id='word_1_78' title='bbox 1009 1027 1100 1094; x_wconf 66' lang='lat' dir='ltr'><strong>siffl</strong></span> 
     </span>
     <span class='ocr_line' id='line_1_11' title="bbox 67 1116 1058 1198; baseline -0.002 -19"><span class='ocrx_word' id='word_1_79' title='bbox 67 1120 197 1198; x_wconf 84' lang='lat' dir='ltr'><strong>ntique</strong></span> <span class='ocrx_word' id='word_1_80' title='bbox 219 1118 385 1179; x_wconf 90' lang='lat' dir='ltr'><strong>narratio</strong></span> <span class='ocrx_word' id='word_1_81' title='bbox 407 1118 598 1195; x_wconf 89' lang='lat' dir='ltr'><strong>prooemio</strong></span> <span class='ocrx_word' id='word_1_82' title='bbox 623 1116 880 1184; x_wconf 79' lang='lat' dir='ltr'><strong>subiicienda:</strong></span> <span class='ocrx_word' id='word_1_83' title='bbox 906 1117 983 1195; x_wconf 84' lang='lat' dir='ltr'><strong>quod</strong></span> <span class='ocrx_word' id='word_1_84' title='bbox 1010 1119 1058 1197; x_wconf 91' lang='lat' dir='ltr'><strong>qui</strong></span> 
     </span>
     <span class='ocr_line' id='line_1_12' title="bbox 68 1199 1059 1281; baseline -0.002 -19"><span class='ocrx_word' id='word_1_85' title='bbox 68 1203 241 1281; x_wconf 83' lang='lat' dir='ltr'><strong>opinantur,</strong></span> <span class='ocrx_word' id='word_1_86' title='bbox 262 1218 319 1260; x_wconf 90' lang='lat' dir='ltr'><strong>non</strong></span> <span class='ocrx_word' id='word_1_87' title='bbox 334 1210 454 1278; x_wconf 83' lang='lat' dir='ltr'><strong>possunt</strong></span> <span class='ocrx_word' id='word_1_88' title='bbox 466 1201 559 1262; x_wconf 86' lang='lat' dir='ltr'><strong>videri</strong></span> <span class='ocrx_word' id='word_1_89' title='bbox 575 1199 653 1259; x_wconf 88' lang='lat' dir='ltr'><strong>nulla</strong></span> <span class='ocrx_word' id='word_1_90' title='bbox 667 1201 778 1260; x_wconf 88' lang='lat' dir='ltr'><strong>ratione</strong></span> <span class='ocrx_word' id='word_1_91' title='bbox 793 1201 879 1261; x_wconf 87' lang='lat' dir='ltr'><strong>ducti.</strong></span> <span class='ocrx_word' id='word_1_92' title='bbox 906 1201 978 1261; x_wconf 88' lang='lat' dir='ltr'><strong>Nam</strong></span> <span class='ocrx_word' id='word_1_93' title='bbox 995 1219 1059 1260; x_wconf 89' lang='lat' dir='ltr'><strong>cum</strong></span> 
     </span>
    </p>

    <p class='ocr_par' dir='ltr' id='par_1_8' title="bbox 6 1284 1058 1365">
     <span class='ocr_line' id='line_1_13' title="bbox 6 1284 1058 1365; baseline -0.003 -19"><span class='ocrx_word' id='word_1_94' title='bbox 6 1296 7 1309; x_wconf 65' lang='lat'>¹</span> <span class='ocrx_word' id='word_1_95' title='bbox 68 1286 252 1365; x_wconf 86' lang='lat' dir='ltr'><strong>prooemium</strong></span> <span class='ocrx_word' id='word_1_96' title='bbox 271 1285 380 1345; x_wconf 86' lang='lat' dir='ltr'><strong>ideirco</strong></span> <span class='ocrx_word' id='word_1_97' title='bbox 403 1293 597 1364; x_wconf 83' lang='lat' dir='ltr'><strong>comparatum</strong></span> <span class='ocrx_word' id='word_1_98' title='bbox 619 1284 672 1359; x_wconf 86' lang='lat' dir='ltr'><strong>sit,</strong></span> <span class='ocrx_word' id='word_1_99' title='bbox 693 1293 725 1343; x_wconf 95' lang='lat' dir='ltr'><strong>ut</strong></span> <span class='ocrx_word' id='word_1_100' title='bbox 744 1285 831 1346; x_wconf 84' lang='lat' dir='ltr'><strong>index</strong></span> <span class='ocrx_word' id='word_1_101' title='bbox 851 1285 887 1344; x_wconf 87' lang='lat' dir='ltr'><strong>ad</strong></span> <span class='ocrx_word' id='word_1_102' title='bbox 904 1303 966 1344; x_wconf 91' lang='lat' dir='ltr'><strong>rem</strong></span> <span class='ocrx_word' id='word_1_103' title='bbox 983 1286 1058 1344; x_wconf 86' lang='lat' dir='ltr'><strong>acei-</strong></span> 
     </span>
    </p>

    <p class='ocr_par' dir='ltr' id='par_1_9' title="bbox 6 1364 1164 3528">
     <span class='ocr_line' id='line_1_14' title="bbox 6 1364 1059 1448; baseline -0.003 -19"><span class='ocrx_word' id='word_1_104' title='bbox 6 1364 8 1371; x_wconf 81' lang='lat'>&#39;</span> <span class='ocrx_word' id='word_1_105' title='bbox 69 1369 207 1448; x_wconf 85' lang='lat' dir='ltr'><strong>piendam</strong></span> <span class='ocrx_word' id='word_1_106' title='bbox 229 1365 289 1429; x_wconf 71' lang='lat' dir='ltr'><strong>liat&#39;</strong></span> <span class='ocrx_word' id='word_1_107' title='bbox 303 1368 502 1444; x_wconf 87' lang='lat' dir='ltr'><strong>conciliatior,</strong></span> <span class='ocrx_word' id='word_1_108' title='bbox 529 1368 668 1443; x_wconf 80' lang='lat' dir='ltr'><strong>docilior,</strong></span> <span class='ocrx_word' id='word_1_109' title='bbox 695 1369 843 1437; x_wconf 68' lang='lat' dir='ltr'><strong>intention</strong></span> <span class='ocrx_word' id='word_1_110' title='bbox 872 1377 902 1428; x_wconf 87' lang='lat' dir='ltr'><strong>et</strong></span> <span class='ocrx_word' id='word_1_111' title='bbox 925 1368 1059 1447; x_wconf 89' lang='lat' dir='ltr'><strong>probatio</strong></span> 
     </span>
     <span class='ocr_line' id='line_1_15' title="bbox 68 1450 1060 1531; baseline -0.001 -19"><span class='ocrx_word' id='word_1_112' title='bbox 68 1454 126 1512; x_wconf 84' lang='lat' dir='ltr'><strong>nisi</strong></span> <span class='ocrx_word' id='word_1_113' title='bbox 142 1469 229 1513; x_wconf 82' lang='lat' dir='ltr'><strong>cause</strong></span> <span class='ocrx_word' id='word_1_114' title='bbox 243 1453 323 1530; x_wconf 90' lang='lat' dir='ltr'><strong>prius</strong></span> <span class='ocrx_word' id='word_1_115' title='bbox 340 1452 456 1528; x_wconf 79' lang='lat' dir='ltr'><strong>cognita</strong></span> <span class='ocrx_word' id='word_1_116' title='bbox 477 1469 534 1512; x_wconf 90' lang='lat' dir='ltr'><strong>non</strong></span> <span class='ocrx_word' id='word_1_117' title='bbox 548 1452 641 1530; x_wconf 84' lang='lat' dir='ltr'><strong>possit</strong></span> <span class='ocrx_word' id='word_1_118' title='bbox 661 1450 807 1512; x_wconf 74' lang='lat' dir='ltr'><strong>adhiberi:</strong></span> <span class='ocrx_word' id='word_1_119' title='bbox 828 1454 958 1531; x_wconf 89' lang='lat' dir='ltr'><strong>protinus</strong></span> <span class='ocrx_word' id='word_1_120' title='bbox 973 1452 1060 1512; x_wconf 80' lang='lat' dir='ltr'><strong>iudex</strong></span> 
     </span>
     <span class='ocr_line' id='line_1_16' title="bbox 68 1534 1101 1614; baseline -0.001 -18"><span class='ocrx_word' id='word_1_121' title='bbox 68 1536 174 1596; x_wconf 81' lang='lat' dir='ltr'><strong>notitia</strong></span> <span class='ocrx_word' id='word_1_122' title='bbox 191 1552 286 1595; x_wconf 86' lang='lat' dir='ltr'><strong>rernm</strong></span> <span class='ocrx_word' id='word_1_123' title='bbox 308 1535 489 1597; x_wconf 86' lang='lat' dir='ltr'><strong>instruendus</strong></span> <span class='ocrx_word' id='word_1_124' title='bbox 509 1536 631 1595; x_wconf 88' lang='lat' dir='ltr'><strong>ridetur.</strong></span> <span class='ocrx_word' id='word_1_125' title='bbox 666 1535 726 1595; x_wconf 88' lang='lat' dir='ltr'><strong>Sed</strong></span> <span class='ocrx_word' id='word_1_126' title='bbox 742 1535 799 1596; x_wconf 91' lang='lat' dir='ltr'><strong>hoe</strong></span> <span class='ocrx_word' id='word_1_127' title='bbox 814 1553 929 1614; x_wconf 82' lang='lat' dir='ltr'><strong>qnoque</strong></span> <span class='ocrx_word' id='word_1_128' title='bbox 948 1534 1101 1596; x_wconf 78' lang='lat' dir='ltr'><strong>interim25</strong></span> 
     </span>
     <span class='ocr_line' id='line_1_17' title="bbox 69 1617 1164 1686; baseline 0 -7"><span class='ocrx_word' id='word_1_129' title='bbox 69 1627 169 1679; x_wconf 86' lang='lat' dir='ltr'><strong>mutat·</strong></span> <span class='ocrx_word' id='word_1_130' title='bbox 179 1619 311 1679; x_wconf 89' lang='lat' dir='ltr'><strong>condicio</strong></span> <span class='ocrx_word' id='word_1_131' title='bbox 329 1634 492 1686; x_wconf 70' lang='lat' dir='ltr'><strong>causarum</strong></span> <span class='ocrx_word' id='word_1_132' title='bbox 515 1620 569 1678; x_wconf 91' lang='lat' dir='ltr'><strong>nisi</strong></span> <span class='ocrx_word' id='word_1_133' title='bbox 587 1619 664 1678; x_wconf 89' lang='lat' dir='ltr'><strong>forte</strong></span> <span class='ocrx_word' id='word_1_134' title='bbox 685 1617 723 1678; x_wconf 87' lang='grc' dir='ltr'><strong>Μ.</strong></span> <span class='ocrx_word' id='word_1_135' title='bbox 746 1619 856 1680; x_wconf 84' lang='lat' dir='ltr'><strong>Tullius</strong></span> <span class='ocrx_word' id='word_1_136' title='bbox 878 1620 907 1678; x_wconf 90' lang='lat' dir='ltr'><strong>in</strong></span> <span class='ocrx_word' id='word_1_137' title='bbox 930 1621 1061 1679; x_wconf 83' lang='lat' dir='ltr'><strong>oratione</strong></span> <span class='ocrx_word' id='word_1_138' title='bbox 1162 1656 1164 1663; x_wconf 47' lang='grc' dir='ltr'>ι</span> 
     </span>
     <span class='ocr_line' id='line_1_18' title="bbox 70 1701 1060 1782; baseline 0 -21"><span class='ocrx_word' id='word_1_139' title='bbox 70 1701 278 1782; x_wconf 68' lang='lat' dir='ltr'><strong>pulcherrma,</strong></span> <span class='ocrx_word' id='word_1_140' title='bbox 296 1720 379 1781; x_wconf 58' lang='lat' dir='ltr'><strong>mam</strong></span> <span class='ocrx_word' id='word_1_141' title='bbox 391 1719 446 1780; x_wconf 88' lang='lat' dir='ltr'><strong>pro</strong></span> <span class='ocrx_word' id='word_1_142' title='bbox 461 1701 568 1762; x_wconf 82' lang='lat' dir='ltr'><strong>Milone</strong></span> <span class='ocrx_word' id='word_1_143' title='bbox 584 1702 720 1779; x_wconf 76' lang='lat' dir='ltr'><strong>scriptam</strong></span> <span class='ocrx_word' id='word_1_144' title='bbox 733 1703 866 1781; x_wconf 88' lang='lat' dir='ltr'><strong>reliquit,</strong></span> <span class='ocrx_word' id='word_1_145' title='bbox 883 1703 956 1761; x_wconf 90' lang='lat' dir='ltr'><strong>male</strong></span> <span class='ocrx_word' id='word_1_146' title='bbox 973 1703 1060 1762; x_wconf 89' lang='lat' dir='ltr'><strong>distu-</strong></span> 
     </span>
     <span class='ocr_line' id='line_1_19' title="bbox 69 1785 1059 1862; baseline -0.004 -15"><span class='ocrx_word' id='word_1_147' title='bbox 69 1787 143 1847; x_wconf 87' lang='lat' dir='ltr'><strong>lisse</strong></span> <span class='ocrx_word' id='word_1_148' title='bbox 165 1786 356 1847; x_wconf 75' lang='lat' dir='ltr'><strong>narrationem</strong></span> <span class='ocrx_word' id='word_1_149' title='bbox 375 1785 489 1846; x_wconf 86' lang='lat' dir='ltr'><strong>videtur</strong></span> <span class='ocrx_word' id='word_1_150' title='bbox 508 1785 599 1845; x_wconf 88' lang='lat' dir='ltr'><strong>tribus</strong></span> <span class='ocrx_word' id='word_1_151' title='bbox 627 1787 802 1862; x_wconf 89' lang='lat' dir='ltr'><strong>praepositis</strong></span> <span class='ocrx_word' id='word_1_152' title='bbox 828 1786 1059 1862; x_wconf 76' lang='lat' dir='ltr'><strong>quaestionibus3</strong></span> 
     </span>
     <span class='ocr_line' id='line_1_20' title="bbox 69 1867 1061 1948; baseline -0.004 -17"><span class='ocrx_word' id='word_1_153' title='bbox 69 1878 120 1931; x_wconf 86' lang='lat' dir='ltr'><strong>aut</strong></span> <span class='ocrx_word' id='word_1_154' title='bbox 141 1869 302 1947; x_wconf 81' lang='lat' dir='ltr'><strong>profuisset</strong></span> <span class='ocrx_word' id='word_1_155' title='bbox 324 1887 490 1948; x_wconf 82' lang='lat' dir='ltr'><strong>exponere,</strong></span> <span class='ocrx_word' id='word_1_156' title='bbox 518 1868 662 1946; x_wconf 82' lang='lat' dir='ltr'><strong>quomodo</strong></span> <span class='ocrx_word' id='word_1_157' title='bbox 684 1867 800 1929; x_wconf 87' lang='lat' dir='ltr'><strong>insidias</strong></span> <span class='ocrx_word' id='word_1_158' title='bbox 821 1867 921 1928; x_wconf 85' lang='lat' dir='ltr'><strong>lliloni</strong></span> <span class='ocrx_word' id='word_1_159' title='bbox 939 1869 1061 1928; x_wconf 83' lang='lat' dir='ltr'><strong>fecisset</strong></span> 
     </span>
     <span class='ocr_line' id='line_1_21' title="bbox 71 1950 1060 2031; baseline -0.004 -17"><span class='ocrx_word' id='word_1_160' title='bbox 71 1950 209 2028; x_wconf 79' lang='lat' dir='ltr'><strong>Clodius,</strong></span> <span class='ocrx_word' id='word_1_161' title='bbox 227 1953 255 2012; x_wconf 90' lang='lat' dir='ltr'><strong>si</strong></span> <span class='ocrx_word' id='word_1_162' title='bbox 269 1972 365 2029; x_wconf 87' lang='lat' dir='ltr'><strong>rcum,</strong></span> <span class='ocrx_word' id='word_1_163' title='bbox 385 1954 432 2031; x_wconf 84' lang='lat' dir='ltr'><strong>qui</strong></span> <span class='ocrx_word' id='word_1_164' title='bbox 451 1970 515 2013; x_wconf 87' lang='lat' dir='ltr'><strong>ase</strong></span> <span class='ocrx_word' id='word_1_165' title='bbox 529 1951 672 2013; x_wconf 90' lang='lat' dir='ltr'><strong>hominem</strong></span> <span class='ocrx_word' id='word_1_166' title='bbox 688 1953 815 2012; x_wconf 88' lang='lat' dir='ltr'><strong>occisum</strong></span> <span class='ocrx_word' id='word_1_167' title='bbox 832 1951 987 2027; x_wconf 89' lang='lat' dir='ltr'><strong>fateretur,</strong></span> <span class='ocrx_word' id='word_1_168' title='bbox 1010 1952 1060 2012; x_wconf 89' lang='lat' dir='ltr'><strong>dc·</strong></span> 
     </span>
     <span class='ocr_line' id='line_1_22' title="bbox 69 2036 1060 2113; baseline -0.004 -16"><span class='ocrx_word' id='word_1_169' title='bbox 69 2036 150 2098; x_wconf 88' lang='lat' dir='ltr'><strong>fendi</strong></span> <span class='ocrx_word' id='word_1_170' title='bbox 167 2037 279 2097; x_wconf 84' lang='lat' dir='ltr'><strong>omniuo</strong></span> <span class='ocrx_word' id='word_1_171' title='bbox 300 2038 346 2099; x_wconf 89' lang='lat' dir='ltr'><strong>fas</strong></span> <span class='ocrx_word' id='word_1_172' title='bbox 360 2054 417 2096; x_wconf 92' lang='lat' dir='ltr'><strong>non</strong></span> <span class='ocrx_word' id='word_1_173' title='bbox 431 2037 549 2111; x_wconf 90' lang='lat' dir='ltr'><strong>fuisset,</strong></span> <span class='ocrx_word' id='word_1_174' title='bbox 569 2045 618 2095; x_wconf 89' lang='lat' dir='ltr'><strong>aut</strong></span> <span class='ocrx_word' id='word_1_175' title='bbox 632 2036 657 2093; x_wconf 93' lang='lat' dir='ltr'><strong>si</strong></span> <span class='ocrx_word' id='word_1_176' title='bbox 676 2036 732 2094; x_wconf 88' lang='lat' dir='ltr'><strong>iam</strong></span> <span class='ocrx_word' id='word_1_177' title='bbox 748 2036 926 2113; x_wconf 86' lang='lat' dir='ltr'><strong>praeiudicio</strong></span> <span class='ocrx_word' id='word_1_178' title='bbox 943 2044 1060 2095; x_wconf 91' lang='lat' dir='ltr'><strong>senatus</strong></span> 
     </span>
     <span class='ocr_line' id='line_1_23' title="bbox 69 2117 1060 2198; baseline -0.004 -17"><span class='ocrx_word' id='word_1_179' title='bbox 69 2120 221 2181; x_wconf 83' lang='lat' dir='ltr'><strong>damnatus</strong></span> <span class='ocrx_word' id='word_1_180' title='bbox 235 2129 315 2180; x_wconf 89' lang='lat' dir='ltr'><strong>esset</strong></span> <span class='ocrx_word' id='word_1_181' title='bbox 327 2120 412 2196; x_wconf 77' lang='lat' dir='ltr'><strong>ldilo,</strong></span> <span class='ocrx_word' id='word_1_182' title='bbox 435 2129 483 2179; x_wconf 86' lang='lat' dir='ltr'><strong>aut</strong></span> <span class='ocrx_word' id='word_1_183' title='bbox 503 2121 528 2180; x_wconf 90' lang='lat' dir='ltr'><strong>si</strong></span> <span class='ocrx_word' id='word_1_184' title='bbox 543 2117 595 2179; x_wconf 83' lang='lat' dir='ltr'><strong>Ga.</strong></span> <span class='ocrx_word' id='word_1_185' title='bbox 612 2119 782 2196; x_wconf 87' lang='lat' dir='ltr'><strong>Pompeius,</strong></span> <span class='ocrx_word' id='word_1_186' title='bbox 805 2121 852 2198; x_wconf 83' lang='lat' dir='ltr'><strong>qni</strong></span> <span class='ocrx_word' id='word_1_187' title='bbox 873 2128 994 2197; x_wconf 91' lang='lat' dir='ltr'><strong>propter</strong></span> <span class='ocrx_word' id='word_1_188' title='bbox 1009 2118 1060 2177; x_wconf 90' lang='lat' dir='ltr'><strong>ali·</strong></span> 
     </span>
     <span class='ocr_line' id='line_1_24' title="bbox 70 2201 1059 2282; baseline -0.003 -19"><span class='ocrx_word' id='word_1_189' title='bbox 70 2219 157 2282; x_wconf 67' lang='grc' dir='ltr'><strong>ιῑιιειιι</strong></span> <span class='ocrx_word' id='word_1_190' title='bbox 172 2204 293 2280; x_wconf 78' lang='lat' dir='ltr'><strong>gratiam</strong></span> <span class='ocrx_word' id='word_1_191' title='bbox 306 2205 439 2265; x_wconf 87' lang='lat' dir='ltr'><strong>iudicium</strong></span> <span class='ocrx_word' id='word_1_192' title='bbox 453 2205 538 2264; x_wconf 89' lang='lat' dir='ltr'><strong>etiam</strong></span> <span class='ocrx_word' id='word_1_193' title='bbox 550 2201 686 2262; x_wconf 85' lang='lat' dir='ltr'><strong>militibus</strong></span> <span class='ocrx_word' id='word_1_194' title='bbox 702 2205 817 2263; x_wconf 87' lang='lat' dir='ltr'><strong>armatis</strong></span> <span class='ocrx_word' id='word_1_195' title='bbox 833 2203 987 2282; x_wconf 75' lang='lat' dir='ltr'><strong>clauserat,</strong></span> <span class='ocrx_word' id='word_1_196' title='bbox 1000 2211 1059 2261; x_wconf 90' lang='lat' dir='ltr'><strong>tan·</strong></span> 
     </span>
     <span class='ocr_line' id='line_1_25' title="bbox 70 2285 1102 2366; baseline 0 -19"><span class='ocrx_word' id='word_1_197' title='bbox 70 2301 158 2366; x_wconf 81' lang='lat' dir='ltr'><strong>quam</strong></span> <span class='ocrx_word' id='word_1_198' title='bbox 172 2286 311 2347; x_wconf 81' lang='lat' dir='ltr'><strong>aduersus</strong></span> <span class='ocrx_word' id='word_1_199' title='bbox 328 2290 354 2347; x_wconf 92' lang='lat' dir='ltr'><strong>ei</strong></span> <span class='ocrx_word' id='word_1_200' title='bbox 371 2289 527 2350; x_wconf 81' lang='lat' dir='ltr'><strong>timeretur.</strong></span> <span class='ocrx_word' id='word_1_201' title='bbox 559 2285 641 2363; x_wconf 78' lang='lat' dir='ltr'><strong>Ergo</strong></span> <span class='ocrx_word' id='word_1_202' title='bbox 661 2285 717 2346; x_wconf 87' lang='lat' dir='ltr'><strong>hae</strong></span> <span class='ocrx_word' id='word_1_203' title='bbox 739 2304 854 2365; x_wconf 87' lang='lat' dir='ltr'><strong>qnoque</strong></span> <span class='ocrx_word' id='word_1_204' title='bbox 876 2289 1060 2365; x_wconf 86' lang='lat' dir='ltr'><strong>quaestiones</strong></span> <span class='ocrx_word' id='word_1_205' title='bbox 1068 2294 1102 2347; x_wconf 74' lang='lat'><strong>26</strong></span> 
     </span>
     <span class='ocr_line' id='line_1_26' title="bbox 70 2371 1059 2449; baseline -0.001 -20"><span class='ocrx_word' id='word_1_206' title='bbox 70 2371 129 2429; x_wconf 84' lang='lat' dir='ltr'><strong>vim</strong></span> <span class='ocrx_word' id='word_1_207' title='bbox 145 2372 286 2448; x_wconf 86' lang='lat' dir='ltr'><strong>prooemii</strong></span> <span class='ocrx_word' id='word_1_208' title='bbox 304 2371 485 2447; x_wconf 83' lang='lat' dir='ltr'><strong>obtinebant,</strong></span> <span class='ocrx_word' id='word_1_209' title='bbox 505 2389 569 2431; x_wconf 89' lang='lat' dir='ltr'><strong>oum</strong></span> <span class='ocrx_word' id='word_1_210' title='bbox 584 2387 684 2430; x_wconf 87' lang='lat' dir='ltr'><strong>omnes</strong></span> <span class='ocrx_word' id='word_1_211' title='bbox 705 2371 828 2430; x_wconf 89' lang='lat' dir='ltr'><strong>iudicem</strong></span> <span class='ocrx_word' id='word_1_212' title='bbox 843 2380 1059 2449; x_wconf 88' lang='lat' dir='ltr'><strong>praepararent.</strong></span> 
     </span>
     <span class='ocr_line' id='line_1_27' title="bbox 71 2453 1060 2534; baseline -0.003 -20"><span class='ocrx_word' id='word_1_213' title='bbox 71 2453 133 2514; x_wconf 86' lang='lat' dir='ltr'><strong>Sed</strong></span> <span class='ocrx_word' id='word_1_214' title='bbox 154 2470 207 2532; x_wconf 90' lang='lat' dir='ltr'><strong>pro</strong></span> <span class='ocrx_word' id='word_1_215' title='bbox 218 2453 334 2514; x_wconf 86' lang='lat' dir='ltr'><strong>Vareno</strong></span> <span class='ocrx_word' id='word_1_216' title='bbox 350 2472 466 2533; x_wconf 78' lang='lat' dir='ltr'><strong>quoquc</strong></span> <span class='ocrx_word' id='word_1_217' title='bbox 480 2465 584 2534; x_wconf 89' lang='lat' dir='ltr'><strong>postea</strong></span> <span class='ocrx_word' id='word_1_218' title='bbox 597 2455 723 2514; x_wconf 88' lang='lat' dir='ltr'><strong>narravit</strong></span> <span class='ocrx_word' id='word_1_219' title='bbox 742 2472 825 2532; x_wconf 84' lang='lat' dir='ltr'><strong>quam</strong></span> <span class='ocrx_word' id='word_1_220' title='bbox 840 2454 955 2514; x_wconf 92' lang='lat' dir='ltr'><strong>obiecta</strong></span> <span class='ocrx_word' id='word_1_221' title='bbox 970 2455 1060 2515; x_wconf 88' lang='lat' dir='ltr'><strong>diluit.</strong></span> 
     </span>
     <span class='ocr_line' id='line_1_28' title="bbox 73 2536 1061 2617; baseline 0 -21"><span class='ocrx_word' id='word_1_222' title='bbox 73 2536 161 2610; x_wconf 81' lang='lat' dir='ltr'><strong>Quod</strong></span> <span class='ocrx_word' id='word_1_223' title='bbox 176 2537 228 2598; x_wconf 90' lang='lat' dir='ltr'><strong>liet</strong></span> <span class='ocrx_word' id='word_1_224' title='bbox 240 2538 364 2613; x_wconf 89' lang='lat' dir='ltr'><strong>utiliter,</strong></span> <span class='ocrx_word' id='word_1_225' title='bbox 385 2541 516 2616; x_wconf 77' lang='lat' dir='ltr'><strong>quotiens</strong></span> <span class='ocrx_word' id='word_1_226' title='bbox 532 2556 590 2598; x_wconf 83' lang='lat' dir='ltr'><strong>non</strong></span> <span class='ocrx_word' id='word_1_227' title='bbox 603 2538 804 2617; x_wconf 87' lang='lat' dir='ltr'><strong>repellendum</strong></span> <span class='ocrx_word' id='word_1_228' title='bbox 818 2547 924 2597; x_wconf 89' lang='lat' dir='ltr'><strong>tantum</strong></span> <span class='ocrx_word' id='word_1_229' title='bbox 938 2539 992 2597; x_wconf 92' lang='lat' dir='ltr'><strong>erit</strong></span> <span class='ocrx_word' id='word_1_230' title='bbox 1007 2537 1061 2597; x_wconf 89' lang='lat' dir='ltr'><strong>cri·</strong></span> 
     </span>
     <span class='ocr_line' id='line_1_29' title="bbox 72 2620 1063 2699; baseline -0.002 -19"><span class='ocrx_word' id='word_1_231' title='bbox 72 2637 139 2680; x_wconf 84' lang='lat' dir='ltr'><strong>men</strong></span> <span class='ocrx_word' id='word_1_232' title='bbox 161 2622 215 2682; x_wconf 91' lang='lat' dir='ltr'><strong>scd</strong></span> <span class='ocrx_word' id='word_1_233' title='bbox 238 2623 322 2681; x_wconf 88' lang='lat' dir='ltr'><strong>etiam</strong></span> <span class='ocrx_word' id='word_1_234' title='bbox 344 2622 588 2696; x_wconf 85' lang='lat' dir='ltr'><strong>transferendum,</strong></span> <span class='ocrx_word' id='word_1_235' title='bbox 610 2631 642 2680; x_wconf 87' lang='lat' dir='ltr'><strong>ut</strong></span> <span class='ocrx_word' id='word_1_236' title='bbox 661 2622 742 2699; x_wconf 90' lang='lat' dir='ltr'><strong>prius</strong></span> <span class='ocrx_word' id='word_1_237' title='bbox 765 2621 809 2682; x_wconf 91' lang='lat' dir='ltr'><strong>his</strong></span> <span class='ocrx_word' id='word_1_238' title='bbox 833 2623 961 2682; x_wconf 88' lang='lat' dir='ltr'><strong>defensis</strong></span> <span class='ocrx_word' id='word_1_239' title='bbox 983 2620 1063 2680; x_wconf 91' lang='lat' dir='ltr'><strong>velut</strong></span> 
     </span>
     <span class='ocr_line' id='line_1_30' title="bbox 72 2704 1062 2783; baseline 0 -21"><span class='ocrx_word' id='word_1_240' title='bbox 72 2704 182 2764; x_wconf 89' lang='lat' dir='ltr'><strong>initium</strong></span> <span class='ocrx_word' id='word_1_241' title='bbox 206 2706 243 2764; x_wconf 83' lang='lat' dir='ltr'><strong>sit</strong></span> <span class='ocrx_word' id='word_1_242' title='bbox 265 2705 351 2765; x_wconf 88' lang='lat' dir='ltr'><strong>alium</strong></span> <span class='ocrx_word' id='word_1_243' title='bbox 364 2706 505 2783; x_wconf 89' lang='lat' dir='ltr'><strong>culpandi</strong></span> <span class='ocrx_word' id='word_1_244' title='bbox 526 2706 669 2779; x_wconf 89' lang='lat' dir='ltr'><strong>narratio,</strong></span> <span class='ocrx_word' id='word_1_245' title='bbox 689 2714 721 2764; x_wconf 90' lang='lat' dir='ltr'><strong>nt</strong></span> <span class='ocrx_word' id='word_1_246' title='bbox 741 2705 769 2763; x_wconf 91' lang='lat' dir='ltr'><strong>in</strong></span> <span class='ocrx_word' id='word_1_247' title='bbox 790 2723 932 2766; x_wconf 85' lang='lat' dir='ltr'><strong>armorum</strong></span> <span class='ocrx_word' id='word_1_248' title='bbox 950 2706 1062 2764; x_wconf 88' lang='lat' dir='ltr'><strong>ratione</strong></span> 
     </span>
     <span class='ocr_line' id='line_1_31' title="bbox 72 2787 1102 2867; baseline -0.001 -21"><span class='ocrx_word' id='word_1_249' title='bbox 72 2789 218 2866; x_wconf 81' lang='lat' dir='ltr'><strong>antiquior</strong></span> <span class='ocrx_word' id='word_1_250' title='bbox 245 2789 367 2849; x_wconf 82' lang='lat' dir='ltr'><strong>cavendi</strong></span> <span class='ocrx_word' id='word_1_251' title='bbox 393 2808 477 2867; x_wconf 83' lang='lat' dir='ltr'><strong>quam</strong></span> <span class='ocrx_word' id='word_1_252' title='bbox 501 2791 588 2849; x_wconf 88' lang='lat' dir='ltr'><strong>ictum</strong></span> <span class='ocrx_word' id='word_1_253' title='bbox 613 2788 754 2849; x_wconf 85' lang='lat' dir='ltr'><strong>inferendi</strong></span> <span class='ocrx_word' id='word_1_254' title='bbox 780 2807 848 2849; x_wconf 86' lang='lat' dir='ltr'><strong>eura</strong></span> <span class='ocrx_word' id='word_1_255' title='bbox 874 2798 928 2848; x_wconf 85' lang='lat' dir='ltr'><strong>est.</strong></span> <span class='ocrx_word' id='word_1_256' title='bbox 972 2787 1102 2846; x_wconf 70' lang='lat' dir='ltr'><strong>Erunttl</strong></span> 
     </span>
     <span class='ocr_line' id='line_1_32' title="bbox 71 2870 1063 2951; baseline -0.001 -21"><span class='ocrx_word' id='word_1_257' title='bbox 71 2870 215 2950; x_wconf 76' lang='lat' dir='ltr'><strong>quaedam</strong></span> <span class='ocrx_word' id='word_1_258' title='bbox 236 2889 342 2932; x_wconf 86' lang='lat' dir='ltr'><strong>causae</strong></span> <span class='ocrx_word' id='word_1_259' title='bbox 363 2872 474 2950; x_wconf 83' lang='lat' dir='ltr'><strong>(neque</strong></span> <span class='ocrx_word' id='word_1_260' title='bbox 494 2872 524 2933; x_wconf 90' lang='lat' dir='ltr'><strong>id</strong></span> <span class='ocrx_word' id='word_1_261' title='bbox 542 2873 624 2951; x_wconf 84' lang='lat' dir='ltr'><strong>raro)</strong></span> <span class='ocrx_word' id='word_1_262' title='bbox 648 2873 765 2931; x_wconf 90' lang='lat' dir='ltr'><strong>erimine</strong></span> <span class='ocrx_word' id='word_1_263' title='bbox 786 2872 916 2950; x_wconf 82' lang='lat' dir='ltr'><strong>quidem,</strong></span> <span class='ocrx_word' id='word_1_264' title='bbox 946 2871 982 2931; x_wconf 89' lang='lat' dir='ltr'><strong>de</strong></span> <span class='ocrx_word' id='word_1_265' title='bbox 1004 2887 1063 2948; x_wconf 84' lang='lat' dir='ltr'><strong>quo</strong></span> 
     </span>
     <span class='ocr_line' id='line_1_33' title="bbox 72 2955 1063 3031; baseline -0.001 -18"><span class='ocrx_word' id='word_1_266' title='bbox 72 2955 203 3031; x_wconf 76' lang='lat' dir='ltr'><strong>cognitio</strong></span> <span class='ocrx_word' id='word_1_267' title='bbox 219 2964 280 3031; x_wconf 90' lang='lat' dir='ltr'><strong>cst,</strong></span> <span class='ocrx_word' id='word_1_268' title='bbox 299 2956 402 3016; x_wconf 81' lang='lat' dir='ltr'><strong>faciles</strong></span> <span class='ocrx_word' id='word_1_269' title='bbox 417 2957 452 3016; x_wconf 91' lang='lat' dir='ltr'><strong>ad</strong></span> <span class='ocrx_word' id='word_1_270' title='bbox 468 2955 630 3017; x_wconf 83' lang='lat' dir='ltr'><strong>diluendum</strong></span> <span class='ocrx_word' id='word_1_271' title='bbox 644 2955 697 3015; x_wconf 86' lang='lat' dir='ltr'><strong>sed</strong></span> <span class='ocrx_word' id='word_1_272' title='bbox 711 2955 807 3014; x_wconf 91' lang='lat' dir='ltr'><strong>multis</strong></span> <span class='ocrx_word' id='word_1_273' title='bbox 821 2963 970 3014; x_wconf 86' lang='lat' dir='ltr'><strong>anteactae</strong></span> <span class='ocrx_word' id='word_1_274' title='bbox 985 2956 1063 3012; x_wconf 83' lang='lat' dir='ltr'><strong>vitae</strong></span> 
     </span>
     <span class='ocr_line' id='line_1_34' title="bbox 71 3037 1064 3118; baseline -0.002 -20"><span class='ocrx_word' id='word_1_275' title='bbox 71 3037 190 3113; x_wconf 80' lang='lat' dir='ltr'><strong>flagitiis</strong></span> <span class='ocrx_word' id='word_1_276' title='bbox 205 3048 235 3098; x_wconf 89' lang='lat' dir='ltr'><strong>et</strong></span> <span class='ocrx_word' id='word_1_277' title='bbox 251 3039 387 3115; x_wconf 74' lang='lat' dir='ltr'><strong>gravibus</strong></span> <span class='ocrx_word' id='word_1_278' title='bbox 402 3049 556 3109; x_wconf 87' lang='lat' dir='ltr'><strong>oneratae;</strong></span> <span class='ocrx_word' id='word_1_279' title='bbox 579 3056 655 3118; x_wconf 87' lang='lat' dir='ltr'><strong>quae</strong></span> <span class='ocrx_word' id='word_1_280' title='bbox 669 3039 749 3117; x_wconf 89' lang='lat' dir='ltr'><strong>prius</strong></span> <span class='ocrx_word' id='word_1_281' title='bbox 763 3037 920 3098; x_wconf 87' lang='lat' dir='ltr'><strong>amovenda</strong></span> <span class='ocrx_word' id='word_1_282' title='bbox 935 3047 1014 3112; x_wconf 92' lang='lat' dir='ltr'><strong>sunt,</strong></span> <span class='ocrx_word' id='word_1_283' title='bbox 1032 3047 1064 3096; x_wconf 90' lang='lat' dir='ltr'><strong>nt</strong></span> 
     </span>
     <span class='ocr_line' id='line_1_35' title="bbox 72 3122 1063 3201; baseline 0 -22"><span class='ocrx_word' id='word_1_284' title='bbox 72 3122 217 3199; x_wconf 83' lang='lat' dir='ltr'><strong>propitius</strong></span> <span class='ocrx_word' id='word_1_285' title='bbox 243 3122 333 3184; x_wconf 81' lang='lat' dir='ltr'><strong>iudex</strong></span> <span class='ocrx_word' id='word_1_286' title='bbox 356 3123 557 3183; x_wconf 77' lang='lat' dir='ltr'><strong>defensionem</strong></span> <span class='ocrx_word' id='word_1_287' title='bbox 577 3124 668 3201; x_wconf 90' lang='lat' dir='ltr'><strong>ipsius</strong></span> <span class='ocrx_word' id='word_1_288' title='bbox 693 3122 817 3198; x_wconf 81' lang='lat' dir='ltr'><strong>negotii,</strong></span> <span class='ocrx_word' id='word_1_289' title='bbox 841 3123 921 3181; x_wconf 90' lang='lat' dir='ltr'><strong>onius</strong></span> <span class='ocrx_word' id='word_1_290' title='bbox 944 3122 1063 3198; x_wconf 87' lang='lat' dir='ltr'><strong>propria</strong></span> 
     </span>
     <span class='ocr_line' id='line_1_36' title="bbox 72 3202 1061 3282; baseline -0.001 -19"><span class='ocrx_word' id='word_1_291' title='bbox 72 3205 209 3281; x_wconf 77' lang='lat' dir='ltr'><strong>quaestio</strong></span> <span class='ocrx_word' id='word_1_292' title='bbox 236 3214 297 3281; x_wconf 87' lang='lat' dir='ltr'><strong>est,</strong></span> <span class='ocrx_word' id='word_1_293' title='bbox 324 3206 433 3267; x_wconf 86' lang='lat' dir='ltr'><strong>audiat:</strong></span> <span class='ocrx_word' id='word_1_294' title='bbox 460 3215 507 3282; x_wconf 88' lang='lat' dir='ltr'><strong>ut,</strong></span> <span class='ocrx_word' id='word_1_295' title='bbox 534 3209 560 3267; x_wconf 92' lang='lat' dir='ltr'><strong>si</strong></span> <span class='ocrx_word' id='word_1_296' title='bbox 585 3204 781 3268; x_wconf 86' lang='lat' dir='ltr'><strong>defendendus</strong></span> <span class='ocrx_word' id='word_1_297' title='bbox 806 3206 843 3265; x_wconf 92' lang='lat' dir='ltr'><strong>sit</strong></span> <span class='ocrx_word' id='word_1_298' title='bbox 867 3204 905 3265; x_wconf 87' lang='grc' dir='ltr'><strong>Μ.</strong></span> <span class='ocrx_word' id='word_1_299' title='bbox 934 3202 1061 3279; x_wconf 81' lang='lat' dir='ltr'><strong>Caelius,</strong></span> 
     </span>
     <span class='ocr_line' id='line_1_37' title="bbox 71 3288 1062 3369; baseline 0 -23"><span class='ocrx_word' id='word_1_300' title='bbox 71 3304 170 3347; x_wconf 92' lang='lat' dir='ltr'><strong>nonne</strong></span> <span class='ocrx_word' id='word_1_301' title='bbox 187 3291 295 3367; x_wconf 89' lang='lat' dir='ltr'><strong>optime</strong></span> <span class='ocrx_word' id='word_1_302' title='bbox 309 3299 447 3369; x_wconf 88' lang='lat' dir='ltr'><strong>patronus</strong></span> <span class='ocrx_word' id='word_1_303' title='bbox 461 3290 688 3367; x_wconf 89' lang='lat' dir='ltr'><strong>occurratprius</strong></span> <span class='ocrx_word' id='word_1_304' title='bbox 703 3288 840 3348; x_wconf 88' lang='lat' dir='ltr'><strong>conviciis</strong></span> <span class='ocrx_word' id='word_1_305' title='bbox 855 3289 995 3362; x_wconf 82' lang='lat' dir='ltr'><strong>luxuriae,</strong></span> <span class='ocrx_word' id='word_1_306' title='bbox 1010 3305 1062 3365; x_wconf 92' lang='lat' dir='ltr'><strong>pe·</strong></span> 
     </span>
     <span class='ocr_line' id='line_1_38' title="bbox 71 3370 1061 3451; baseline -0.004 -21"><span class='ocrx_word' id='word_1_307' title='bbox 71 3370 230 3448; x_wconf 78' lang='lat' dir='ltr'><strong>tnlantiae,</strong></span> <span class='ocrx_word' id='word_1_308' title='bbox 249 3374 441 3451; x_wconf 85' lang='lat' dir='ltr'><strong>impudicitiae</strong></span> <span class='ocrx_word' id='word_1_309' title='bbox 458 3392 542 3451; x_wconf 87' lang='lat' dir='ltr'><strong>quam</strong></span> <span class='ocrx_word' id='word_1_310' title='bbox 556 3373 706 3447; x_wconf 80' lang='lat' dir='ltr'><strong>ueneficii,</strong></span> <span class='ocrx_word' id='word_1_311' title='bbox 725 3371 752 3429; x_wconf 92' lang='lat' dir='ltr'><strong>in</strong></span> <span class='ocrx_word' id='word_1_312' title='bbox 767 3372 869 3449; x_wconf 87' lang='lat' dir='ltr'><strong>quibus</strong></span> <span class='ocrx_word' id='word_1_313' title='bbox 884 3372 956 3431; x_wconf 93' lang='lat' dir='ltr'><strong>solis</strong></span> <span class='ocrx_word' id='word_1_314' title='bbox 971 3371 1061 3429; x_wconf 89' lang='lat' dir='ltr'><strong>omnis</strong></span> 
     </span>
     <span class='ocr_line' id='line_1_39' title="bbox 72 3450 1062 3528; baseline -0.005 -12"><span class='ocrx_word' id='word_1_315' title='bbox 72 3450 228 3517; x_wconf 80' lang='lat' dir='ltr'><strong>(literanis</strong></span> <span class='ocrx_word' id='word_1_316' title='bbox 242 3466 374 3519; x_wconf 70' lang='lat' dir='ltr'><strong>veremur</strong></span> <span class='ocrx_word' id='word_1_317' title='bbox 389 3459 496 3528; x_wconf 72' lang='lat' dir='ltr'><strong>cratim</strong></span> <span class='ocrx_word' id='word_1_318' title='bbox 515 3466 575 3518; x_wconf 88' lang='lat' dir='ltr'><strong>tum</strong></span> <span class='ocrx_word' id='word_1_319' title='bbox 588 3455 691 3517; x_wconf 88' lang='lat' dir='ltr'><strong>deinde</strong></span> <span class='ocrx_word' id='word_1_320' title='bbox 705 3465 801 3516; x_wconf 86' lang='lat' dir='ltr'><strong>narret</strong></span> <span class='ocrx_word' id='word_1_321' title='bbox 817 3457 853 3517; x_wconf 89' lang='lat' dir='ltr'><strong>de</strong></span> <span class='ocrx_word' id='word_1_322' title='bbox 865 3455 949 3515; x_wconf 87' lang='lat' dir='ltr'><strong>bonis</strong></span> <span class='ocrx_word' id='word_1_323' title='bbox 962 3452 1062 3514; x_wconf 85' lang='lat' dir='ltr'><strong>Pallae</strong></span> 
     </span>
    </p>
   </div>
   <div class='ocr_carea' id='block_1_4' title="bbox 0 0 1229 3925">
    <p class='ocr_par' dir='ltr' id='par_1_10' title="bbox 0 0 1229 3925">
     <span class='ocr_line' id='line_1_40' title="bbox 0 0 1229 3925; baseline 0 0"><span class='ocrx_word' id='word_1_324' title='bbox 0 0 1229 3925; x_wconf 95' lang='lat' dir='ltr'><strong> </strong></span> 
     </span>
    </p>
   </div>
  </div>
 </body>
</html>
