2434 3925
345 227 773 297 msu.onarou.ura.v1,a.
988 219 1044 280 281

4 392 9 401 '
58 384 207 466 paululum
223 385 416 462 impendamus
433 381 499 442 huic
519 401 635 461 quoque
659 384 813 462 peculiaris
831 403 955 464 operae,
974 405 1049 464 quae

59 469 175 547 quidem
191 471 219 526 iu
229 467 395 545 quibusdam
412 468 505 526 causis
521 467 556 526 ad
570 470 719 527 victoriam
733 468 781 527 vel
797 469 945 547 plurimum
960 471 1047 531 valet.

56 552 133 612 Nam
150 559 180 610 ut
194 554 223 610 in
237 551 374 629 qualitate
391 550 531 626 generali,
549 552 577 609 in
593 568 659 628 qua,
675 561 793 611 rectene
808 553 913 613 factum
931 555 998 631 quid
1013 565 1077 619 ana

58 644 161 695 contra
176 637 222 709 sit,
236 636 390 713 quaeritur,
404 643 545 711 perpetua
560 634 717 694 dominatur
735 638 843 705 oratio;
860 646 889 696 et
904 640 1048 715 quaestio·

55 738 125 779 nem
146 719 279 778 linitionis
301 720 430 776 actiones
451 716 622 796 plerumque
648 720 716 778 satis
742 721 887 797 explicant
909 731 937 779 et
957 725 1049 782 omnia

55 821 170 882 paene,
194 804 222 861 in
244 801 346 879 quibus
369 800 405 859 de
428 801 506 860 iacto
527 811 640 861 constat
660 811 708 861 aut
728 806 892 863 coniectura
911 805 1049 864 artificiali

55 888 171 947 ratione
187 886 346 961 colligitur:
361 886 400 944 ita
414 886 442 943 in
456 886 490 944 iis
506 887 611 959 causis,
628 903 701 962 quae
715 896 778 946 sunt
789 887 1048 964 frequentissimae,

56 988 135 1049 quae
154 969 202 1028 vel
224 969 295 1028 solis
315 977 397 1027 extra
419 978 509 1027 artem
529 968 746 1045 probationibus
773 971 822 1030 vel
846 973 940 1029 mixtis
959 974 1048 1030 conti·

55 1063 177 1128 nentur,
197 1054 354 1130 asperrima
370 1054 398 1110 in
412 1051 467 1111 bac
480 1060 562 1128 parte
578 1052 722 1112 dimicatio
739 1063 799 1128 est,
815 1052 871 1113 dec
886 1054 952 1112 alibi
968 1054 1048 1113 dixe·

54 1141 97 1198 ris
113 1137 205 1212 magis
219 1151 355 1195 mucrone
370 1136 500 1213 pugnari.
536 1134 608 1195 Nam
629 1146 658 1194 et
672 1136 830 1196 firmissima
844 1155 975 1215 quaeque
990 1155 1077 1207 mes

55 1222 167 1281 moriae
183 1219 282 1278 iudicis
301 1219 468 1279 inculcanda
484 1227 563 1294 sunt,
585 1227 613 1278 et
630 1221 847 1297 praestandum,
871 1221 1006 1299 quidquid
1021 1224 1049 1280 in

55 1307 173 1366 actione
192 1304 387 1388 promisimus,
409 1311 438 1361 et
458 1302 618 1363 relellenda
641 1305 798 1364 mendacia.
840 1303 985 1382 Nusquam
1005 1315 1050 1364 est

55 1390 200 1465 denique,
230 1388 277 1464 qui
303 1388 471 1462 cognoscit,
498 1388 642 1446 intentior.
686 1386 750 1447 Nec
772 1389 910 1447 immerito
937 1389 1050 1465 quidam

55 1488 219 1552 quanquam
236 1473 265 1529 in
285 1470 406 1529 dicendo
428 1471 591 1530 mediocres
614 1471 669 1530 hac
686 1480 779 1531 tamen
794 1471 950 1531 altercandi
965 1490 1049 1550 prae·

43 1556 161 1617 stantia
180 1562 343 1613 meruerunt
363 1571 466 1612 nomeu
485 1557 694 1630 patronorum
714 1554 752 1613 At
773 1556 884 1632 quidam
899 1555 1077 1632 litigatori-5

54 1640 111 1701 bus
133 1639 193 1697 suis
212 1637 290 1697 illum
309 1638 394 1696 modo
416 1636 594 1697 ambitiosum
616 1637 793 1698 declamandi
816 1639 950 1698 sudorem
965 1658 1048 1716 prae·

55 1725 168 1784 stitisse
188 1721 314 1781 contenti
345 1738 409 1780 cum
437 1720 518 1780 turba
541 1721 712 1781 laudantium
735 1722 890 1782 destituunt
910 1722 1049 1782 subsellia

55 1822 241 1887 pugnamque
266 1805 343 1864 illam
367 1805 557 1864 decretoriam
583 1806 721 1882 imperitis
747 1823 782 1864 ao
807 1823 896 1883 saepe
920 1805 1048 1883 pullatae

54 1891 160 1951 turbae
181 1889 353 1966 relinquunt.
402 1887 503 1967 ltaque
527 1889 627 1947 videas
648 1888 721 1948 alios
748 1888 917 1967 plerumque
937 1889 1076 1961 iudiciisq

55 1976 178 2055 privatis
203 1973 238 2032 ad
261 1974 390 2036 actiones
412 1973 545 2032 advocari
568 1973 641 2032 alios
665 1973 700 2032 ad
723 1973 931 2051 probationem.
967 1971 1049 2044 Quae

56 2061 80 2119 si
102 2056 255 2119 dividenda
275 2065 340 2115 sunt
361 2056 472 2115 officia:
493 2056 549 2116 hoc
571 2065 652 2115 certe
672 2058 763 2133 magis
782 2057 978 2115 necessarium
993 2064 1048 2130 est,

54 2141 279 2222 pudendumque
294 2140 386 2213 dictu,
408 2141 432 2198 si
448 2140 512 2217 plus
528 2139 703 2217 litigantibus
720 2141 988 2219 prosuntminores.
1018 2138 1050 2197 ln

56 2224 182 2304 publicis
205 2232 285 2282 certe
310 2223 421 2283 iudiciis
442 2240 501 2283 vox
526 2223 576 2283 illa
595 2224 748 2303 praeconis
772 2233 889 2302 praeter
912 2231 1049 2302 patronos

56 2311 163 2388 ipsum,
177 2309 225 2384 qui
240 2308 347 2383 egerit,
365 2308 442 2366 citat.
500 2379 504 2384 ι

144 2389 223 2468 Opus
258 2398 303 2449 est
338 2391 424 2466 igitur
453 2390 580 2465 inprimis
613 2392 729 2467 ingenio
759 2390 856 2450 veloci
881 2408 916 2449 ac
939 2389 1078 2466 mobilis

58 2478 153 2535 animo
168 2474 313 2552 praesenti
329 2482 357 2532 ct
372 2475 441 2532 acri.
469 2471 534 2532 Non
550 2475 623 2533 enim
639 2475 819 2551 cogitandum
836 2475 888 2533 sed
900 2474 1050 2533 dicendum

59 2549 156 2619 statim
177 2566 221 2617 est
241 2566 270 2615 et
292 2571 385 2634 prope
408 2555 460 2615 sub
483 2567 585 2617 conatu
608 2558 766 2617 adversarii
782 2576 879 2617 manus
898 2557 1048 2634 erigenda.

59 2640 158 2714 Quare
174 2659 236 2701 cum
251 2642 280 2698 in
295 2642 370 2698 omni
385 2649 468 2717 parte
486 2639 605 2700 huiusce
627 2641 716 2700 oflicii
732 2641 881 2719 plurimum
898 2642 984 2717 iacit,
1006 2649 1049 2699 to·

58 2733 104 2783 tas
120 2742 176 2783 non
190 2724 343 2800 diligenter
357 2724 442 2783 modo
460 2724 512 2783 sad
531 2727 616 2784 etiam
636 2724 811 2784 familiariter
826 2742 913 2783 nosse
931 2739 1049 2786 causas:

59 2814 119 2866 tum
133 2810 161 2867 in
188 2808 376 2867 altereatione
397 2808 517 2866 maxime
539 2810 733 2867 necessarium
756 2818 816 2883 est,
841 2809 961 2866 omnium
984 2824 1049 2884 per·

60 2908 208 2967 sonarum,
228 2893 493 2964 instrumentorum,
520 2900 694 2968 temporum,
716 2892 848 2952 locorum
868 2890 976 2949 babere
999 2905 1049 2947 no·

60 2976 159 3035 titiam.
194 2974 312 3051 Alioqui
338 2984 367 3035 et
388 2974 537 3033 tacendum
554 2976 607 3033 erit
624 2992 713 3052 saepe
729 2984 774 3048 et,
798 2975 861 3033 aliis
877 2972 1049 3031 subiicienti-

60 3055 132 3134 bus,
158 3058 327 3139 plerumque
356 3057 450 3117 studio
471 3053 606 3135 loquendi
627 3060 704 3118 latae
728 3058 814 3117 modo
840 3057 1048 3123 accedendum

62 3157 119 3217 quo
133 3158 331 3219 nonnunquam
348 3140 468 3217 accidit,
489 3150 520 3201 ut
534 3144 673 3201 innostra
689 3141 858 3200 credulitate
873 3140 966 3199 aliena
981 3139 1049 3199 stul·

61 3226 122 3284 titia
138 3225 352 3285 erubescamus.
388 3223 492 3302 Neque
508 3234 614 3284 tantum
629 3225 685 3284 boc
700 3226 770 3302 ipsis
785 3224 972 3283 monitoribus
990 3223 1075 3293 cla-9

62 3309 164 3378 rescit;
192 3308 304 3387 quidam
318 3308 424 3368 iaciunt
439 3318 553 3386 aperte,
576 3326 650 3386 quae
675 3310 809 3367 rixemur.
845 3306 952 3368 Videas
975 3308 1079 3365 enim*

63 3390 221 3471 plerosque
232 3393 279 3470 ,ire
291 3393 419 3470 percitos
434 3392 645 3467 exclamantes,
662 3401 693 3450 ut
710 3390 795 3450 iudex
812 3390 921 3466 audiat,
937 3398 1048 3450 contra·
1140 3422 1142 3424 ·

64 3472 135 3534 rium
147 3475 177 3535 id
193 3493 270 3553 esse,
287 3475 364 3555 quod
378 3474 592 3553 admoneantur,
609 3476 740 3554 sciatque
751 3474 813 3553 ille,
830 3477 877 3553 qui
887 3474 1050 3555 pronuntia·
