2434 3925
348 209 437 258 mer.
452 205 784 272 ousros.n1s.rr1,3.
1013 196 1072 258 211

49 371 165 440 sime,
182 365 277 443 quoad
292 336 556 439 vixit,⁵secundus;
580 371 611 422 ut
628 373 783 442 appareat,
806 363 953 441 placuisse
969 363 1075 441 aliquid

53 470 104 515 eo
128 449 263 523 dicente,
286 448 363 526 quod
383 447 517 524 legentes
534 463 592 506 nou
614 449 783 506 invenimus.
821 446 858 506 Et
873 446 993 506 hercule
1012 457 1104 511 cumtt

50 535 192 598 valeant
211 532 328 591 multum
348 530 438 590 verba
453 549 507 609 per
524 548 575 605 se,
602 539 631 590 et
645 548 704 590 vox
720 532 867 609 propriam
886 531 944 589 vim
962 530 1077 591 adiiciat

51 619 181 691 rebus,
204 625 233 675 et
255 624 355 692 gestus
370 625 523 692 motusque
544 615 688 690 significet
710 613 829 692 aliquid:
853 613 987 692 profecto
1010 632 1076 692 per-

50 708 183 767 fectum
198 700 329 777 quiddam
343 699 424 774 lieri,
446 717 510 758 cum
526 700 619 758 omnia
634 700 784 773 coierunt,
801 715 926 757 necesse
940 705 994 757 est.

160 785 231 843 Sunt
248 793 343 843 tamen
358 785 406 862 qui
421 783 521 843 rudem
536 782 631 858 illem,
653 791 682 842 et
703 783 819 860 qualem
838 783 961 860 impetus
982 783 1120 845 cuius-10

52 890 125 953 que
149 868 237 927 animi
258 867 337 943 tulit,
361 870 505 926 actionem
524 866 651 927 iudicent
670 866 820 926 fortiorem
840 875 870 925 et
893 865 987 925 solam
1008 866 1077 924 viris

49 960 205 1034 dignam
229 953 282 1011 sed
296 969 353 1011 non
367 950 415 1010 alii
431 950 513 1025 fere,
536 968 619 1028 pam
635 952 682 1028 qui
697 951 781 1009 etiam
796 952 825 1008 in
842 948 963 1011 diceudo
981 966 1078 1008 curam

53 1052 89 1102 et
106 1046 211 1099 artem
229 1044 257 1094 et
274 1037 412 1110 nitorem,
435 1044 464 1094 et
480 1034 616 1112 quidquid
632 1032 725 1093 studio
741 1042 874 1112 paratur,
898 1043 928 1093 ut
943 1033 1078 1093 allectata

51 1136 88 1187 et
106 1137 220 1202 parurn
234 1119 372 1179 naturalia
388 1118 484 1178 solent
499 1118 674 1196 improbare,
694 1118 742 1177 vel
759 1118 807 1195 qui
822 1117 976 1177 verborum
991 1126 1077 1194 atque

53 1210 162 1289 ipsius
191 1203 276 1263 etiam
298 1205 362 1261 soni
381 1204 558 1276 rusticitate,
586 1212 616 1260 ut
632 1201 663 1261 t.
681 1199 794 1274 Cottam
811 1202 879 1262 dicit
904 1199 1008 1261 Cicero
1034 1200 1076 1260 fe·

55 1296 169 1364 cisse,
194 1287 379 1346 imitationem
400 1287 574 1363 antiquitatis
596 1286 740 1347 allectant.
774 1285 882 1345 Verum
901 1285 942 1345 illi
959 1299 1119 1363 persua-11

54 1380 152 1439 sione
177 1389 233 1431 sua
253 1370 398 1445 fruantur,
426 1372 475 1449 qui
496 1369 675 1445 hominibus,
703 1380 734 1430 ut
752 1372 808 1430 sint
830 1379 981 1444 oratores,
1008 1371 1078 1429 satis

55 1466 171 1543 putant
191 1456 287 1522 nasci;
310 1464 410 1514 nostro
432 1453 525 1514 labori
542 1454 610 1513 dent
624 1456 756 1529 reniam,
782 1455 831 1532 qui
849 1454 919 1514 nihil
936 1454 1079 1513 credimus

55 1563 133 1607 esse
159 1538 345 1619 perfeetum,
368 1539 422 1598 nisi
442 1539 492 1598 ubi
514 1547 614 1597 natura
632 1556 700 1598 eura
717 1540 839 1597 iuvetur.
869 1537 901 1598 ln
919 1537 976 1597 hoe
992 1538 1079 1614 igitur

55 1648 120 1692 non
134 1625 352 1687 contumaciter
365 1622 526 1695 consentio,
542 1623 649 1699 primas
661 1632 759 1700 partes
771 1640 839 1682 esse
851 1631 978 1682 naturae.
1006 1621 1078 1681 Nam
1087 1634 1121 1687 lt

54 1722 145 1776 certe
166 1708 250 1768 bene
269 1708 454 1784 pronuntiare
476 1723 533 1764 uon
548 1707 672 1783 poterit,
698 1707 743 1764 cui
761 1715 808 1764 aut
830 1708 858 1764 iu
879 1707 996 1783 scriptis
1019 1723 1077 1765 mc-

54 1799 156 1860 moria
173 1799 229 1853 aut
243 1791 272 1863 in
288 1791 333 1867 iis,
352 1808 426 1869 quae
441 1789 536 1849 subito
551 1789 672 1849 dicenda
691 1797 787 1864 erunt,
806 1789 930 1849 facilitas
946 1798 1079 1868 prompta

56 1879 215 1950 defuerit,
251 1892 306 1933 nec
327 1876 352 1934 si
379 1872 599 1933 inemendabilia
624 1875 683 1932 oris
705 1874 884 1934 incommoda
914 1873 1076 1934 obstabunt.

61 1961 216 2046 Corporis
240 1960 326 2019 etiam
340 1968 438 2037 potest
459 1977 526 2018 esse
544 1957 639 2036 aliqua
654 1968 730 2018 tanta
752 1958 937 2033 deformitas,
955 1957 1079 2018 utnulla

57 2060 126 2112 arte
149 2049 298 2106 vincatur.
343 2043 402 2110 sed
422 2060 459 2101 ne
478 2059 537 2101 vox
559 2043 674 2119 quidem
696 2043 780 2102 exilis
808 2044 950 2102 actionem
970 2042 1078 2102 habere
1088 2056 1121 2109 13

61 2137 208 2213 optimam
224 2133 334 2207 potest.
366 2126 445 2186 Bona
461 2127 535 2185 enim
551 2126 705 2204 firmaque,
721 2136 752 2186 ut
766 2126 916 2201 volumus,
938 2128 978 2186 uti
994 2127 1077 2193 licet;

59 2218 140 2279 mala
163 2213 216 2274 vel
241 2211 389 2270 imbecilla
405 2220 434 2270 et
455 2210 562 2270 inhibet
578 2209 683 2285 multa,
707 2220 738 2270 ut
753 2212 904 2286 insurgere
927 2219 957 2269 et
981 2211 1078 2271 excla-

59 2320 164 2375 mare,
190 2305 222 2356 et
240 2295 338 2373 aliqua
354 2297 450 2371 cogit,
471 2303 502 2353 ut
520 2296 707 2353 intermittere
725 2304 754 2354 et
773 2294 931 2355 deflectere
954 2303 983 2353 et
997 2312 1079 2355 rasas

62 2387 170 2446 lauces
187 2399 226 2441 ac
245 2378 322 2439 latus
339 2378 488 2455 fatigatum
509 2378 632 2438 deformi
648 2379 761 2438 cantico
778 2379 911 2438 relicere.
947 2380 1006 2439 Sed
1025 2396 1079 2438 uos

62 2470 101 2530 de
117 2486 156 2528 eo
172 2483 253 2525 nune
269 2463 436 2540 loquamur,
453 2463 500 2521 cui
515 2479 572 2521 non
588 2462 694 2521 frustra
710 2465 895 2541 praecipitur.

155 2548 230 2610 Cum
246 2548 285 2606 sit
302 2555 396 2605 autem
413 2547 504 2604 omnis
521 2548 614 2618 actio,
629 2554 660 2604 ut
679 2548 753 2622 dixi,
775 2550 803 2606 in
820 2549 891 2607 duas
907 2548 997 2608 divisa
1015 2566 1080 2625 par·
1089 2563 1122 2618 14

66 2645 133 2709 tes,
157 2649 268 2693 vocem
289 2639 480 2708 gestumque,
504 2646 625 2708 quorum
648 2629 722 2690 alter
749 2631 852 2691 oculos
875 2632 966 2702 altera
994 2649 1079 2690 aures

67 2726 185 2792 movet,
208 2732 265 2794 per
285 2732 359 2793 quos
374 2715 447 2774 duos
471 2731 573 2773 sensus
590 2713 687 2772 omnis·
696 2715 732 2775 ad
753 2716 874 2775 animum
888 2723 1022 2793 penetrat
1036 2714 1078 2774 af·

68 2800 184 2859 lectus:
212 2801 295 2877 prius
318 2807 363 2858 est
385 2799 422 2858 de
443 2815 538 2858 voce
552 2798 668 2873 dicere,
690 2800 735 2859 cui
751 2801 835 2859 etiam
850 2807 950 2875 gestus
967 2815 1079 2858 accom-

69 2883 215 2942 modatur.

157 2964 190 3024 lu
203 2983 239 3025 ea
251 2968 342 3044 prima
353 2967 521 3027 observatio
535 2975 596 3040 est,
613 2967 758 3043 qualem
772 2966 921 3030 habeas:
940 2966 1077 3041 secunda,

72 3048 256 3124 quomodo
273 3054 404 3115 utaris.
437 3048 545 3112 Natura
559 3052 642 3109 vocis
657 3060 806 3129 spectatur
826 3050 1034 3127 quantitate
1050 3058 1079 3108 et

73 3130 275 3208 qualitate.
318 3134 468 3208 Quantitas
488 3134 663 3211 simplicior;
691 3136 721 3194 in
742 3151 848 3193 summa
870 3135 944 3192 euim
962 3134 1079 3209 grandis
1088 3142 1121 3197 15

72 3222 123 3273 aut
140 3216 249 3290 exigua
264 3226 325 3291 est,
349 3219 401 3277 sed
415 3220 490 3277 inter
506 3216 558 3276 has
572 3221 779 3278 extremitates
794 3216 905 3276 mediae
924 3226 989 3276 sunt
1012 3235 1078 3295 spe·

74 3296 158 3372 cies,
176 3306 206 3356 et
222 3297 258 3356 ab
276 3300 331 3359 ima
348 3301 383 3362 ad
398 3319 533 3361 summam
551 3310 683 3362 ceretro
703 3301 783 3362 multi
800 3300 917 3378 gradus.
949 3299 1078 3373 Qualitas

72 3381 168 3456 magis
185 3382 277 3440 varia.
311 3381 382 3443 Nam
396 3394 441 3444 est
456 3393 484 3443 et
500 3383 620 3444 candida
638 3394 667 3444 et
678 3385 773 3460 fusca,
791 3395 820 3444 et
834 3384 921 3463 plena
936 3393 966 3443 et
981 3383 1077 3457 exilis,

76 3472 106 3523 et
123 3463 197 3523 lenis
218 3472 248 3523 et
263 3482 387 3544 aspera,
403 3477 432 3527 et
444 3477 593 3545 contracta
609 3475 638 3528 et
652 3469 731 3546 fusa,
754 3479 784 3529 et
798 3469 868 3529 dura
883 3478 913 3585 eq
931 3466 1076 3550 flexibilis,
