2434 3925
139 193 199 256 104
454 181 814 266 n.sna.ousuu1'u1nn1

139 357 266 421 subitur?
282 360 408 421 dicamus
421 359 473 420 has
485 362 663 438 geometriae
676 379 743 422 esse
756 369 864 439 partes.
886 359 1026 439 Equidem
1039 365 1134 426 omnia

131 446 202 505 iere
224 444 314 504 credo
338 462 426 523 posse
453 463 521 504 casu
545 445 642 522 aliquo
664 449 764 505 venire
789 446 817 504 in
840 445 965 505 officinm
990 451 1132 517 oratoris;

141 528 217 608 quod
233 530 257 587 si
273 547 330 588 non
345 528 473 603 accidet,
493 545 550 587 non
566 537 648 588 eruut
664 533 690 588 ei
707 528 845 588 subiecta.

97 620 132 673 20
208 610 264 672 “Ita
280 615 323 671 sic
339 629 453 691 quoque
469 622 550 671 recte
566 613 703 688 diximus
718 614 901 673 materiam
918 612 1135 675 rhetorices

142 714 225 755 esse
252 713 369 755 omnes
396 715 457 756 res
480 696 520 756 ad
545 697 733 757 dicendum
760 699 792 757 ei
819 697 1025 766 subiectas;
1056 699 1134 775 quod

141 780 254 859 quidem
276 781 380 859 probat
401 782 485 840 etiam
509 796 603 840 sermo
628 783 793 841 communis.
830 779 901 840 Nam
926 799 989 841 cnm
1013 780 1130 859 aliquid,

141 865 177 924 de
201 881 257 941 qao
281 864 407 923 dicamus
415 867 625 944 ,accepimu5,
651 868 785 943 positam
782 855 876 924 nobis
898 883 965 924 esse
986 868 1132 925 materiam

100 956 131 1008 21
140 948 308 1026 frequenter
323 951 407 1008 etiam
421 949 601 1027 praefatione
617 958 761 1008 testamur.
790 948 911 1025 Gorgias
927 947 1041 1026 quidem
1057 950 1139 1009 adeo

141 1030 249 1090 rhetori
270 1032 306 1091 de
328 1033 457 1091 omnibus
479 1033 566 1094 rebus
586 1035 695 1110 putavit
717 1051 783 1093 esse
805 1031 974 1107 dicendum,
994 1042 1025 1092 ut
1048 1050 1080 1091 se
1102 1035 1133 1092 in

141 1116 288 1176 auditoriis
310 1117 482 1193 interrogari
504 1126 669 1196 pateretur,
697 1135 752 1194 qua
774 1119 896 1195 quisque
920 1116 956 1175 de
976 1134 1008 1175 re
1029 1116 1131 1176 vellet.

141 1198 335 1276 Hermagoras
356 1217 487 1279 quoqne,
510 1200 632 1263 dicendo
654 1203 801 1260 materiam
819 1220 886 1260 esse
901 1203 929 1258 in
951 1217 1037 1261 causa
1055 1209 1083 1259 et
1103 1202 1134 1259 iu

100 1282 373 1361 itquaestiouihus,
402 1302 501 1343 omnes
524 1303 573 1344 res
599 1284 744 1344 subiectas
766 1294 827 1344 erat
849 1285 1027 1362 complexus.
1072 1284 1134 1344 Sed

143 1369 328 1444 quaestiones
350 1370 374 1426 si
391 1376 478 1445 negat
492 1368 527 1428 ad
542 1369 707 1428 rhetoricen
722 1371 884 1447 pertinere,
903 1368 1034 1428 dissentit
1048 1386 1064 1427 a
1079 1385 1134 1427 no·

142 1450 201 1516 his;
221 1452 245 1509 si
261 1460 355 1510 autem
376 1451 411 1511 ad
428 1452 593 1512 rhetoricen
608 1454 767 1531 pertinent,
788 1452 824 1512 ab
845 1452 901 1512 hoc
923 1468 1038 1529 quoque
1053 1451 1134 1511 adiu·

142 1552 249 1593 vamur.
280 1533 357 1594 Nihil
373 1543 418 1595 est
431 1539 520 1612 enim,
540 1536 617 1614 quod
630 1549 687 1595 n·on
701 1539 729 1596 in
746 1554 860 1596 causam
872 1544 919 1596 aut
934 1537 1136 1614 quaestionem

100 1617 234 1679 ttoadat.
264 1617 439 1679 Aristoteles
456 1629 515 1679 tres
531 1620 664 1680 iaciendo
680 1629 778 1700 partes
794 1621 942 1695 orationis,
959 1619 1133 1695 iudicialem,

143 1701 373 1778 deliberativam,
397 1704 664 1804 demonstrativam,
685 1723 778 1783 paene
799 1713 829 1764 et
851 1706 915 1782 ipse
937 1704 1045 1764 oratori
1065 1703 1133 1763 sub·

143 1787 211 1844 iecit
227 1787 334 1855 omnia;
354 1787 423 1847 nihil
441 1791 515 1847 enim
532 1805 588 1847 non
602 1790 630 1847 in
646 1789 720 1848 haec
737 1788 822 1848 cadit.
920 1806 923 1813 ’

100 1876 135 1931 24
225 1868 391 1943 Quaesitum
406 1890 422 1931 a
437 1873 617 1951 paucissimis
633 1882 662 1931 et
677 1873 713 1932 de
729 1875 915 1931 instrumento
933 1879 988 1930 est.
1025 1870 1134 1930 lustro·

142 1963 265 2013 mentum
278 1973 371 2033 voco,
394 1958 456 2017 sine
472 1975 529 2035 qno
547 1957 663 2016 iormari
679 1957 796 2017 materia
814 1956 899 2032 inid,
921 1954 997 2033 quod
1010 1954 1134 2014 velimus

143 2028 237 2114 effici,
263 2056 336 2116 opus
357 2058 415 2099 non
435 2043 537 2119 possit.
570 2041 678 2099 Verum
701 2041 757 2101 hoo
779 2057 842 2121 ego
856 2057 913 2101 non
936 2048 1025 2098 artem
1043 2039 1133 2098 credo

91 2163 95 2169 -
143 2139 232 2196 egere
248 2123 300 2182 sed
320 2124 466 2184 artificem
503 2124 605 2202 Neque
628 2127 702 2183 enim
723 2126 844 2184 scientia
864 2123 1009 2184 desiderat
1029 2124 1134 2182 instru-

141 2214 280 2282 mentum,
301 2224 375 2283 quae
390 2217 488 2286 potest
505 2227 572 2267 esse
591 2218 800 2284 consummata,
821 2208 931 2273 etiamsi
948 2206 1017 2265 nihil
1034 2205 1133 2282 faciat,

143 2287 194 2345 sed
221 2288 271 2347 ille
298 2291 417 2367 artifex,
450 2301 480 2351 ut
508 2293 639 2352 caelator
666 2293 777 2353 caelum
802 2301 832 2351 et
862 2292 957 2370 pictor
986 2290 1133 2368 penicilla.

142 2368 242 2513 qtaffque
262 2371 367 2433 haec
358 2394 386 2434 ιιι
407 2393 470 2434 eum
492 2375 601 2452 locum,
627 2393 683 2455 qno
706 2376 742 2436 de
763 2386 880 2436 oratore
898 2375 1000 2435 dicturi
1024 2392 1133 2450 sumus,

162 2472 170 2511 1
193 2472 313 2515 eramus.
