2434 3925
11 3431 16 3464 l

161 169 225 234 256
478 182 838 242 rutrumoumrmrnnr

161 335 282 397 maxime
311 345 443 397 versatur
477 336 607 397 affectus.
653 335 712 396 Sed
742 338 872 415 privatae
904 356 1020 417 quoque
1050 356 1155 398 causae
1180 346 1182 349 ’

160 430 310 498 utrumque
326 420 431 481 habeut
449 422 642 500 perorationis
657 436 767 497 genus,
790 430 820 480 et
841 421 928 496 illud,
951 423 1028 500 quod
1053 432 1102 482 est
1120 441 1154 481 ex

162 505 375 565 enumeratione
393 505 609 584 probationum,
626 512 656 562 et
671 504 744 579 hoc,
762 503 838 582 quod
855 523 892 563 ex
914 505 1056 580 lacrimis,
1073 508 1099 564 si
1111 514 1154 564 aut

161 597 236 648 statu
250 589 406 666 periclitari
421 598 468 648 aut
484 589 619 667 opinione
638 587 767 664 litigator
786 589 909 648 videtur.
954 589 1027 649 Nam
1048 590 1152 666 inpar·

160 674 205 731 vis
222 673 334 750 quidem
350 673 446 733 litibus
466 672 517 731 has
539 671 706 747 tragoedias
726 688 844 731 movere
865 673 923 732 tale
944 682 1005 748 est,
1031 676 1114 750 quasi
1132 674 1152 731 si

160 773 315 835 personam
328 756 462 816 Herculis
479 764 508 814 et
524 755 683 815 cothurnos
698 764 797 833 aptare
813 756 966 816 infantibus
985 757 1075 816 velis.

119 851 153 908 37
245 839 290 899 Ne
312 840 382 901 illud
406 840 520 918 quidem
543 839 689 914 iudignum
711 848 756 897 est
778 839 1017 916 admonitione,
1007 858 1112 916 ingens
1129 842 1152 899 in

162 924 293 1011 epilogis
299 942 364 985 meo
376 924 562 984 iudIcioterti
574 923 738 998 discrimen,
751 940 794 1000 qu
805 924 931 982 omodo
949 942 988 983 se
1004 923 1151 996 dicenti,

162 1009 222 1087 qui
248 996 454 1084 excitatur,
486 1006 749 1066 accommodet.
804 1003 876 1067 Nam
907 1016 936 1066 et
962 1009 1106 1084 imperitia
1128 1017 1152 1065 et

161 1095 305 1152 rusticitas
322 1101 351 1152 et
366 1094 446 1169 rigor
462 1101 490 1149 et
506 1090 673 1151 deformitas
694 1089 840 1150 afferunt
832 1094 942 1150 interim
965 1092 1075 1167 frigus,
1098 1092 1151 1151 dili·

118 1186 322 1254 38genterque
343 1185 408 1237 sunt
427 1175 500 1236 haec
522 1175 614 1234 actori
636 1174 823 1252 providenda.
868 1174 905 1234 Et
930 1175 1044 1253 quidem
1072 1194 1152 1253 repn-

159 1269 282 1339 gnantes
298 1277 350 1319 eos
365 1268 487 1337 patrono
504 1269 533 1318 et
548 1257 616 1318 nihil
631 1258 711 1317 vultu
731 1267 890 1317 commotos
906 1269 935 1318 et
955 1261 1152 1336 intempestive

160 1344 324 1404 residentes
358 1352 386 1401 et
411 1343 489 1402 facto
516 1342 614 1419 aliquo
634 1341 682 1401 vel
704 1342 769 1420 ipso
790 1342 870 1401 vultu
894 1345 982 1401 risum
1006 1353 1153 1402 moventes

161 1445 252 1504 saepe
267 1427 343 1502 ridi,
361 1427 518 1504 praecipue
540 1443 612 1485 vero
637 1444 700 1484 cum
721 1426 817 1503 aliqua
836 1425 916 1485 velut
942 1428 1058 1485 scenice
1078 1427 1153 1485 fiunt.

118 1522 153 1577 39
162 1509 318 1572 Transtulit
337 1510 489 1587 aliquando
505 1518 643 1588 patronus
661 1508 803 1587 puellam,
827 1527 900 1586 quae
917 1528 1001 1569 soror
1021 1528 1090 1570 esse
1109 1510 1154 1569 ad-

160 1596 282 1653 versarii
297 1593 461 1670 dicebatur,
481 1595 560 1672 (nam
576 1594 612 1652 de
631 1593 687 1652 hoc
705 1593 740 1651 lis
756 1595 834 1673 erat)
859 1596 887 1653 in
904 1594 1026 1653 adversa
1044 1594 1152 1654 subsel·

162 1679 215 1753 lfa,
234 1687 366 1756 tanquam
380 1680 409 1737 iu
423 1680 534 1754 gremio
550 1678 646 1736 fratris
661 1676 830 1753 relicturus,
842 1687 881 1736 -at
896 1680 919 1736 is
943 1697 958 1736 a
974 1677 1056 1737 nobis
1073 1696 1152 1754 prae·

161 1764 284 1822 monitus
301 1763 486 1823 discesserat.
530 1761 601 1821 'lum
622 1762 690 1836 ille,
707 1760 814 1838 alioqui
829 1763 873 1820 vir
888 1762 1043 1836 facundus,
1064 1764 1152 1840 inopi·

160 1857 244 1907 natae
259 1846 301 1906 rei
319 1865 387 1906 casu
403 1845 542 1905 obruutuit
562 1854 590 1904 et
605 1845 741 1906 infantem
761 1863 840 1904 suam
855 1846 1041 1922 frigidissime
1055 1863 1153 1923 repor-

118 1934 239 1999 40tavit.
283 1931 365 1994 Alius
383 1931 534 2008 imaginem
544 1931 637 1990 mariti
651 1945 705 2008 pro
719 1947 769 1988 rea
781 1930 914 2008 proferre
926 1931 1020 2007 magni
1033 1933 1153 2007 putavit;

97 2067 100 2074 .
161 2026 190 2076 at
206 2036 239 2076 ea
257 2017 374 2094 saepius
395 2019 481 2075 risum
503 2015 582 2073 fecit.
627 2013 699 2074 Nam
717 2023 746 2073 et
767 2015 802 2087 ii,
829 2032 949 2092 quorum
972 2014 1061 2074 officii
1085 2023 1153 2088 emt,

62 2095 65 2104 ¹
160 2110 191 2162 ut
206 2102 352 2160 traderent
366 2118 442 2175 eam,
458 2100 565 2175 ignari,
582 2101 630 2175 qui
645 2107 725 2157 esset
740 2097 890 2176 epilogus,
907 2100 1041 2176 quotiens
1055 2117 1154 2177 respe-

160 2185 253 2243 xisset
276 2193 430 2261 patronus,
448 2182 609 2242 offerebant
626 2182 738 2260 palam,
759 2191 789 2240 et
805 2182 917 2259 prolata
936 2184 1092 2242 novissime
1108 2182 1155 2241 de·

161 2268 306 2326 formitate
321 2269 384 2344 ipsa
408 2267 487 2344 (nam
505 2269 583 2325 senis
606 2266 740 2327 cadaveri
764 2275 826 2325 erat
841 2266 954 2365 inlusa)
973 2268 1157 2345 praeteritam

119 2361 278 2447 41quoque
294 2350 717 2428 orationisgratiamperdidit
760 2349 983 2426 Necignotum,
1001 2351 1067 2428 quid
1091 2350 1156 2425 Gly·
1206 2377 1207 2380 ¹

162 2435 244 2508 coni,
270 2436 315 2494 eui
337 2434 482 2511 Spiridion
500 2434 553 2494 fuit
574 2451 751 2510 cognomen,
774 2425 921 2493 acciderit.
973 2433 1046 2493 lluic
1072 2451 1157 2512 puer,

162 2536 245 2597 quem
269 2518 293 2576 is
314 2517 482 2595 productum
503 2520 569 2600 quid
592 2518 676 2577 fleret
696 2518 910 2593 interrogabat,
937 2537 958 2579 a
976 2518 1159 2597 paedagogo

160 2603 349 2664 seoetttcort
363 2601 522 2678 respondit
568 2603 626 2662 Sed
649 2602 719 2661 uiuit
742 2601 792 2661 illa
817 2603 893 2661 circa
910 2599 1051 2680 Cepasios
1073 2599 1159 2662 Cice·

119 2688 258 2753 aaronis
256 2685 356 2746 fabula
377 2686 524 2746 efficacius
549 2686 584 2745 ad
606 2685 737 2764 pericula
761 2685 952 2766 epilogorum
997 2684 1099 2745 Omnia
1119 2695 1159 2746 ta-

161 2790 226 2830 men
241 2770 314 2830 haec
333 2768 529 2829 tolerabilia''
510 2788 563 2843 us,
581 2769 683 2847 quihus
700 2770 842 2828 actionem
862 2779 971 2829 mutare
993 2769 1079 2828 facile
1099 2779 1158 2838 est;

161 2864 206 2930 at,
224 2856 302 2933 quia
325 2855 391 2914 stilo
410 2870 466 2911 non
484 2853 639 2929 recedunt,
661 2862 708 2912 aut
726 2854 924 2912 conticescunt
941 2855 976 2913 ad
996 2854 1050 2913 hos
1069 2871 1159 2913 casus

162 2947 210 2998 aut
231 2940 464 3017 frequentissime
484 2937 558 2997 falsu
573 2937 678 2997 dicunt.
722 2936 790 2997 lnde
809 2946 854 2996 est
874 2940 958 3014 enim,
984 2936 1095 2998 Tendit
1118 2937 1160 2999 ad

160 3040 262 3101 peace
284 3031 388 3084 cestre
412 3023 566 3101 supplices
590 3040 715 3096 manus,
748 3029 778 3081 et
803 3018 918 3082 Haeret
940 3024 974 3082 io
999 3023 1161 3099 complexa

162 3106 326 3167 liberorum
340 3109 450 3181 miser,
473 3115 502 3165 et
517 3105 653 3166 Remeat
667 3125 741 3166 cece
753 3123 818 3174 me;
838 3107 949 3174 etiamsi
970 3105 1040 3164 nihil
1055 3104 1159 3163 horum

121 3190 205 3263 ldis,
225 3189 260 3247 de
278 3207 333 3266 quo
350 3190 468 3264 dicitur,
490 3189 585 3248 iaciat.
631 3188 676 3248 llx
692 3188 801 3248 scholis
819 3188 892 3248 haec
907 3190 991 3264 vitia,
1008 3191 1037 3247 in
1052 3189 1171 3272 quilius¹

162 3274 256 3334 omnia
271 3272 361 3331 libere
378 3273 507 3349 fingimus
524 3280 553 3331 et
564 3274 694 3349 impune,
712 3274 776 3349 quia
789 3289 842 3350 pro
857 3273 935 3332 facto
952 3282 1006 3347 est,
1019 3270 1156 3352 quidquid

160 3357 319 3424 noluimus;
335 3373 393 3414 non
408 3356 525 3415 admittit
541 3356 597 3414 hoc
612 3357 687 3416 idem
702 3358 825 3431 veritas,
842 3358 1022 3434 egregieque
1038 3357 1157 3419 Cassius

161 3442 267 3504 dicenti
284 3439 517 3501 adolescentulo:
533 3436 615 3513 Quid
627 3459 674 3503 me
688 3447 772 3502 turco
782 3442 865 3502 oetan
874 3438 1158 3518 intuenteseeere?
