2434 3925
349 202 809 271 1nsr.onsron.n1n.vn1,t.
1037 192 1077 255 at

73 378 163 422 mum
177 378 277 421 meam
293 360 524 437 relinquendam
542 365 706 438 putarem·
725 359 841 420 Interim
860 360 1012 440 proposito
1027 378 1076 420 re·
1086 371 1117 425 11

74 444 126 506 lut
145 444 229 503 simili
253 443 388 521 exempla
410 443 589 503 efficiendum
607 452 668 519 est,
691 452 722 503 ut
742 446 779 503 sit
793 446 883 505 maius
898 445 946 520 id,
969 444 1077 521 quoda
1112 451 1114 460 ’

73 527 165 587 nohis
182 527 415 603 exaggerandum
434 535 494 585 est:
516 535 546 585 ut
565 527 640 586 idem
663 544 718 605 pra
734 525 885 605 Cluentia,
907 546 970 587 cum
986 543 1075 605 expo-

74 611 199 685 suisset,
217 609 357 670 Milesiam
379 610 519 688 quandam
542 627 558 670 a
581 611 717 671 secundis
733 611 888 672 heredibus
903 628 956 689 pro
973 611 1077 672 aboau

74 695 233 774 pecuniam
249 697 417 773 accepisse,
440 692 560 766 Qtnonto
571 704 632 766 est,
648 696 754 773 inquit,
776 693 964 774 Oppianicus
978 697 1010 754 in
1026 713 1077 756 ea·

74 779 151 840 dem
166 780 284 840 iniuria
298 783 414 857 maiore
428 780 576 857 supplicio
589 782 721 857 dipnus?
749 777 906 857 Siquidem
920 780 991 855 illo,
1009 798 1077 840 cum

74 881 138 924 sao
161 864 283 941 corpori
301 865 361 924 aim
380 864 545 939 attulisset,
566 882 600 925 se
621 865 691 941 ipsa
712 866 882 940 cruciantia·
907 863 1077 925 incautam

73 948 162 1008 idem
175 947 252 1008 illud
267 947 368 1026 effecit
379 965 439 1025 per
453 948 546 1007 alieni
557 948 696 1025 corporis
710 948 771 1008 aim
787 955 878 1025 atoue
893 947 1075 1008 cruciatum.

74 1028 145 1091 Neo
160 1037 241 1108 putet
257 1032 404 1109 quisquam
419 1030 493 1107 hac,
517 1048 678 1108 quanquam
693 1040 738 1090 est
753 1031 862 1106 simile,
879 1030 920 1090 illi
936 1048 972 1089 ex
990 1040 1117 1107 argu-12

74 1115 183 1174 mentis
199 1113 278 1189 laco,
297 1131 354 1193 qua
369 1116 477 1174 maiora
493 1132 530 1172 ex
544 1115 699 1174 minorihus
713 1115 896 1192 colliguntur,
907 1115 982 1174 idem
996 1131 1073 1172 esse.

73 1196 146 1259 Illic
172 1199 245 1257 enim
267 1198 400 1276 probatio
417 1198 524 1277 petitur
545 1197 592 1257 hic
607 1197 805 1276 amplificatia;
826 1200 900 1258 sicut
918 1200 946 1257 in
969 1196 1073 1275 Oppia·

73 1283 147 1342 nico
163 1298 220 1341 uon
241 1281 270 1340 id
285 1283 378 1358 agitur
393 1282 421 1340 in
435 1281 485 1341 illa
505 1284 736 1360 comparatione,
759 1291 789 1341 ut
807 1282 858 1343 ille
877 1283 952 1342 male
971 1281 1075 1342 fecerit

75 1365 135 1426 sed
150 1374 180 1424 ut
193 1366 286 1444 peius.
303 1391 307 1397 ·
322 1364 374 1424 Est
395 1374 489 1424 tamen
504 1382 663 1443 quanquam
681 1366 856 1426 diversarum
877 1384 972 1426 rerum
986 1383 1073 1443 quae·

5 1499 17 1522 „
75 1449 145 1510 dam
165 1449 278 1508 ricinia.
324 1447 464 1526 Repetam
485 1450 581 1526 itaque
602 1449 651 1508 hia
679 1467 794 1528 quaque
816 1452 908 1528 idem,
930 1467 987 1529 quo
1010 1466 1072 1508 sum

75 1533 142 1593 illic
162 1550 247 1607 usus,
271 1532 433 1610 exemplum
455 1532 507 1591 sed
528 1548 585 1590 non
606 1536 636 1591 in
660 1535 779 1595 eundem
797 1553 887 1593 usum.
933 1533 1004 1594 Nam
1018 1533 1116 1596 hoolit

75 1616 147 1676 mihi
168 1615 375 1676 ostendendum
399 1624 459 1690 est,
483 1616 607 1692 augendi
626 1619 718 1693 {gratia
738 1634 795 1676 nan
815 1627 876 1678 tota
898 1619 984 1679 modo
1005 1619 1073 1676 totis

77 1700 239 1760 sedetiam
262 1708 359 1778 partes
386 1700 515 1779 partibus
541 1702 714 1778 comparari:
740 1702 815 1760 sicut
838 1702 894 1761 hoa
918 1702 1004 1775 lona,
1024 1699 1074 1761 An

75 1789 153 1846 nero
167 1787 215 1845 oir
229 1785 432 1862 amplissimam
448 1782 482 1844 P.
498 1782 621 1861 Scipio,
641 1784 778 1863 pontifea
792 1787 953 1860 munimus,
974 1785 1072 1845 Grac-

77 1869 169 1930 chum
185 1870 380 1930 mediocriter
401 1867 637 1944 labefactantem
656 1875 767 1930 statura
787 1869 835 1928 rei
849 1869 993 1947 publicae
1004 1868 1072 1945 pri·

76 1960 170 2015 natus
182 1953 350 2031 interfecit:
369 1949 530 2013 Catilinam
552 1953 655 2014 orbern
676 1958 781 2013 terrae
804 1953 900 2014 caede
919 1960 1009 2030 atque
1024 1953 1073 2012 in-

77 2038 189 2099 cendio
208 2047 332 2098 emtore
354 2037 522 2113 cupientem
542 2056 599 2097 nos
620 2037 758 2099 consules
776 2037 991 2114 perferemus?
1020 2034 1073 2095 llic
1080 2046 1115 2101 14

4 2142 5 2147 ¹
79 2129 109 2182 et
126 2118 247 2180 Catilina
263 2119 394 2180 Graccho
418 2127 447 2179 et
467 2127 558 2178 status
580 2121 624 2178 rei
646 2118 781 2197 publicae
804 2120 868 2179 orhi
888 2128 1027 2179 terrarum
1043 2129 1072 2179 et

77 2203 234 2264 mediocris
250 2204 435 2264 labefactatio
453 2203 536 2263 caedi
557 2213 586 2263 et
601 2203 740 2263 incendiis
759 2212 789 2263 et
802 2206 955 2264 vastationi
970 2213 999 2263 et
1014 2206 1071 2282 pri·

77 2296 162 2348 ratam
188 2288 355 2348 consulibus
381 2295 577 2366 comparatum
606 2305 681 2366 quae
705 2288 730 2346 si
754 2289 818 2367 quis
839 2288 959 2349 dilatare
984 2288 1070 2348 velit:

77 2372 184 2451 plenas
202 2372 314 2449 singula
330 2372 414 2432 locas
433 2371 549 2432 hahent.

163 2454 242 2529 Quas
265 2456 323 2516 dixi
350 2474 405 2535 per
429 2457 763 2517 ratiocinationem
788 2455 850 2515 fleri
876 2455 1113 2533 amplificatio-15

77 2556 148 2614 nes,
169 2540 341 2615 viderimus,
366 2559 401 2600 an
416 2542 485 2600 satis
500 2543 619 2619 proprio
634 2539 724 2599 verba
743 2539 973 2616 significaverim.
1009 2537 1072 2598 Nec

79 2641 143 2683 sum
158 2626 186 2682 in
201 2623 259 2684 hoc
273 2623 433 2698 sollicitus,
455 2624 520 2683 dum
534 2643 581 2683 res
597 2626 660 2701 ipsa
675 2622 838 2683 valentibus
854 2623 968 2683 discere
984 2639 1070 2699 appa·

77 2709 164 2779 reat„
198 2707 262 2768 lloc
278 2726 339 2767 sum
356 2716 449 2767 tamen
466 2717 597 2782 secutus,
623 2707 699 2784 quad
715 2706 788 2767 haec
804 2705 986 2784 amplificatio
1004 2704 1071 2764 alibi

79 2793 175 2872 posita
190 2802 235 2852 est
251 2791 318 2852 alibi
334 2792 423 2866 valet,
440 2799 472 2850 ut
486 2790 561 2850 aliud
578 2800 692 2850 crescat
708 2791 784 2851 aliud
799 2799 933 2866 augetur3
954 2787 1020 2847 iude
1036 2788 1070 2847 ad

78 2877 120 2952 id,
135 2878 212 2954 quod
229 2875 331 2935 extolli
344 2875 491 2950 volumus,
507 2875 618 2934 ratione
635 2875 755 2935 ducitur.
791 2872 961 2932 Obiecturus
982 2870 1071 2931 Anto·
1080 2882 1115 2937 16

77 2961 128 3020 nia
148 2958 253 3020 Cicero
272 2977 380 3019 merum
401 2966 431 3018 et
450 2960 604 3035 vomitum,
628 2957 682 3035 Tu,
703 2959 809 3037 inquit,
828 2958 896 3017 istis
915 2957 1069 3034 sandius,

78 3046 147 3106 istis
166 3044 328 3120 lateribus,
349 3044 409 3104 ista
430 3043 618 3122 pladiatoria
640 3045 729 3105 tatium
757 3041 897 3118 corporis
916 3039 1068 3118 punitate.

81 3128 156 3201 Quid
173 3128 272 3188 lauces
290 3137 319 3188 et
341 3127 440 3199 latera
455 3126 489 3186 ad
510 3123 698 3187 ebrietatem?
740 3123 854 3184 Minime
876 3133 941 3183 sunt
964 3126 1067 3184 otiosa.

80 3210 152 3272 Nam
167 3213 358 3290 respicientes
375 3210 410 3270 ad
426 3210 499 3270 haee
514 3228 667 3289 passumus
685 3210 854 3282 aestimare,
871 3217 1004 3286 quantum
1018 3207 1068 3268 ille

80 3295 138 3354 vini
154 3298 181 3355 in
195 3294 318 3374 Hippiae
334 3295 439 3373 nuptiis
452 3293 634 3369 exhauserit,
656 3291 733 3372 quod
747 3292 825 3352 ferre
841 3301 870 3351 et
885 3309 1069 3370 concoquere

82 3396 140 3438 nan
160 3387 263 3458 posset
280 3378 330 3437 illa
352 3380 483 3456 corporis
505 3378 676 3454 gladiatoria
690 3376 829 3435 firmitate.
865 3375 963 3453 Ergo,
984 3377 1008 3433 si
1031 3392 1068 3432 ex

3 3523 5 3532 ,
83 3463 141 3524 alio
163 3463 310 3540 colligitur
331 3461 422 3539 aliud,
443 3479 498 3522 nec
520 3463 704 3541 improprium
720 3477 775 3521 nea
790 3461 952 3604 inusipapum
966 3474 1069 3518 nomeu
