2434 3925
349 205 797 288 msn.0nnn0n.u1n.vn,1.
829 244 831 250 .
854 207 855 210 ’
1041 197 1060 257 9

64 379 166 423 omnes
187 362 402 440 complectitur,
425 361 493 431 nihil
509 362 648 439 proderit.
687 360 863 435 Quaeramus
880 378 970 439 ergo,
993 380 1059 422 num

63 446 200 506 infirmari
215 448 243 504 in
264 447 387 523 aliquam
402 454 512 523 partem
532 445 581 504 lex
602 446 704 522 possit.
742 444 815 519 Quid
832 445 909 505 aliud
925 447 1059 524 (saepius

65 531 175 607 dicam)
192 538 291 590 natura
305 531 456 606 permittit,
474 545 557 605 quam
572 536 618 602 ut,
635 545 698 586 cum
711 528 802 588 verba
819 531 1004 604 contrasint,
1022 530 1059 590 de

63 614 212 672 voluntate
234 608 407 691 quaeratur?
452 610 600 672 Generalis
623 613 709 688 igitur
730 613 877 689 quaestio,
900 612 998 671 verbis
1024 631 1060 672 an

64 697 214 756 voluntate
233 698 270 755 sit
290 696 427 755 standum.
465 695 525 755 Sed
544 697 617 753 enim
638 697 666 752 in
684 712 832 754 commune
847 695 883 754 de
899 696 961 755 iure
983 698 1059 756 omni

65 780 265 858 disputandum
280 797 396 856 semper
409 797 464 838 nec
481 796 603 857 unquam
618 781 687 837 satis
704 779 856 838 iudicatum
873 786 926 836 est.
963 778 1060 851 Quae·

64 864 185 923 rendum
200 866 286 939 igitur
300 866 328 922 in
344 863 399 922 hac
414 864 494 940 ipsa,
512 880 567 939 qua
587 864 784 936 consistimus,
806 880 842 921 an
857 861 963 939 aliquid
978 863 1056 922 inve·

63 949 118 1006 niri
142 949 250 1024 possit,
273 946 349 1025 quod
372 948 479 1023 scripto
501 942 690 1005 adversetur?
727 944 824 1022 Ergo,
853 947 981 1023 quisquis
1003 958 1101 1010 nonso

64 1031 195 1105 affuerit,
217 1030 341 1089 exheres
362 1026 435 1089 erit?
463 1030 610 1107 quisquis,
632 1030 694 1087 sine
716 1026 911 1106 exceptione?
944 1027 1002 1088 lam
1025 1047 1058 1089 se

64 1114 116 1174 illa
131 1113 181 1172 vel
199 1114 274 1173 ultro
293 1114 415 1173 oderent
437 1121 618 1190 argumenta:
639 1111 676 1171 Et
696 1109 810 1171 inians?
834 1112 908 1173 lilius
924 1114 998 1172 enim
1013 1123 1059 1172 est

65 1208 95 1257 et
110 1215 168 1256 non
186 1197 277 1265 alluit;
300 1206 329 1256 et
345 1200 392 1275 qui
409 1197 523 1272 aberat,
545 1205 573 1256 et
589 1198 637 1273 qui
651 1195 804 1270 militabat,
828 1206 857 1255 et
872 1197 919 1273 qui
934 1198 963 1256 in
978 1197 1057 1273 lega·

62 1283 144 1341 tione
160 1277 242 1341 erat?
278 1280 336 1341 lam
355 1281 472 1340 multum
490 1282 546 1339 acti
561 1289 621 1339 est:
644 1282 737 1358 possit
752 1280 855 1357 aliquis
870 1298 927 1338 non
941 1280 1058 1341 affuisse

64 1373 95 1424 et
117 1365 204 1424 heres
228 1381 303 1423 esse.
344 1362 483 1423 Transeat
502 1382 576 1423 nunc
597 1364 673 1422 idem
692 1363 759 1438 itte,
783 1365 831 1441 qui
852 1365 1004 1441 cogitavit,
1025 1373 1099 1428 ut51

64 1450 105 1508 ait
120 1446 241 1523 Cicero,
265 1447 387 1507 tibicinis
404 1447 494 1507 Latini
509 1447 592 1507 modo
612 1448 647 1506 ad
665 1447 809 1507 disertum.
852 1446 890 1508 tu
908 1451 968 1509 isto
989 1468 1057 1510 eou-

64 1532 196 1592 cedom:
219 1541 250 1592 tu
267 1551 325 1592 uec
346 1532 451 1609 insons
470 1550 503 1590 cs
519 1550 576 1591 uec
595 1531 721 1609 adfuisti
734 1550 791 1592 nec
808 1533 952 1593 militasti.
985 1531 1057 1592 Num

63 1613 143 1673 aliud
158 1615 283 1674 occurrit
299 1633 382 1693 quarn
397 1613 483 1689 illud,
499 1612 563 1673 Sed
576 1616 712 1675 rusticus
725 1615 814 1675 sum?
841 1612 965 1689 Contra,
983 1615 1100 1692 quod52

63 1697 159 1778 palam
174 1708 234 1774 est,
253 1698 337 1758 dicit:
362 1697 400 1759 Ut
413 1717 507 1776 opere
520 1716 581 1758 noo
595 1699 746 1776 potueris,
766 1699 905 1759 assidere
915 1701 1057 1776 pomieti;

63 1791 96 1841 et
110 1799 209 1841 verum
230 1790 284 1840 est.
326 1782 422 1855 Quare
437 1780 612 1840 redeundum
628 1783 736 1841 rustico
756 1780 791 1840 ad
807 1783 927 1840 animum
947 1781 1066 1857 legum,

63 1865 180 1925 latoris:
210 1864 398 1943 Impietntenc
417 1866 528 1943 punire
548 1866 654 1939 coluit,
678 1884 732 1943 eqo
750 1873 850 1925 autem
867 1866 977 1943 impius
997 1883 1058 1924 non

61 1968 141 2010 sunu
179 1946 285 2009 Contra
302 1950 378 2027 quod
393 1948 532 2023 disertus,
558 1946 601 2009 Tu
619 1949 710 2026 imple
725 1949 841 2028 fecisti,
862 1949 965 2026 inquit,
990 1957 1099 2011 cuncta

62 2034 328 2095 aclerednu'ouem
344 2035 494 2109 meruisti,
510 2035 621 2095 tinette
637 2041 743 2112 postca
757 2033 805 2093 cel
817 2033 1059 2104 poenitentique?

62 2116 196 2178 ambitus
215 2118 259 2178 ud
275 2117 332 2178 ltoc
347 2137 444 2195 penus
458 2118 585 2197 optionis
599 2117 775 2178 adduceret.
811 2115 1057 2194 Praetereupro·

57 2208 133 2279 pter
148 2202 354 2271 tedomnotus
368 2209 413 2263 est
425 2210 532 2280 puter,
552 2200 710 2262 eluctante
720 2202 798 2276 cuim
815 2202 854 2261 dc
869 2217 966 2262 causa
983 2218 1058 2278 pro—

60 2285 231 2346 nuntiasse.
274 2285 319 2345 Ad
339 2284 412 2344 haec
436 2287 574 2344 rusticus:
604 2284 647 2344 Tu
667 2302 740 2345 cero
757 2286 790 2344 in
812 2301 910 2347 couno
931 2285 1058 2345 domuu-

62 2368 156 2429 tiom's
174 2369 275 2447 fuisti,
296 2370 404 2429 multoc
417 2369 608 2451 offenderas,
629 2368 805 2429 inimicitius
818 2369 919 2429 domui
936 2378 1058 2431 contru-

61 2469 170 2511 xerat·
204 2451 283 2511 llaec
296 2453 510 2512 coniecturalia.
542 2451 616 2512 lllud
631 2468 762 2529 quoque,
779 2451 856 2529 quod
872 2452 978 2513 coloris
991 2452 1058 2512 loco

64 2535 191 2593 rusticus
207 2535 292 2610 dicit,
308 2538 397 2613 patris
412 2536 502 2595 luisse
520 2537 577 2596 tale
593 2535 758 2610 consilium,
780 2554 816 2595 ne
832 2538 992 2596 universam
1008 2536 1057 2594 do·

61 2635 140 2677 mum
155 2618 287 2696 periculo
309 2618 475 2679 subiiceret.
515 2620 594 2679 llaec
616 2619 705 2698 prima
722 2621 890 2696 quaestione
911 2619 1010 2696 scripti
1030 2625 1059 2676 et

61 2700 222 2761 voluntatis
244 2704 432 2763 continentur.
469 2703 650 2763 Intendamus
669 2702 744 2762 ultra
759 2704 879 2762 animum
899 2702 1099 2760 videamus-54

63 2802 141 2863 que,
162 2804 197 2844 an
213 2786 319 2864 aliquid
334 2787 454 2848 inveniri
469 2795 622 2866 praeterea
637 2787 738 2863 possit.
765 2786 829 2859 Quo
845 2785 873 2845 id
883 2783 968 2843 modo
989 2779 1058 2841 liet?
1148 2829 1151 2834 .

60 2867 175 2930 Sedulo
196 2870 289 2929 imitor
310 2878 511 2948 quaerentem,
531 2879 561 2930 ut
582 2887 724 2947 quaerere
745 2870 880 2943 doceam,
903 2876 932 2926 et
951 2867 1058 2926 omisso

61 2953 248 3029 speciosiore
273 2972 383 3030 genere
408 2954 443 3012 ad
465 2954 615 3013 utilitatem
640 2971 685 3011 rne
711 2955 853 3012 summitto
880 2951 1071 3010 discentium..

62 3033 173 3095 Omnes
196 3036 288 3096 adhuc
307 3039 492 3115 quaestiones
514 3055 551 3096 ex
571 3053 697 3116 persona
715 3037 847 3115 petitoris
864 3036 959 3112 'ipsius
978 3033 1057 3094 duxi-

60 3137 142 3188 mus;
167 3138 218 3179 cur
238 3138 295 3179 non
319 3120 426 3198 aliquid
448 3122 525 3180 circa
545 3128 657 3199 patrem
673 3115 856 3197 quaerimus?
879 3118 984 3178 dictum
1002 3134 1059 3176 non

62 3211 129 3277 est,
154 3201 211 3264 Cui
231 3207 299 3281 quic
318 3224 378 3266 non
399 3204 536 3287 offuerit,
558 3205 687 3265 caderes
707 3204 774 3263 erit.
820 3200 878 3261 Cur
896 3218 952 3261 non
975 3208 1099 3261 cona-55
1201 3238 1205 3245 -

61 3304 129 3346 mur
150 3295 179 3345 et
200 3289 255 3348 sic.
265 3306 423 3366 quaerere,
447 3285 540 3361 Num,
563 3288 732 3364 cuicunque
753 3288 821 3363 quis
836 3306 895 3347 uon
916 3286 1058 3369 offuerit?

63 3370 197 3430 Facimus
212 3371 269 3430 lroc
281 3390 371 3449 saepe
386 3373 414 3430 in
428 3373 463 3430 iis
480 3371 700 3445 controversiis,
723 3371 751 3428 in
766 3369 867 3447 quibus
884 3378 1017 3448 petuntur
1031 3369 1058 3426 in

62 3455 196 3530 vincula,
215 3455 262 3532 qui
277 3464 411 3533 parentes
426 3471 494 3517 suos
511 3471 569 3514 non
585 3455 680 3532 alunt,
695 3461 726 3515 ut
740 3471 820 3532 eam,
843 3471 917 3533 quae
931 3453 1057 3513 testimo-
