2434 3925
356 243 444 291 msc.
458 243 793 310 crunon.e1e.x1,r.
1007 228 1065 293 1'93
1139 206 1158 271 ss

56 402 209 461 orationis
234 407 352 459 ornatus
375 400 555 477 maximeque
583 416 621 457 ex
646 396 812 472 affectibus,
839 415 912 475 quos
927 397 977 457 illi
997 401 1066 460 vitia

55 484 175 546 dicunt.
212 481 310 542 Verba
332 499 448 561 quoque
469 484 655 560 exquisitiora
676 490 705 540 et
727 482 898 558 compositio
913 500 1065 542 numerosa

55 569 113 628 tali
131 569 287 647 proposito
303 566 426 625 diversa.
456 566 522 625 Nou
538 568 611 626 enim
629 565 692 624 sola
712 565 761 624 illa
777 564 915 641 laetiora,
940 566 1034 644 qualia
1050 578 1109 631 834

57 650 213 711 Cicerone
230 651 369 725 dicuntur,
382 649 471 711 Suco
487 660 577 729 utque
593 650 771 711 solitudines
784 650 853 709 coci
863 653 1066 726 respondent·

58 736 117 796 sed
136 738 223 795 etiam
242 734 307 809 illa,
331 751 492 812 quanquam
513 735 600 813 plena
620 734 783 810 sanguinis,
814 731 873 794 Vos
896 735 974 793 enlm
992 736 1064 811 lom,

58 817 183 882 Albam·
191 819 297 880 tumuli
306 826 398 897 otqee
409 820 482 893 luci,
493 837 557 896 cos,
570 821 704 896 inquom,
718 819 847 895 imploro
860 824 951 896 elque
961 825 1065 894 testor,

58 921 190 982 eosque,
205 901 391 965 Albanorum
406 903 533 965 obtudere
547 922 635 977 orae,
651 920 811 963 sacrorum
822 903 927 977 populi
937 900 1068 963 Romani

63 990 173 1050 comae
189 994 217 1050 et
239 989 401 1066 aequales,
423 1003 480 1045 non
500 989 672 1046 conveniant
691 984 798 1045 barbae
819 984 861 1044 illi
878 994 964 1062 atque
979 987 1065 1045 tristi·

61 1073 135 1131 tiae.
170 1070 209 1129 m
226 1072 270 1130 vir
286 1070 379 1131 civilis
396 1088 525 1148 vereque
548 1072 681 1148 sapiens,
705 1070 752 1147 qui
769 1087 801 1128 se
817 1086 873 1128 non
889 1071 991 1128 otiosis
1010 1070 1115 1132 dis-35⁴

63 1154 264 1234 putationibus
286 1154 337 1213 sed
359 1154 647 1214 administrationibus
661 1155 705 1213 rei
724 1153 858 1232 publicae
875 1153 1031 1228 dediderit,
1049 1173 1066 1213 a

65 1257 123 1318 qua
149 1239 317 1315 longissime
343 1240 405 1313 isti,
429 1242 476 1315 qui
499 1238 666 1318 philosophi
690 1246 843 1313 vocantur,
869 1246 1065 1311 recesserunt,

65 1324 173 1397 omnia,
194 1340 267 1400 quae
282 1323 318 1382 ad
331 1321 512 1381 efficiendum
526 1325 656 1382 oratione
669 1322 745 1401 quod
758 1323 943 1400 proposuerit
956 1322 1064 1396 valent,

65 1406 193 1467 libenter
209 1405 368 1467 adhibebit:
397 1424 460 1465 cum
475 1408 570 1485 prius,
587 1408 655 1485 quid
670 1407 821 1466 honestum
837 1407 888 1481 sit,
902 1406 1022 1466 efficere
1038 1407 1065 1464 in

66 1493 162 1552 animo
185 1508 238 1550 suo
261 1492 449 1550 constituerit.
492 1489 544 1549 Est
572 1492 650 1569 quod
678 1491 824 1569 principes
851 1490 969 1565 deceat,
1002 1489 1107 1553 aliis36

65 1592 126 1634 noo
142 1577 335 1634 concesseris.
370 1573 575 1652 Imperatorum
593 1593 629 1635 ac
647 1575 857 1653 triumphalium
872 1583 1005 1652 separata
1021 1582 1066 1632 est

67 1659 165 1737 aliqua
186 1677 225 1718 ex
245 1667 327 1737 parte
347 1660 420 1717 ratio
443 1658 643 1736 eloquentiae,
676 1660 750 1718 sicut
777 1658 930 1736 Pompeius
953 1657 1066 1717 abunde

68 1744 193 1804 disertus
214 1761 309 1802 rerum
330 1760 443 1801 suarum
463 1751 609 1819 narrator,
633 1751 661 1802 et
680 1743 743 1816 hic,
768 1743 816 1820 qui
837 1742 916 1801 bello
935 1742 1065 1801 civilise

68 1827 230 1902 interiecit,
250 1824 322 1885 (lato
339 1826 479 1904 eloquens
495 1836 613 1886 serrator
625 1827 686 1885 fuit.
716 1826 793 1886 Idem
810 1826 915 1885 dictum
930 1843 1020 1903 saepe
1037 1826 1105 1891 inat

69 1912 127 1972 alio
144 1910 280 1986 liberum,
303 1911 331 1969 in
347 1910 404 1971 alio
419 1910 574 1986 luriosum,
597 1912 626 1971 iu
640 1911 697 1971 alio
713 1908 868 1989 superbum
883 1918 936 1971 est.
967 1908 1065 1968 Verba

70 1996 209 2056 adversus
226 1996 468 2072 Agamemnonem
488 2013 505 2056 a
522 1995 656 2056 Thersite
678 1995 774 2056 hahita
793 1994 934 2061 ridentur;
957 1994 992 2053 da
1016 1993 1065 2052 illa

69 2079 201 2140 Diomedi
217 2080 302 2139 aliive
318 2081 363 2138 cui
379 2081 456 2157 pari:
473 2097 604 2157 magnum
622 2082 743 2139 animum
757 2080 835 2138 ferre
851 2097 921 2156 prae
937 2096 970 2136 se
984 2077 1064 2136 uide·

71 2163 183 2223 buntur.
210 2161 276 2241 Epo
291 2173 320 2223 te
337 2165 488 2225 consulem
503 2172 615 2242 putem,
632 2165 721 2243 inquit
735 2162 765 2222 h.
783 2162 905 2223 Crassus
920 2161 1064 2239 Philippo,
1146 2179 1150 2196 ‚

73 2266 140 2308 cum
149 2255 182 2308 tu
196 2266 243 2308 me
253 2266 313 2308 ooo
322 2256 412 2325 pates
422 2251 615 2309 sanctorem?
635 2249 702 2308 Vox
714 2247 936 2306 honestissimae
950 2245 1064 2305 liberta·
1186 2313 1189 2318 Α

72 2333 123 2397 tis;
139 2348 195 2389 nou
212 2340 306 2391 tamen
323 2331 416 2390 ferres
429 2349 628 2410 quemcunque
640 2333 792 2392 dicentem.
816 2330 912 2407 Negat
928 2349 959 2389 se
971 2329 1106 2406 magniag
1148 2327 1151 2336 '

72 2415 169 2475 lacere
187 2416 289 2495 aliquis
305 2424 470 2494 poetarum,
487 2425 589 2478 utrum
604 2414 723 2478 Caesar
738 2425 806 2477 oter
820 2434 861 2475 oo
878 2416 966 2477 albor
980 2413 1065 2474 bomo
1153 2419 1211 2466 *²¹

71 2502 120 2575 sil,
135 2502 257 2567 insania;
281 2509 374 2575 verte,
391 2508 422 2558 ut
437 2500 511 2559 idem
531 2498 640 2560 Caesar
656 2499 693 2559 de
707 2499 757 2559 illo
773 2500 887 2574 dixerit,
902 2498 1065 2574 arrogantia

73 2595 124 2645 est.
153 2583 244 2644 Maior
259 2586 287 2642 in
302 2586 435 2662 personis
453 2584 619 2644 observatio
634 2593 679 2643 est
694 2583 768 2661 apud
780 2584 907 2659 tragicos
923 2583 1064 2641 comicos·

74 2687 138 2747 que,
155 2668 250 2727 multis
264 2670 338 2728 enim
352 2676 467 2727 utuntur
482 2677 512 2727 et
525 2671 622 2728 uariis.
647 2666 758 2727 Eadem
773 2677 923 2741 eteorum,
941 2665 988 2743 qui
1001 2680 1064 2723 ora·

75 2755 164 2811 tiones
186 2752 249 2812 aliis
271 2750 452 2826 scribebant,
474 2753 526 2811 luit
546 2754 620 2812 ratic
637 2760 665 2812 et
681 2751 898 2812 declamantium
914 2757 968 2808 est.
1000 2744 1065 2804 Nou

76 2839 146 2896 euim
157 2855 274 2914 semper
284 2844 315 2894 ut
327 2836 459 2895 aduocati
470 2835 522 2895 sed
535 2836 705 2914 plerumque
715 2845 745 2894 ut
757 2835 918 2911 litigatores
933 2831 1062 2892 dicimus.

153 2919 261 2979 Verum
279 2922 363 2979 etiam
379 2921 407 2977 in
428 2918 472 2977 his
490 2922 600 2996 causis,
625 2915 727 2997 qhibus
749 2918 937 2990 advocamur,
966 2913 1108 2975 cadente

75 3003 232 3064 differentia
253 3004 407 3081 diligenter
429 3011 474 3062 est
495 3004 693 3064 custodienda.
724 3002 833 3062 Utimur
855 3001 928 3059 euim
948 2997 1064 3056 lictione

75 3104 257 3167 personarum
271 3096 302 3146 et
315 3088 396 3147 velut
411 3104 463 3145 ore
483 3087 577 3147 alieno
596 3089 753 3165 loquimur,
777 3085 919 3162 dandique
936 3089 1001 3141 sunt
1018 3081 1064 3153 iis,

76 3171 173 3252 quibus
198 3187 300 3230 vocem
324 3171 587 3248 accommodamus,
614 3173 658 3232 sui
683 3187 790 3232 mores.
818 3169 911 3228 Aliter
936 3165 1009 3225 enim
1033 3162 1064 3221 Ρ.

76 3255 189 3318 Clodius
214 3254 297 3313 aliter
318 3254 429 3333 Appius
452 3252 581 3332 Caecus,
602 3257 688 3317 aliter
705 3251 886 3314 Caecilianus
908 3251 958 3311 ille
980 3247 1066 3307 aliter

76 3340 259 3401 Terentianus
274 3348 357 3416 pater
373 3340 497 3415 lingitur.
524 3338 597 3412 Quid
613 3340 744 3416 asperius
760 3339 864 3399 lictore
877 3335 994 3396 Verris:
1029 3327 1067 3390 tlt

77 3426 178 3498 adeas,
195 3429 310 3483 tontum
323 3423 434 3483 dabla?
459 3422 533 3497 Quid
544 3426 647 3485 lortius
660 3422 722 3497 illo,
740 3424 820 3483 cuius
835 3424 909 3481 inter
925 3422 987 3497 ipsa
1002 3412 1108 3474 ver-40

80 3507 171 3568 berum
187 3505 329 3585 supplicia
350 3524 405 3566 uua
420 3523 479 3566 vox
496 3509 680 3570 audiebatur:
704 3505 787 3570 Cloio
805 3506 959 3569 homones
977 3497 1065 3563 sunt-⁹

81 3643 85 3649 .
116 3613 143 3651 u.
162 3613 185 3651 r.
204 3589 362 3661 peruincit
850 3587 887 3650 13
945 3611 958 3634 u
